2222 4030
274 213 391 271 186

944 205 1451 272 ANNALIUM

1824 208 1878 246 A.
1890 210 1945 246 U.
1957 209 2038 244 772.

1824 252 1877 291 A.
1896 253 1944 289 C.
1978 255 2038 288 19.

266 339 534 420 quisquis
587 357 718 395 eam
769 338 1141 413 provinciam
1196 340 1562 416 claustraque
1605 346 1805 399 terrae*
1837 365 1903 403 ac
1945 345 2125 403 maris

266 424 535 504 quamvis
560 423 680 480 levi
704 424 998 500 praesidio
1026 426 1338 481 adversum
1367 425 1633 499 ingentes
1660 429 1942 511 exercitus
1966 431 2121 487 inse-

269 512 467 570 disset.

432 593 565 655 LX.
608 592 727 652 Sed
742 591 1156 661 Germanicus,
1193 594 1463 651 nondum
1484 609 1783 673 comperto
1806 599 2125 674 profectio-

265 702 406 738 nem
432 701 562 737 eam
585 678 871 749 incusari,
903 679 1040 737 Nilo
1066 675 1502 736 subvehebatur
1526 703 1694 739 orsus
1716 684 1936 758 oppido
1963 705 1996 740 a
2011 681 2126 740 Ca·-

265 787 445 841 nop0.

529 763 865 823 Condidere
907 765 969 820 id
999 763 1276 838 Spartani
1317 766 1394 821 ob
1434 768 1728 841 sepultum
1767 769 1890 825 illic
1933 780 2126 825 recto-

200 910 208 916 ,
266 872 394 908 rem
440 850 609 907 navis
643 847 986 923 Canopum,
1055 868 1172 923 qua
1214 851 1897 924 tempestate-Menelaus
1935 852 2126 910 Grae-

264 937 421 995 ciam
458 947 726 1011 repetens
763 934 1062 989 diversum
1100 933 1175 988 ad
1207 954 1370 990 mare
1394 947 1724 1013 terramque
1746 938 1998 1015 Libyam
2022 940 2126 995 de-

267 1022 468 1081 iectus,
527 1019 673 1076 Inde
697 1019 1034 1094 proximum
1061 1019 1252 1073 amnis
1279 1039 1344 1074 os
1368 1020 1627 1077 dicatum
1639 1021 1915 1092 Herculi,
1950 1045 2126 1099 quem

268 1107 580 1181 indigenae
603 1116 798 1161 ortum
821 1103 978 1177 apud
1001 1123 1058 1158 se
1085 1114 1141 1159 et
1163 1105 1639 1180 antiquissimum
1659 1103 1973 1182 perhibent
1999 1128 2127 1164 eos-

268 1213 413 1270 que,
467 1191 572 1267 qui
607 1200 805 1264 postea
844 1187 976 1262 pari
1015 1188 1233 1245 virtute
1269 1191 1519 1260 fuerint,
1570 1192 1635 1246 in
1673 1205 2126 1265 cognomentum

267 1278 391 1335 eius
418 1275 684 1334 adscitos.
733 1294 870 1328 mox
896 1273 1034 1330 visit
1060 1285 1326 1331 veterum
1342 1272 1686 1334 Thebarum
1712 1297 1923 1351 magna
1947 1279 2127 1334 vesti-

250 1463 253 1466 *
321 1473 617 1522 claustraque
675 1471 831 1507 terrae
887 1480 943 1507 ac
994 1467 1158 1508 maris.

263 1529 380 1573 Satis
418 1525 607 1569 absurde
641 1520 828 1565 Grotius
875 1532 916 1565 et
947 1523 1158 1569 Heinsius

266 1585 475 1631 volebant
507 1579 647 1624 deleri
680 1595 791 1636 que,
835 1589 882 1622 ut
914 1597 995 1639 per
1024 1581 1158 1638 adpo-

266 1643 475 1688 sitionem
500 1641 709 1682 claustra
739 1646 896 1680 terrae
926 1654 982 1685 ac
1011 1638 1160 1680 maris

271 1699 602 1756 acciperentur.
660 1694 776 1738 Nam
801 1695 904 1738 lieet
928 1696 1159 1753 Aegyptus

265 1754 497 1815 provincia
522 1753 624 1797 satis
645 1761 746 1811 apte
770 1753 859 1796 dici
879 1753 1018 1811 possit
1042 1756 1164 1794 clau-

263 1823 368 1859 stra
400 1813 569 1868 maris,
622 1811 862 1868 quoniam,
918 1810 994 1868 qui
1030 1818 1163 1858 tenet,

265 1872 514 1933 plurimum
543 1867 664 1913 valet
695 1867 742 1910 in
780 1886 806 1909 η
826 1883 923 1919 are3
954 1867 1052 1924 quis
1080 1883 1162 1909 un-

269 1944 404 1988 quam
447 1927 562 1969 feret
607 1941 704 1968 eam
750 1925 907 1971 vocari
955 1929 1160 1967 claustra

270 1987 465 2030 terrae?
533 1983 671 2027 Cuius
720 1983 841 2025 enim
890 1991 1035 2025 terrae
1075 1982 1159 2024 nisi

266 2045 405 2102 ipsius
447 2041 673 2100 Aegypti?
756 2039 902 2082 humo
953 2043 1159 2083 claustra

269 2110 424 2145 terrae
474 2107 579 2142 sunt
627 2098 905 2140 munimenta
950 2098 996 2140 in
1038 2106 1160 2139 terra

267 2157 460 2216 Aegypti
507 2154 755 2199 continenti
802 2154 970 2211 posita;
1021 2169 1162 2212 oppo-

266 2225 441 2260 nuntur
465 2216 668 2256 claustra
691 2215 858 2263 maris,
880 2210 1160 2254 munimenta

262 2271 492 2318 'maritima
533 2271 580 2312 in
613 2285 694 2312 ora
720 2277 800 2310 ‘aut
832 2269 987 2312 insulis
1021 2269 1162 2312 collo-

266 2339 378 2376 cata.

256 2389 413 2447 'tellige
458 2383 738 2445 provinciam
779 2399 889 2426 ‘cum
939 2383 1160 2448 claustris,

265 2461 380 2514 quae
410 2444 458 2487 in
488 2459 537 2485 ea
569 2449 672 2484 sunt
704 2441 925 2484 terrestria
957 2449 998 2483 et
1030 2457 1159 2483 marl-

264 2512 388 2546 tima.
432 2501 651 2544 Claustra
673 2499 826 2540 maris
848 2499 1004 2541 eodem
1025 2514 1158 2543 sensu

267 2560 484 2604 dicuntur
539 2556 650 2599 Hist.
717 2556 759 2605 3,
816 2555 888 2598 43.
953 2559 1159 2597 claustra

263 2617 469 2673 Aegypti
490 2614 601 2658 Hist.
628 2615 669 2665 2,
694 2614 762 2656 82.
819 2614 942 2657 Suet.
973 2614 1006 2652 V
1014 2628 1155 2670 espas.

265 2691 307 2721 c.
330 2675 374 2718 7.
421 2672 481 2718 cf.
508 2672 681 2730 loseph.
708 2671 862 2729 Antiq.
889 2671 929 2722 4,
954 2670 1025 2713 37.

325 2732 438 2776 CAP.
459 2732 529 2774 60.
571 2731 679 2773 Nilo
709 2730 1058 2772 subvehebatur.
1099 2727 1160 2771 cf.

263 2798 360 2836 not.
386 2789 438 2833 ad
466 2806 505 2832 c.
527 2789 570 2830 8.
844 2816 850 2825 ,

324 2865 355 2891 a
380 2848 582 2901 Canopo.
642 2843 701 2887 cf.
730 2843 847 2886 l‘lin.
875 2845 914 2892 5,
935 2841 1007 2885 31.
1052 2841 1161 2885 Am·

263 2907 400 2949 mian.
425 2905 496 2956 22,
515 2905 586 2946 41.
631 2901 831 2943 Eustath.
858 2901 910 2943 ad
928 2901 1064 2943 Dion.
1081 2900 1160 2942 Pe-

264 2963 419 3021 rieget.
445 2979 485 3005 v.
511 2959 575 3003 13.
618 2959 778 3002 Strabo
803 2975 846 3016 p.
873 2958 972 3002 550.

322 3021 573 3062 diuersum.
635 3016 750 3058 Plin.
778 3032 845 3073 ep.
872 3018 940 3065 10,
965 3017 1032 3061 15.
1052 3029 1160 3068 pro-

253 3077 496 3136 ficiscebar
539 3078 585 3117 1'n
625 3075 860 3116 diversam
894 3075 1160 3129 provinciae

260 3141 465 3190 partem.
537 3133 623 3175 An.
665 3135 702 3182 1,
737 3131 805 3173 17.
861 3133 1071 3174 diversas
1112 3134 1160 3172 in

266 3199 436 3235 terra&
498 3190 598 3231 Vid.
623 3197 720 3230 not.
749 3187 803 3232 ad
828 3187 869 3236 3,
888 3190 931 3231 2.

324 3249 537 3291 deiectus.
619 3245 734 3288 Cod.
786 3245 886 3288 Ms.
942 3247 1157 3289 delectus.

265 3305 382 3348 Edd.
410 3303 620 3348 Beroald.
655 3302 797 3345 Rhen.
830 3319 924 3361 sqq.
958 3305 1159 3346 delatus.

265 3362 433 3407 Melius
456 3360 556 3405 edd.
581 3368 762 3402 recentt
793 3361 896 3404 inde
920 3363 972 3404 ab
998 3360 1158 3408 l,G1·o-

268 3436 379 3466 nov.
411 3420 629 3462 deiectus.
671 3415 731 3459 cf.
752 3426 850 3459 not.
883 3418 936 3460 ad
961 3418 1004 3472 4,
1025 3418 1082 3461 25
1116 3427 1158 3461 et

269 3477 341 3523 44.
376 3485 418 3520 et
449 3476 503 3519 de
537 3473 668 3526 Orat,
707 3490 747 3517 e.
781 3475 852 3516 26.
894 3474 968 3518 ubi
1002 3476 1155 3518 eadem

270 3541 336 3579 est
360 3531 586 3579 confusio.
648 3530 754 3575 Vid.
783 3539 841 3574 et.
865 3531 967 3578 Liv.
993 3532 1062 3586 23,
1082 3532 1139 3578 34

446 2328 740 2372 Provinciam
775 2329 1064 2382 claustraque
1096 2326 1162 2369 in·

1236 1466 1394 1510 Vellei.
1412 1468 1450 1516 1,
1466 1470 1504 1510 1.
1521 1469 1847 1521 Agamemnon
1871 1469 1921 1509 in
1937 1468 2126 1511 Cretam

1230 1528 1433 1567 insulam
1484 1530 1696 1568 reiectus.
1779 1526 1917 1581 Quod
1977 1536 2125 1568 autem

1232 1583 1484 1628 desiderant
1513 1591 1580 1625 esc
1610 1592 1711 1642 post
1744 1587 1969 1639 deiectus,
2019 1599 2123 1640 per-

1230 1654 1386 1697 peram
1415 1639 1604 1683 faciunt.
1682 1641 1944 1699 Requiritur
1977 1640 2125 1699 potius

1221 1698 1321 1754 fuit
1352 1695 1426 1741 vel
1459 1705 1592 1746 erat,
1633 1699 1753 1755 quod
1788 1708 1934 1740 tamen
1967 1699 2126 1740 melius

1235 1754 1476 1798 omittitur.
1539 1754 1833 1799 Germanice:
1865 1759 1936 1798 als
1962 1756 2127 1798 Mene-

1234 1815 1339 1855 laus
1386 1840 1445 1847 --
1494 1815 1797 1867 verschlagen
1842 1827 1974 1869 war,
2032 1829 2127 1856 non

1232 1872 1372 1913 ward
1394 1869 1465 1915 vel
1489 1873 1663 1914 wurde.

1288 1929 1393 1969 inde
1418 1928 1700 1983 proximum
1732 1929 1889 1974 amnis
1916 1943 1985 1971 os.
2046 1928 2126 1970 In-

1230 1985 1326 2028 tell.
1366 1994 1444 2029 est.
1516 1985 1724 2044 Plerique
1757 2003 1861 2030 cum
1895 1983 2126 2029 Gronovio

1231 2043 1347 2086 male
1369 2060 1416 2086 ex
1439 2060 1458 2086 s
1493 2059 1537 2100 q.
1560 2042 1648 2086 huc
1670 2044 1852 2086 trahunt
1878 2044 2004 2094 visit,
2051 2059 2125 2086 cu-

1231 2101 1301 2142 ius
1321 2101 1393 2143 hic
1416 2117 1476 2143 nu
1498 2101 1538 2143 la
1562 2109 1626 2142 est
1651 2101 1783 2144 ratio.
1848 2100 1973 2156 Quid
2005 2101 2124 2143 enim

1232 2158 1376 2200 amnis
1399 2175 1448 2201 os
1463 2157 1735 2201 Germanico
1752 2158 1983 2202 visendum
2002 2174 2126 2215 prae-

1232 2216 1362 2258 buit?
1439 2214 1620 2258 Scilicet
1661 2214 1958 2259 Germanicus
2002 2217 2125 2259 nulla

1234 2273 1342 2315 duni
1365 2273 1535 2320 viderat
1556 2272 1759 2315 amnium
1785 2274 1909 2318 ostia.
1970 2271 2124 2326 Quare

1231 2339 1334 2373 ante
1367 2331 1512 2374 amnis
1545 2346 1594 2372 os
1626 2337 1740 2374 stare
1780 2346 1943 2374 navem
1988 2330 2127 2381 iussit,

1231 2397 1280 2430 ut
1306 2387 1540 2445 antiquum
1578 2387 1689 2430 illud
1723 2388 1989 2431 miraculum
2021 2404 2123 2446 spe-

1230 2449 1391 2489 ctaret!
1460 2444 1523 2488 At
1556 2444 1819 2502 simpliciter
1860 2445 1931 2488 hic
1963 2444 2127 2489 Noster

1229 2502 1366 2554 dicit,
1425 2501 1683 2560 proximum
1734 2519 1757 2544 a
1799 2501 1983 2561 Canopo
2033 2518 2125 2546 esse

1229 2561 1372 2602 amnis
1393 2575 1456 2610 os,
1479 2559 1673 2602 dicatum
1687 2559 1871 2602 Herculi
1889 2569 1974 2603 etc.
2012 2558 2122 2602 Ger·

1227 2618 1461 2660 manicum
1495 2633 1576 2715 per
1607 2617 1716 2660 illud
1750 2617 1940 2660 intrasse
1968 2617 2122 2660 Nilum

1234 2690 1314 2732 per
1334 2674 1492 2718 seinte
1514 2673 1676 2729 ligitur,
1708 2674 1810 2731 quia
1831 2681 1933 2717 ante
1955 2675 2125 2718 dietum

1235 2742 1321 2774 cst:
1368 2733 1476 2774 Nilo
1511 2734 1868 2774 subvehebatur.
1940 2732 2123 2775 Frustra

1232 2790 1365 2833 etiam
1403 2788 1662 2831 Acidalius:
1715 2789 1835 2832 I'nde
1873 2792 1939 2831 ad
1976 2805 2122 2844 prox.

1232 2865 1278 2890 a.
1307 2863 1347 2889 ο.
1367 2879 1380 2898 ,
1420 2846 1802 2904 quam‘rationem
1825 2845 2020 2890 Rickless
2052 2863 2122 2890 se-

1235 2914 1364 2949 cutus
1406 2912 1471 2946 est
1514 2905 1560 2945 in
1603 2904 1692 2948 hoc
1733 2905 1836 2947 loco
1881 2903 2124 2948 vertendo:

1232 2964 1278 3006 V
1277 2977 1337 3004 on
1369 2965 1433 3003 da
1467 2961 1514 3002 in
1543 2962 1616 3002 die
1644 2964 1843 3003 nc'iehste
1864 2965 1972 3004 dem
1995 2961 2125 3004 Her-

1228 3023 1353 3064 cules
1373 3019 1621 3072 geweihete
1631 3020 1685 3061 M
1685 3021 1879 3072 iindung
1897 3022 1979 3061 des
1990 3019 2038 3061 F
2033 3021 2124 3062 lus-

1231 3093 1329 3130 seS,
1384 3080 1489 3118 der
1528 3085 1612 3118 etc.
1687 3075 1836 3130 Quis?
1885 3076 2028 3118 amnis
2065 3093 2122 3119 an

1231 3133 1482 3177 Hercules?
1541 3132 1738 3191 Reposui
1772 3141 1991 3189 punctum
2023 3144 2125 3191 post

1232 3194 1455 3240 adscitos,
1482 3189 1607 3246 quod
1630 3197 1694 3232 est
1714 3190 1760 3231 in
1788 3189 1886 3231 edd.
1909 3197 2018 3233 vett.

1288 3247 1505 3298 Herculi,
1556 3261 1706 3302 quem.
1786 3246 1857 3289 Cf.
1903 3246 2121 3292 Herodot.

1231 3306 1272 3356 2,
1292 3305 1364 3348 42.
1422 3305 1543 3347 Mela
1568 3304 1608 3351 3,
1633 3305 1674 3346 6.
1726 3303 1907 3347 Arrian.
1941 3305 1994 3347 de
2027 3307 2121 3350 reb.

1229 3363 1305 3406 Al.
1357 3362 1408 3411 2,
1469 3378 1513 3420 p.
1545 3362 1666 3405 .125.
1732 3361 1924 3404 Diodor.
1973 3364 2012 3414 1,
2049 3365 2122 3408 24.

1229 3419 1450 3470 Creuzer,
1480 3417 1684 3475 Symbol.
1709 3421 1760 3470 2,
1791 3435 1833 3477 p.
1863 3421 1962 3462 202.

1285 3477 1552 3520 Thebarum
1567 3493 1745 3532 magna
1758 3477 1964 3531 vestigia.
2004 3476 2123 3521 Stra·

1227 3534 1288 3580 bo
1323 3536 1399 3589 17,
1438 3551 1483 3593 p·
1515 3534 1613 3578 816.
1658 3543 1700 3579 et
1731 3533 2012 3594 potissimum
2044 3535 2123 3594 qui
