2222 4030
1830 236 1880 298 Αἱ
1891 261 1946 298 n.
1958 261 2043 298 768.

1828 308 1882 342 A·
1897 306 1944 342 C.
1981 309 2041 342 15.

279 267 402 326 102
900 267 906 275 “
950 259 1465 322 ANNALIUM

275 394 363 452 cie
405 393 551 467 legis
599 391 724 449 eius
771 393 1068 463 tractavit,
1132 403 1462 450 commotus
1505 389 1693 449 Cassii
1736 391 1941 454 Severi
1985 398 2129 455 libi-

153 548 157 555 ,
192 499 209 558 2
273 481 446 550 dine,
487 499 604 555 qua
636 477 796 536 viros
823 478 1187 554 feminasque
1223 478 1501 535 inlustres
1527 478 1873 553 procacibus
1901 483 2129 559 scriptis

274 565 696 622 diffamaverat.
811 584 950 620 mox
1010 562 1289 620 Tiberius
1316 607 1333 632 ,
1417 563 1784 620 consultante
1843 563 2127 643 Pompeio

273 647 482 706 Macro
515 659 782 724 praetore
810 669 887 705 an
908 648 1128 705 iudicia
1151 647 1472 704 maiestatis
1492 648 1921 706 redderentur?
1964 671 2129 709 exer-

272 736 487 790 cendas
520 735 675 808 leges
715 753 838 789 esse
872 732 1196 808 respondit.
1291 730 1471 789 Hunc
1515 754 1751 810 quoque
1789 754 2129 810 asperavere

271 819 559 889 carmina,
601 819 841 876 incertis
868 817 1206 874 auctoribus
1235 817 1474 891 vulgata
1506 818 1572 874 in
1596 819 1899 876 saevitiam
1925 840 2132 896 super-

269 905 547 982 biamque
576 904 700 961 eius
730 915 786 961 et
815 903 1146 959 discordem
1173 921 1308 957 cum
1329 914 1516 959 matre
1545 904 1826 964 animum.

387 1012 390 1014 ’
435 986 720 1048 LXXIII.
802 985 983 1044 Haud
1010 986 1237 1062 pigebit
1271 987 1492 1044 referre
1529 987 1595 1043 in
1621 987 1868 1046 Falanio
1904 1001 1962 1048 et
1995 986 2132 1050 Ru-

267 1074 430 1145 bri0,
485 1074 734 1131 modicis
769 1073 1065 1149 equitibus
1100 1069 1421 1142 Romani.S,
1470 1082 1832 1148 praetentata
1866 1076 2131 1147 crimina,

265 1171 334 1217 ut
405 1160 621 1236 quibus
678 1158 893 1228 initiis,
969 1168 1196 1234 quanta
1243 1155 1475 1214 Tiberii
1535 1168 1659 1214 arte
1719 1159 2131 1237 gravissimum
2199 1218 2201 1221 ,

267 1245 512 1302 exitium
535 1243 879 1318 inrepserit,
924 1243 1062 1299 dein
1093 1260 1426 1318 repressum
1453 1242 1556 1311 sit,
1590 1254 1887 1318 postremo
1926 1246 2133 1305 arserit

266 1342 590 1407 cunctaque
650 1328 1033 1404 corripuerit,
1109 1339 1407 1388 noscatur.
1516 1325 1764 1386 Falanio
1815 1330 2132 1388 obiiciebat

262 1426 590 1484 accusator,
634 1414 795 1490 quod
835 1414 990 1470 inter
1026 1413 1280 1470 cultores
1310 1409 1598 1486 Augusti,
1639 1414 1744 1490 qui
1781 1434 1886 1490 per
1925 1434 2130 1473 omnes

264 1499 473 1557 domos
536 1499 601 1555 in
657 1499 903 1556 modum
951 1499 1334 1573 collegiorum
1388 1493 1790 1569 habebantur,
1861 1498 2130 1558 Cassium

1287 1708 1338 1744 ut
1369 1701 1530 1758 quibus
1562 1700 1716 1744 initiis
1746 1731 1757 1743 .
1781 1731 1793 1744 .
1815 1731 1826 1744 .
1850 1733 1860 1743 .
1892 1709 2129 1746 noscatur.

1230 1759 1284 1802 Li
1320 1758 1410 1801 sius
1439 1758 1602 1801 verba:
1632 1759 1741 1800 dein
1763 1773 2034 1813 regressum
2055 1762 2128 1810 sit,

1229 1776 1370 1860 ressrt
1411 1815 1466 1859 ad
1521 1823 1725 1874 tempora
1764 1816 2029 1881 Vespasiani
2084 1826 2130 1860 et

316 1701 463 1757 specie
483 1702 592 1755 legis
613 1701 720 1746 eius.
777 1700 870 1745 Dio
894 1699 964 1751 56,
983 1701 1054 1745 27.

319 1760 474 1803 Cassii
503 1760 668 1803 Severi
693 1760 895 1802 libidine.
976 1760 1158 1809 Libido,

260 1818 458 1861 studium
490 1816 838 1859 immoderatum
864 1824 907 1859 et
930 1816 1159 1869 lascivum,

263 1877 321 1918 cf.
362 1875 403 1926 4,
435 1873 504 1917 35.
551 1877 659 1918 Non
707 1876 888 1928 attingo
942 1875 1159 1929 Graecos,

261 1947 460 1988 quorum
483 1947 579 1974 non
604 1935 742 1974 modo
766 1933 982 1984 libertas,
1015 1934 1160 1974 etiam

259 1992 400 2031 libido
443 1991 690 2044 impunita.
752 1989 800 2037 5,
837 1987 880 2033 4.
913 1990 1158 2032 libidinem

260 2046 569 2100 ingeniorum.
629 2046 747 2089 Plin.
776 2063 875 2105 epp.
908 2049 948 2099 8,
971 2048 1011 2090 6.
1038 2061 1154 2102 pro-

259 2105 452 2145 cedendi
481 2105 639 2147 libido.
703 2103 888 2147 Sueton.
918 2108 1157 2146 licentiam

202 2199 209 2202 .
261 2161 394 2212 dieit3
441 2178 524 2204 nos
570 2162 754 2212 Frevel,
808 2160 969 2204 Graeci
1017 2158 1155 2218 ὕβρις.

261 2218 320 2261 cf.
348 2219 434 2260 Dio
457 2219 484 2261 l.
514 2218 543 2261 l.
577 2218 749 2276 μαθών
775 2216 845 2262 ὅτι
866 2220 1018 2274 βιβλία
1041 2217 1156 2262 ἅττα

261 2272 340 2333 ὑφ’
364 2272 496 2333 ὕβριν
507 2279 646 2319 τινῶν
661 2273 982 2333 συγγράφοιτο
1004 2293 1046 2320 κ.
1061 2293 1099 2319 τ.
1114 2278 1156 2322 λ.

317 2349 381 2376 an
405 2334 579 2376 iudicia
599 2351 661 2377 m.
683 2338 1005 2378 redderentur.
1040 2336 1156 2377 Sue-

260 2399 356 2434 ton.
379 2391 480 2434 Tib.
514 2407 553 2434 c.
578 2392 646 2434 58.
698 2392 789 2434 Dio
811 2391 881 2440 57,
908 2393 974 2435 19.
1035 2393 1157 2442 „Iu-

259 2449 381 2490 dicia
405 2452 599 2491 reddere
620 2449 687 2491 vel
709 2453 825 2491 dare
839 2449 1003 2492 dicitur
1018 2465 1155 2508 prae-

259 2515 363 2557 tor,
388 2523 490 2549 eum
519 2515 782 2564 potestatem
814 2507 974 2564 agendi
1009 2507 1155 2551 actio-

259 2579 453 2620 nemque
480 2571 520 2606 et
543 2564 715 2607 iudices
744 2563 830 2606 dat.
884 2564 943 2619 cf.
965 2565 1010 2607 L.
1032 2566 1072 2607 1.
1093 2565 1154 2608 D.

259 2629 420 2663 nautae
455 2635 581 2677 caup.
617 2621 776 2664 stabul.
813 2621 862 2663 L.
898 2619 970 2665 21.
1003 2621 1063 2664 D.
1100 2622 1155 2664 de

258 2687 411 2735 negot.
434 2678 575 2736 gest.'’
606 2678 901 2721 strombeek.
951 2678 1009 2722 cf.
1028 2680 1069 2729 6,
1087 2681 1155 2722 11.

260 2737 340 2790 qui
357 2738 425 2777 ius
444 2739 674 2778 redderet.
721 2735 790 2784 13,
812 2736 881 2778 51.
907 2736 1014 2779 iura
1038 2740 1152 2779 red-

261 2795 440 2835 derent.

318 2850 534 2892 carmina
556 2850 744 2893 incertis
765 2851 1030 2895 auctoribus
1050 2853 1152 2893 vul-

259 2914 389 2961 gata.
451 2907 573 2950 Suet.
594 2907 692 2951 Tib.
722 2924 759 2950 c.
785 2907 854 2950 59.

319 2963 430 3008 CAP.
462 2965 532 3007 73.
605 2966 747 3008 Haud
770 2967 939 3018 pigebit
975 2965 1155 3021 referre

261 3027 346 3063 etc.
423 3022 495 3064 Ad
534 3022 624 3066 hoc
666 3031 799 3081 caput
849 3023 1154 3067 conserendus

260 3076 354 3120 Dio
376 3078 443 3130 57,
464 3081 504 3121 9.

317 3137 507 3179 modicis
541 3138 778 3192 equitibus.
851 3137 1060 3180 Modicus
1099 3137 1152 3179 de

259 3192 394 3235 bonis
428 3193 723 3251 fortunisque.
798 3194 855 3238 cf.
886 3195 977 3241 An.
1016 3197 1082 3246 11,
1111 3195 1152 3236 7.

259 3263 311 3292 se
334 3253 538 3292 modicos
559 3259 814 3295 senatores.

315 3309 649 3362 gravissimum
698 3311 908 3352 exitium.
993 3308 1151 3353 Senec-

261 3363 317 3406 de
349 3363 500 3408 benef.
523 3363 572 3416 νἓν,
596 3365 668 3407 26.
701 3367 794 3408 Sub
819 3368 1000 3409 Tiberio
1034 3367 1152 3408 Cae-

259 3435 371 3464 sare
405 3422 508 3477 suit
551 3424 807 3464 accusandi
834 3425 1061 3480 frequens
1107 3433 1152 3465 et

256 3490 405 3532 paene
434 3482 622 3533 publica
652 3481 831 3532 rabies,
874 3497 991 3536 qaae
1022 3482 1157 3522 omm·

259 3537 387 3578 civili
420 3539 542 3578 bello
577 3537 767 3591 gravius
800 3545 1014 3591 togatam
1044 3539 1148 3581 civi-

259 3600 409 3635 tatem
431 3593 627 3649 confecit
647 3602 733 3637 etc.

1229 1874 1346 1924 Titi,
1376 1872 1424 1916 in
1461 1889 1600 1930 eaque
1634 1871 1929 1932 explicatione
1960 1875 2127 1918 Brote-

1230 1932 1378 1985 rium,
1406 1929 1645 1973 Wolfium
1662 1964 1674 1983 ,
1705 1930 1814 1973 alios
1840 1931 2127 1989 acquiescere

1230 1989 1381 2033 video.
1459 1986 1658 2046 Ryckius
1699 1996 1847 2031 totum
1883 1988 2038 2032 locum
2072 1990 2127 2032 de

1229 2044 1401 2090 Tiberii
1438 2046 1690 2112 principatu
1728 2044 1905 2103 accipit.
1974 2046 2126 2091 Recte.

1229 2105 1343 2148 Nam
1403 2103 1569 2146 d1serte
1641 2102 1805 2145 Noster
1873 2103 2011 2147 dicit:
2075 2111 2129 2146 ut

1227 2168 1541 2211 noscatur,
1580 2162 1815 2216 quibus...
1839 2163 2127 2216 corripuerit.

1228 2220 1321 2261 lam
1351 2234 1458 2261 vero
1488 2217 1522 2259 si
1558 2217 1807 2275 repressio,
1849 2218 1903 2260 de
1937 2235 2022 2276 qua
2053 2220 2125 2263 lo-

1229 2276 1407 2335 quitur,
1450 2274 1503 2319 ad
1533 2274 1857 2334 Vespasianum
1893 2284 1935 2318 et
1960 2275 2127 2328 Titum,

1229 2342 1273 2376 et
1299 2348 1412 2390 quae
1439 2341 1712 2390 sequuntur,
1741 2332 1796 2374 ad
1810 2332 2126 2378 Domitianum

1227 2392 1521 2448 pertinerent,
1545 2389 1778 2448 quomodo
1797 2402 1978 2448 possent
1996 2391 2127 2435 nosci

1229 2465 1277 2491 ex
1301 2448 1389 2491 hoe
1411 2448 1658 2491 Annalium
1682 2461 1841 2504 opere,
1874 2450 1995 2506 quod
2021 2450 2127 2492 fini-

1228 2514 1302 2548 tur
1362 2506 1480 2548 exitu
1536 2504 1766 2549 Neronis?
1847 2505 1993 2548 Immo
2048 2521 2124 2549 re-

1221 2578 1444 2618 pressum
1482 2563 1546 2606 sit
1586 2562 1720 2605 etiam
1755 2562 2123 2622 coniungendurn

1228 2629 1293 2663 est
1336 2637 1440 2662 cum
1484 2620 1660 2665 verbis:
1720 2628 1900 2674 quanta
1948 2620 2128 2664 Tiberii

1226 2685 1357 2728 arte,
1410 2686 1618 2735 totusque
1670 2677 1799 2719 loeus
1845 2677 1899 2719 de
1938 2677 2124 2721 Tiberio

1226 2733 1560 2790 intelligendus,
1586 2732 1662 2792 qui
1686 2734 1768 2776 sub
1792 2733 1967 2777 initium
1990 2736 2122 2793 prin-

1228 2792 1398 2849 cipatus
1437 2792 1619 2834 exitium
1660 2790 1773 2832 illud
1814 2807 1909 2833 non
1941 2793 2123 2850 quidem

1225 2847 1484 2907 impedivit,
1546 2863 1638 2907 quo
1690 2848 1841 2890 minus
1885 2849 2125 2908 inreperet,

1224 2905 1439 2964 repressit
1468 2916 1646 2957 tamen,
1675 2921 1734 2947 ne
1765 2921 1811 2947 se
1843 2916 2025 2950 auctore
2048 2909 2123 2951 in-

1225 2963 1415 3022 repsisse
1456 2963 1713 3014 videretur,
1760 2970 1993 3018 postremo
2038 2980 2121 3008 au-

1225 3030 1313 3064 tem
1341 3021 1399 3064 ita
1431 3022 1613 3069 saeviit,
1644 3028 1695 3062 ut
1724 3029 1884 3062 cuncta
1914 3023 2120 3080 corripe-

1224 3086 1400 3122 rentur.
1476 3077 1547 3124 Cf.
1580 3077 1687 3120 infr.
1717 3077 1756 3128 3,
1786 3078 1856 3119 56.
1899 3078 2122 3131 Tiberias,

1212 3136 1362 3191 sama
1402 3135 1742 3178 moderationis
1772 3143 1939 3188 parta,
2001 3141 2122 3193 qnod

1225 3194 1482 3246 ingruentis
1501 3199 1798 3234 accusatores
1817 3203 2120 3246 represserat,

1227 3251 1374 3292 mittit
1394 3253 1572 3291 litteras
1595 3258 1681 3291 etc.
1742 3257 1786 3293 et
1807 3249 1850 3299 6,
1875 3250 1944 3294 51.
1968 3255 2116 3295 occul-

1227 3316 1326 3349 tum
1353 3339 1388 3350 ..
1405 3337 1443 3349 ..
1471 3309 1699 3350 utebatur.

1275 3434 1363 3476 per
1386 3436 1544 3464 omnes
1566 3425 1743 3464 domos.
1803 3420 2008 3479 intellige
2029 3426 2115 3466 do-

1223 3494 1327 3521 mos
1364 3478 1638 3522 familiarum
1679 3478 1962 3533 inlustrium3
2010 3497 2115 3524 nam

1218 3541 1392 3638 gamus
1413 3552 1506 3581 non
1524 3537 1637 3580 valet
1659 3536 1713 3580 de
1734 3535 1966 3594 quibusvis
1990 3538 2113 3581 aedi-

1257 3611 1322 3640 us-
