2222 4030
1678 178 1794 218 A.U.
1811 182 1997 221 affinem

1678 222 1797 260 A.c.
1834 227 1896 264 33.
1934 229 2002 268 34.

214 196 339 259 406
878 184 1400 248 ANNALIUM

217 328 428 386 Flacco
452 318 788 396 Pomponio
815 317 1022 397 Syriae
1041 325 1425 394 propraetore
1450 314 1727 374 defuncto
1763 317 2088 378 recitantur

218 409 483 472 Caesaris
511 407 792 485 ..litteram
856 405 989 481 quis
1025 400 1332 460 incusabat
1362 401 1668 475 ‚egregium
1699 423 1995 481 quemque
2030 418 2090 464 et

218 494 490 571 regendis
522 489 1185 549 ,exercitibus-idoneum
1219 486 1481 571 abnuere
1518 486 1581 545 id
1619 507 1871 558 numne,
1892 505 2089 568 'seque

221 604 287 640 ea
322 577 762 643 necessitudine*
791 577 866 632 ad
901 592 1099 651 preces
1133 571 1292 644 cogi,
1354 591 1462 647 per
1501 592 1646 648 quas
1687 575 2092 635 consularium

219 666 407 743 aliqui
441 679 736 740 capessgre
759 659 1104 737 gprovincias
1141 657 1550 731 adigerentur,
1593 658 1819 716 oblitus
1851 655 2110 729 Arrun-‚p

220 754 373 811 tium
389 797 406 820 ‚
448 769 526 806 ne
556 745 999 825 instflispaniam
1030 754 1326 819 pergeret,³
1346 743 1670 802 ,decimum
1704 745 1826 802 iam
1862 766 2094 815 annum

176 907 178 909 ,
219 823 475 895 attineri.
580 824 762 894 Gh'iit
795 833 1000 888 eodem
1036 848 1196 885 anno
1239 839 1296 886 et
1325 825 1416 888 M.
1457 827 1751 904 Lepidus,
1805 832 1881 888 de
1921 833 2092 889 cuius

216 920 626 985 moderatione
650 929 824 995 atque
853 914 1139 990 sapientia
1163 913 1238 977 in
1259 913 1563 989 prioribus
1587 914 1932 974 libr-issatis
1966 919 2094 975 col-

217 1007 431 1067 locavi.
459 1047 464 1052 -
509 1025 702 1082 neque
723 1001 1005 1058 nobilitas
1028 999 1257 1057 diutius·
1281 1000 1744 1066 demonstranda
1765 1013 1877 1060 est:
1915 1003 2096 1079 quip-

216 1089 659 1169 peAemilium·
676 1107 866 1162 genus.
891 1086 1218 1154 fecundum
1239 1085 1556 1144 bonorum
1595 1085 1848 1158 civium,
1898 1097 1955 1144 et
1989 1087 2096 1165 qui

219 1178 425 1236 eadem
441 1175 667 1235 familia
694 1171 989 1248 corruptis
1013 1171 1285 1228 moribus
1298 1217 1315 1240 ,
1361 1171 1602 1229 inlustri
1629 1182 1829 1230 tamen
1853 1173 2095 1232 fortuna

228 1283 415 1338 egere.

388 1368 703 1437 XXVIII..
738 1365 953 1428 Paullo
976 1368 1195 1440 Fabio,
1235 1365 1308 1430 L.
1331 1365 1580 1426 Vitellio
1619 1388 1763 1430 coss,
1794 1380 1929 1445 post
1955 1369 2095 1427 Idn-

158 1488 163 1492 ·
217 1480 357 1536 gum
403 1456 781 1515 saeculorum
824 1456 1117 1514 ambitum
1163 1453 1289 1510 avis
1334 1449 1597 1529 phoenix
1642 1454 1709 1511 in
1755 1450 2096 1533 Aegyptum

213 1545 384 1611 venit
419 1542 812 1619 praebuitque
843 1538 1154 1599 materiem
1195 1539 1549 1605 doctissimis
1581 1539 2003 1614 indigenarum
2040 1553 2098 1600 et

217 1629 586 1687 Graecorum
604 1629 796 1686 multa
821 1647 1000 1703 super
1026 1647 1094 1684 eo
1119 1624 1409 1682 miraculo
1437 1625 1786 1687 disserendi.
1862 1628 1934 1693 de
1961 1626 2098 1704 qui-

214 1717 327 1773 bus
375 1725 715 1788 congruunt
769 1725 828 1770 et
870 1713 1048 1792 plura
1094 1710 1373 1785 ambigua
1405 1712 1509 1767 sed
1543 1711 1786 1785 cognitu
1827 1731 1953 1769 non
1989 1714 2098 1771 ab·

217 1801 396 1859 surda
429 1816 707 1877 promere
740 1797 908 1862 libet.
992 1796 1246 1857 'Sacrum
1281 1794 1414 1854 Soli
1438 1796 1509 1875 ‚id
1543 1797 1767 1854 animal
1795 1808 1857 1856 et
1892 1819 1995 1855 ore
2028 1819 2096 1878 ac

271 2030 440 2076 Flacco
473 2027 882 2089 PomponiorSyr.
909 2043 992 2086 pr.
1060 2027 1121 2075 ef.

216 2105 340 2147 supr.
366 2105 406 2132 c.
438 2089 504 2131 11.
528 2089 682 2146 ibique
705 2097 800 2131 not.
907 2120 910 2123 -

274 2147 568 2189 exercitibus.
627 2144 706 2188 Sic
738 2145 840 2190 edd.
863 2143 968 2189 Ald.
997 2143 1121 2204 Lips.

217 2217 319 2304 ἰῆς.
349 2229 408 2251 -,-
467 2203 583 2271 Edd3
606 2202 822 2248 Beroald.
849 2203 953 2247 Alc.
974 2201 1120 2247 Rhen.

274 2261 829 2374 &lazssgZZiCch}f·not.
853 2316 909 2359 ad
933 2319 972 2369 1,
998 2315 1077 2361 13.”
1103 2357 1110 2366 ,

278 2375 512 2420 collocavi.
570 2373 648 2418 Sic
682 2374 784 2418 edd.
806 2381 918 2419 vett.
978 2373 1120 2418 Inter-

219 2441 456 2492 pretantur
496 2432 672 2481 dicere,
732 2446 1119 2481 commemorare,

221 2507 312 2548 quo
356 2493 488 2534 sen'su
526 2489 692 2532 dicitur
721 2502 903 2544 ponere
934 2488 1030 2532 Cic.
1064 2489 1121 2533 de

219 2549 323 2592 Fin.
352 2549 394 2601 2,
418 2547 491 2590 26.
545 2547 601 2589 de
625 2545 758 2605 Legg.
781 2547 822 2597 2,
843 2545 888 2589 3.
949 2546 1004 2589 de
1016 2545 1119 2590 Nat.

220 2606 363 2651 Deor.
398 2607 436 2656 1,
464 2604 538 2659 23.
644 2620 697 2647 ro
733 2601 891 2649 Caelio
922 2619 961 2647 c.
990 2603 1034 2646 7.
1072 2604 1123 2647 in

224 2664 358 2707 Verr.
384 2664 427 2714 2,
451 2661 523 2707 38.
593 2619 684 2705 Sped
716 2656 883 2705 rectius
922 2657 1122 2720 elliptice

200 2721 331 2766 'haec
363 2719 510 2779 posita
539 2719 833 2777 accipiemus,
874 2728 926 2763 ut
958 2717 1123 2762 intelli-

223 2794 380 2838 gamus
417 2779 535 2822 satis
574 2778 821 2820 verboram
860 2777 933 2820 vel
976 2775 1124 2820 simile

223 2836 332 2895 quid
367 2837 457 2891 (ich
480 2836 596 2877 habe
627 2835 956 2891 beigebracht).
1016 2833 1126 2878 Non

223 2902 375 2936 tamen
419 2893 581 2936 desunt
622 2891 830 2938 virorum
880 2891 1125 2936 doctorum

226 2949 516 2996 coniecturae
570 2949 626 2993 de
677 2949 959 2993 emendando
998 2949 1122 2994 loco.

223 3008 406 3051 Ernest.
427 3009 823 3057 commemoravi;
843 3005 998 3051 Heins.
1017 3021 1125 3050 con-

225 3065 471 3109 cumulavi
478 3083 494 3117 ,-
542 3059 701 3108 Hiller.
735 3065 971 3108 cumulavi
979 3082 996 3118 ,-
1033 3063 1125 3108 Ru·

225 3123 397 3182 pertius
420 3123 718 3165 conlaudavi.

271 3181 553 3237 secundum.
611 3179 688 3223 Sic
713 3178 813 3222 edd.
836 3177 957 3237 Lips.
1006 3177 1122 3234 foe-

226 3241 434 3282 eundum
457 3237 558 3281 edd.
583 3245 683 3278 ante
707 3236 827 3293 Lips-

286 3306 401 3351 CAP.
420 3307 492 3351 28.
552 3305 720 3350 Paullo
743 3307 919 3356 Fabio,
950 3306 1006 3350 L.
1036 3307 1087 3349 V
1081 3307 1123 3349 i·

230 3366 360 3409 tellio
402 3379 522 3408 coss.
600 3363 674 3407 De
713 3373 921 3422 tempore
961 3364 1126 3408 diversi

229 3430 336 3467 sunt
371 3438 397 3465 a
433 3422 600 3466 Nostro
630 3421 724 3464 Dio
757 3422 825 3470 58,
857 3422 929 3466 27.
1002 3421 1124 3466 Plin.

232 3484 301 3529 10,
324 3480 367 3524 2.
431 3480 614 3523 Solinus
638 3496 678 3522 c.
698 3478 768 3523 33.
796 3479 876 3538 qui
899 3496 1125 3524 consensu

229 3537 417 3583 tradunt
448 3545 554 3597 post
581 3537 818 3582 biennium
851 3537 1037 3582 demum
1061 3537 1123 3595 Q.

1190 2027 1400 2081 Plautio,
1430 2026 1530 2072 Sex.
1548 2027 1743 2087 Papinio
1769 2044 1887 2077 coss·
1908 2029 2097 2090 phoeni·

1193 2102 1296 2131 cem
1324 2087 1373 2129 in
1395 2088 1652 2145 Aegyptum
1687 2087 1878 2133 venisse.
1937 2087 2095 2144 Quare

1190 2143 1428 2204 Bipontini
1450 2153 1638 2189 censent
1657 2144 1746 2188 hoc
1765 2152 1922 2204 caput,
1947 2145 2095 2189 alien'o

1192 2201 1300 2246 loco
1326 2202 1549 2262 positum,
1588 2202 1890 2260 ablegandum
1912 2219 2008 2247 esse
2039 2202 2098 2266 ad

1194 2260 1315 2304 c.40.
1341 2267 1474 2317 atque
1494 2257 1735 2317 legendum
1753 2269 1854 2318 post
1878 2275 1930 2304 eo
1949 2275 2096 2304 anno.

1194 2316 1326 2373 Quae
1349 2325 1501 2365 tamen
1526 2318 1683 2376 opinio
1705 2318 1808 2362 satis
1837 2318 1973 2363 dubia
2001 2334 2098 2362 esse

1195 2375 1385 2418 videtur.
1443 2375 1562 2418 Nam
1586 2376 1711 2435 quod
1733 2377 1788 2420 ab
1809 2376 1948 2420 altera
1971 2385 2118 2435 parte!-

1192 2440 1284 2475 tres
1305 2440 1412 2475 sunt
1431 2441 1567 2475 testes
1593 2440 1754 2476 contra
1781 2450 1940 2486 unum,
2002 2433 2098 2476 arvi

1195 2497 1262 2531 est
1291 2488 1544 2541 momenti3·
1587 2497 1677 2532 tres
1714 2490 1779 2533 illi
1808 2490 1928 2533 haud
1993 2490 2097 2534 ubie

1193 2554 1302 2589 sunt
1333 2562 1476 2596 unus,
1504 2561 1670 2603 nempe
1692 2546 1893 2599 Plinius,
1927 2563 1978 2590 ex
2003 2559 2106 2607 quo·

1194 2619 1274 2647 sua
1310 2602 1644 2659 descripserunt
1674 2603 1769 2656 Dio
1816 2612 1859 2647 et
1893 2604 2094 2650 Solinus.

1193 2659 1283 2704 Res
1316 2659 1412 2717 ipsa
1439 2660 1534 2702 eius
1564 2659 1743 2719 generis
1767 2670 1855 2712 est,
1893 2658 1944 2706 ut
1971 2661 2099 2706 facil·

1194 2718 1301 2762 lime
1329 2718 1535 2762 diversae
1563 2732 1698 2776 super
1730 2734 1782 2761 ea
1812 2720 2096 2769 narrationes

1194 2777 1426 2833 potuerint
1460 2775 1659 2833 prodire.
1730 2775 1915 2821 Etenim
1947 2779 2098 2836 potuit

1195 2850 1296 2877 rara
1316 2833 1391 2876 illa
1413 2833 1504 2876 avis
1522 2849 1604 2891 per
1629 2833 1784 2892 plures
1802 2850 1946 2880 annos
1972 2852 2097 2894 aspe-

1197 2900 1322 2935 ctum
1366 2891 1436 2934 sui
1472 2893 1687 2949 praebere
1718 2892 1975 2952 Aegyptiis,
2016 2910 2096 2951 po-

1196 2956 1383 2992 tuerunt
1409 2948 1576 2994 diversi
1600 2959 1807 3008 tempore
1842 2960 1886 2994 et
1919 2950 2096 3009 origine

1196 3006 1344 3049 nuntii
1380 3006 1435 3049 de
1474 3005 1707 3064 phoenicis
1745 3009 2001 3066 praesentia
2044 3010 2095 3052 in

1198 3065 1359 3107 urbem
1393 3066 1562 3107 venire.
1630 3063 1874 3110 Dissensus
1906 3066 2095 3125 scripto-

1195 3137 1301 3165 rum
1332 3122 1380 3164 in
1411 3122 1491 3165 tali
1525 3137 1576 3165 re
1615 3124 1810 3165 multum
1851 3125 1996 3176 abest,
2043 3131 2096 3168 ut

1199 3180 1396 3222 offendat
1427 3196 1537 3228 nos,
1567 3189 1616 3223 ut
1636 3181 1784 3238 potius
1807 3181 2092 3231 miraremur,

1198 3237 1234 3280 si
1254 3238 1561 3280 consentirent
1580 3239 1763 3296 ubique.

1255 3321 1349 3350 ore.
1389 3310 1392 3316 '
1427 3307 1625 3352 Pichena
1672 3308 1868 3353 coniecit
1906 3313 2064 3353 colore
2077 3326 2096 3362 ,-

1195 3365 1274 3407 sed
1299 3365 1389 3408 hoc
1419 3374 1485 3408 est
1507 3366 1556 3408 in
1580 3369 1796 3410 distinctu
1810 3367 2095 3421 pinnarum3

1195 3422 1404 3466 Heinsius
1434 3426 1615 3467 decore.
1678 3423 1771 3468 Cur
1790 3441 1886 3468 non
1907 3433 1952 3468 et
1978 3429 2095 3470 ore?

1198 3479 1414 3549 Ceter'um
1434 3480 1493 3526 cf.
1509 3481 1728 3527 Herodot.
1750 3482 1793 3532 2.
1809 3481 1878 3528 73.
1902 3485 2090 3539 pimme,

1197 3552 1356 3598 πτερα.

2208 1485 2222 1730 1

2202 2221 2222 2504 2

2199 2507 2222 2660 ἐ
