2222 4030
92 154 407 286 {gagg
563 186 742 250 ΜΒ.
780 183 887 249 1v.
970 183 1165 249 CAP.
1202 187 1305 251 46.
1337 188 1443 253 47.
1809 139 1984 254 337‘

70 333 198 383 tum
228 339 436 376 rumor
470 318 784 375 incesserat
814 316 971 387 fore,
1010 327 1080 375 ut
1121 315 1350 375 disiecti
1385 318 1635 399 aliisque
1669 321 1934 380 nationi-

66 407 180 463 bus
206 403 483 481 permixti
518 403 779 459 diversas
812 401 878 458 in
912 411 1098 473 terras
1130 396 1524 466 traherentur.
1609 405 1742 464 Sed
1763 419 1931 467 ante..

67 510 247 567 quam
278 509 441 547 arma
475 488 834 563 inciperent,
894 486 1105 543 misere
1138 485 1361 559 legatos
1396 489 1716 547 amicitiam
1739 493 1933 551 'obse-

67 576 391 652 quiumque
416 583 844 629 memoraturos
874 583 931 629 et
953 589 1230 628 mansura
1255 565 1428 642 haec,
1473 574 1523 630 si
1559 576 1728 634 nullo
1769 597 1930 637 novo

66 680 245 717 onere
283 670 677 718 tentarentur:
745 656 840 712 sin
873 668 941 713 ut
973 656 1144 715 victis
1190 656 1496 714 servitium
1552 660 1931 736 indiceretur,

73 765 196 802 esse
228 745 344 801 sibi
378 745 602 801 ferrum
628 752 685 799 et
712 741 1078 799 iuventutem
1102 753 1161 801 et
1179 752 1523 817 promptum
1542 744 1804 805 libertati
1828 761 1931 808 aut

64 832 142 887 ad
163 840 416 886 mortem
439 826 722 886 animum.
810 825 1003 884 Simul
1032 825 1264 883 castella
1299 826 1549 903 rupibus
1580 830 1770 889 indita
1806 834 1944 892 col--

66 915 332 991 latosque
358 913 500 970 illuc
522 922 793 988 parentes
815 922 872 969 et
897 912 1174 986 coniuges
1193 912 1565 970 ostentabant
1590 915 1936 998 bellumque

64 999 418 1077 impeditum
431 1044 447 1068 ,
490 998 746 1056 arduum
760 1041 777 1068 ,
820 1009 1132 1056 cruentum
1158 997 1606 1061 minitabantur.

235 1094 483 1157 XLVII.
551 1093 634 1155 At
657 1095 916 1154 Sabinus
949 1097 1139 1153 donec
1171 1096 1455 1156 exercitus
1478 1096 1543 1154 in
1566 1117 1758 1155 unum
1786 1121 1931 1159 con-

64 1187 303 1242 duceret
351 1183 503 1241 datis
543 1182 790 1239 mitibus
833 1181 1159 1256 responsiS,
1213 1194 1526 1259 postquam
1564 1180 1930 1260 Pomponius

62 1269 263 1331 Labeo
309 1289 341 1326 e
389 1266 619 1325 Moesia
664 1288 799 1324 cum
842 1267 1108 1340 legione,
1157 1287 1259 1324 rex
1299 1263 1747 1327 Rhoemetalces
1792 1291 1929 1328 cum

62 1355 296 1415 auxiliis
328 1352 736 1430 popularium,
776 1352 882 1429 qui
905 1352 1081 1408 fidem
1104 1371 1229 1409 non
1251 1364 1652 1424 mutaverant,
1691 1375 1930 1428 venere,

63 1441 262 1499 addita
286 1438 579 1515 praesenti
608 1441 777 1513 copia
803 1438 878 1494 ad
905 1432 1135 1494 hostem
1161 1438 1352 1513 pergit
1387 1440 1776 1515 compositum
1807 1442 1929 1500 iam
1997 1486 2001 1489 -

0 1547 1 1551 ’
61 1546 168 1603 per
212 1524 508 1599 angustias
555 1523 831 1583 saltuum.
942 1524 1188 1599 quidam
1230 1524 1543 1582 audentius
1590 1526 1806 1601 apertis
1861 1529 1927 1585 in

62 1611 314 1669 collibus
347 1609 717 1665 visebantur:
761 1627 909 1686 quos
938 1609 1059 1665 dux
1083 1606 1396 1666 Romanus
1432 1610 1555 1666 acie
1593 1612 1929 1686 suggressus

55 1692 224 1755 -haud
250 1714 420 1770 aegre
440 1694 669 1769 pepulit
690 1694 974 1768 sanguine
1005 1694 1393 1752 barbarorum
1414 1694 1647 1752 modico
1678 1698 1756 1755 ob
1787 1719 1930 1774 pro-

60 1782 284 1859 pinqua
308 1781 578 1854 suffugia.
664 1777 808 1837 Mox
837 1778 1040 1836 castris
1063 1778 1128 1835 in
1159 1779 1290 1837 loco
1315 1781 1698 1838 communitis
1731 1771 1929 1844 valida

60 1887 244 1926 manu
277 1876 542 1924 montem
575 1876 820 1940 occupat
857 1875 1171 1938 angustum
1206 1877 1263 1923 et
1298 1866 1529 1944 aequali
1570 1867 1746 1925 dorso
1784 1889 1929 1927 con-

60 1953 299 2012 tinuum
327 1972 512 2029 usque
536 1951 609 2008 ad
646 1950 984 2025 proximum
1020 1949 1355 2021 castellum,
1393 1952 1555 2028 quod
1589 1971 1805 2027 magna
1837 1955 1928 2014 vis

59 2050 285 2098 armata
322 2049 425 2095 aut
472 2036 778 2094 incondita
818 2036 1122 2093 tuebatur:
1184 2035 1363 2093 simul
1401 2036 1467 2092 in
1507 2038 1924 2112 ferocissimos,

59 2125 166 2204 qui
191 2135 326 2181 ante
355 2121 579 2179 vallum
604 2141 771 2178 more
798 2121 987 2194 gentis
1015 2141 1150 2178 cum
1175 2121 1537 2180 carminibus
1563 2132 1620 2180 et
1647 2123 1927 2200 tripudiis

57 2209 497 2287 persultabant,
559 2206 744 2264 mittit
802 2206 1058 2263 delectos
1103 2206 1559 2279 sagittariorum.
1668 2208 1714 2265 ii
1777 2211 1926 2270 dum

57 2294 292 2362 eminus
324 2293 772 2369 grassabantur,
822 2292 1026 2349 crebra
1074 2301 1131 2349 et
1173 2291 1365 2351 inulta
1404 2291 1655 2350 vulnera
1705 2295 1920 2356 fecere:

112 2516 325 2560 asverus
346 2514 397 2557 in
421 2520 593 2557 terras.
651 2511 825 2557 Eodem
846 2524 947 2557 sen·
1025 2520 1155 2571 pont.
1179 2519 1224 2555 et
1246 2525 1391 2571 nuper
1412 2512 1758 2559 L'unemannust
1783 2530 1924 2573 quum

57 2590 111 2620 m
136 2577 173 2627 1,
199 2572 267 2617 17.
1111 2583 1291 2612 venere.
1358 2568 1583 2613 Rekkerus
1618 2578 1662 2614 et
1693 2571 1924 2620 Naudetus
1972 2598 1986 2612 ς

115 2649 426 2690 gemm-entur,
485 2641 600 2685 Ed&
627 2640 839 2686 gemam,
856 2641 953 2686 Alc·
1025 2626 1235 2670 Beroaldi
1250 2625 1518 2684 scripturam
1532 2628 1741 2674 retinent.
1774 2631 1924 2679 Kiesg.

61 2709 433 2759 temptat-entur.
465 2708 515 2743 ut
533 2715 677 2758 saepe.
1026 2683 1190 2742 lingius
1207 2690 1477 2740 postquam.
1812 2705 1819 2714 ·

117 2774 230 2819 CAP.
252 2771 324 2815 47.
377 2776 630 2826 postquam
652 2801 663 2812 .
679 2800 712 2812 ..
729 2800 740 2812 .
767 2781 952 2811 venere.
1083 2780 1264 2820 magna
1283 2767 1349 2810 υίε
1361 2771 1557 2811 armata
1570 2771 1657 2812 aut
1671 2771 1925 2819 abcondita.

59 2831 175 2878 Cod.
231 2830 335 2874 MS.
388 2835 487 2871 test.
542 2826 630 2870 lac.
687 2826 954 2869 Gronovius
1025 2822 1082 2867 Η.
1110 2840 1148 2866 e.
1174 2840 1331 2889 magna
1354 2822 1435 2876 vis,
1467 2825 1596 2870 cuius
1621 2825 1706 2871 alia
1726 2844 1827 2888 pars
1846 2846 1925 2876 ar.

42 2883 50 2889 *
90 2886 472 2937 uam...vem're‚
500 2892 655 2942 aperto
679 2880 800 2926 vitio.
844 2882 953 2927 lude
1026 2888 1166 2929 mata.
1207 2882 1290 2924 aba
1322 2881 1572 2927 incondita.
1640 2883 1702 2929 cs.
1737 2894 1833 2931 not.
1865 2887 1922 2934 ad

98 2944 270 2991 eroald.
304 2959 400 3003 sqq.
433 2941 603 2986 secere:
644 2943 758 2983 dum
782 2968 795 2984 .
812 2972 824 2984 .
840 2971 852 2984 .
876 2955 952 2982 ve·
1030 2942 1066 2989 1,
1088 2938 1129 2981 8.
1151 2938 1233 2982 sub
1257 2954 1332 2983 vv.
1355 2940 1632 2995 legionariis
1653 2950 1738 2987 aut
1760 2945 1922 2990 cohor·
1987 2952 2032 2994 Q

57 3006 206 3053 nitet.
255 3018 349 3045 non
402 2999 505 3043 satis
548 2997 757 3043 feliciter.
838 2997 950 3042 Nam
1026 2998 1164 3039 cibus.
1227 2995 1468 3054 Pet-peram
1490 2996 1732 3045 Rhenanus
1762 3002 1920 3047 conie-

56 3066 207 3108 donec
223 3093 235 3104 .
252 3088 264 3104 .
281 3091 293 3104 .
307 3062 578 3102 conduceret
602 3065 642 3100 et
667 3061 782 3098 dum
797 3082 856 3100 ...
873 3071 951 3099 ve·
1027 3053 1111 3097 cit:
1144 3061 1196 3095 at
1222 3054 1474 3107 abcondita,
1498 3070 1633 3114 quem
1656 3059 1794 3103 secuti
1818 3070 1923 3105 sunt

57 3122 182 3163 πίνει
215 3134 308 3161 non
343 3124 531 3174 possunt
567 3113 625 3157 ita
656 3131 700 3156 se
735 3113 951 3172 excipere.
1025 3109 1326 3177 Aldffllieyn.
1349 3119 1390 3154 et
1411 3113 1921 3171 nuperStrombeekius.

32 3175 237 3222 {Deinde
259 3175 349 3218 duo
375 3173 573 3217 subiecta
599 3171 882 3226 Pomponiam
910 3180 954 3214 et
1024 3168 1120 3213 Nec
1159 3167 1318 3212 melius
1352 3168 1606 3215 paschalius
1641 3187 1746 3217 cum
1777 3173 1915 3219 Hein-
1952 3222 1961 3228 ,

32 3233 415 3279 *Rhoemetalces
458 3228 698 3288 poscebant
733 3231 954 3279 venirene,
1027 3226 1095 3269 sio
1123 3224 1332 3272 volebat:
1374 3228 1503 3271 haud
1529 3243 1613 3287 pro
1646 3238 1746 3275 aue.
1806 3230 1920 3277 Sae—

58 3307 153 3336 „00
197 3290 390 3333 veniret,
458 3287 519 3332 cs,
555 3294 647 3329 not.
692 3286 743 3329 ad
783 3285 848 3335 13,
884 3287 951 3330 12.
1026 3281 1125 3342 pius
1167 3283 1255 3326 iam
1299 3283 1492 3329 vidimuo
1536 3285 1801 3344 particulam
1836 3297 1924 3333 aut

33 3349 76 3395 11
110 3349 198 3392 itur
215 3345 354 3403 magi»
375 3344 431 3390 ad
446 3344 659 3388 cod.Ms.
677 3344 851 3401 vestigia
866 3342 952 3387 lac.
994 3338 1258 3391 ,molestam
1293 3357 1386 3385 esse
1414 3341 1532 3387 inter
1565 3343 1759 3390 retibunz
1797 3354 1921 3393 reete

34 3414 38 3443 '-
106 3403 324 3450 ronovitn
376 3401 640 3462 propo-uit:
698 3409 951 3457 postquam
1026 3405 1174 3442 tannen
1201 3396 1273 3442 hic
1294 3399 1518 3445 retinuere
1581 3400 1662 3459 ips.
1686 3418 1786 3464 sqq.

36 3495 123 3511 ,...
147 3475 331 3506 venere.
398 3458 573 3502 Vitium
605 3458 714 3502 oriri
749 3457 894 3517 potuit
927 3475 950 3501 e
1083 3469 1251 3511 inulta.
1308 3468 1387 3513 sic
1408 3469 1512 3513 edd.
1538 3476 1642 3515 vett.
1668 3479 1709 3515 et
1730 3481 1921 3521 reeentt.
1968 3490 2009 3532 ρ

57 3531 328 3591 compendio
351 3530 598 3588 scripturae
616 3517 814 3584 Jaequam.
870 3526 947 3571 Bi-
1026 3523 1167 3580 Quod
1185 3525 1391 3587 Lipsiana
1413 3525 1583 3582 ultima,
1609 3526 1921 3587 Gronoviaua,

138 3600 384 3653 Ticms
423 3595 464 3646 l·
1173 3586 1231 3646 Y
