2222 4030
1772 233 1826 272 A.
1840 237 1892 272 U.
1912 239 1994 273 772.

1776 279 1837 314 A.‘
1851 280 1898 318 C.
1931 284 1996 319 19.

236 242 355 299 198
885 216 1410 298 A‘NNALIUM

230 381 398 440 „tem
441 366 747 438 movebat,
811 365 1274 423 inlacrimabunt
1325 367 1626 441 quondam
1672 368 1981 428 florentem
2030 385 2088 431 et

229 498 261 525 ‚‚
274 467 362 514 tot
417 453 713 510 bellorum
767 453 1137 527 superstitem
1194 451 1473 508 muliebri
1524 453 1732 510 fraude
1795 457 2091 518 cecidisse.

228 536 409 609 „Erit
453 538 625 595 vobis
666 538 830 594 locus
877 536 1164 614 querendi
1211 539 1367 610 apud
1413 550 1707 608 senatum,
1770 540 2088 599 invocandi

228 670 263 694 „
274 625 444 698 leges,
526 622 666 679 Non
687 619 800 679 hoc
821 624 1204 697 praecipuum
1230 622 1553 678 amicorum
1576 645 1792 681 munus
1829 638 1914 682 est
1947 649 2089 702 pro-

229 708 443 786 „sequi
474 709 817 765 defunctum
849 709 1059 781 ignavo
1086 717 1321 780 questu,
1365 709 1467 763 sed
1492 715 1640 784 qu'ae
1674 712 1931 769 voluerit
1964 733 2091 768 me—

227 794 540 864 „minisse‚
584 813 731 870 quae
760 791 1130 848 mandaverit
1169 793 1421 868 exsequi.
1507 795 1736 851 flebunt
1769 794 2090 854 Germani-

226 899 406 949 „cum
431 879 607 960 etiam
630 879 842 952 ignoti:
884 875 1263 932 vindicabitis
1295 897 1427 946 voS,
1471 878 1521 933 si
1551 900 1643 935 me
1678 882 1874 954 potius
1911 905 2090 959 quam

226 965 571 1035 „fortunam
603 983 795 1018 meam
829 961 1135 1019 fovebatis,
1230 957 1541 1018 Ostendite
1565 966 1784 1039 populo
1811 965 2091 1026 Romano

225 1050 398 1120 „divi
418 1045 672 1122 Augusti
706 1060 941 1121 neptem
976 1047 1340 1122 eandemque
1368 1048 1679 1121 coniugem
1710 1071 1928 1107 meam:
1975 1073 2090 1109 nu-

225 1146 489 1205 „merate
537 1155 633 1189 sex
686 1133 922 1189 liberos,
1026 1131 1431 1189 misericordia
1494 1154 1629 1189 cum
1684 1138 2092 1194 accusantibus

226 1265 259 1291 ,‚
275 1220 409 1277 erit:
465 1219 936 1293 fingentibusque
973 1217 1211 1272 scelesta
1243 1220 1521 1274 mandata
1555 1230 1657 1276 aut
1691 1236 1815 1277 non
1853 1225 2093 1281 credent

227 1300 545 1375 „homines
573 1314 674 1358 aut
700 1323 823 1357 non
857 1301 1209 1375 ignoscent.”
1295 1301 1570 1359 Iuravere
1612 1306 1788 1362 amici
1825 1308 2090 1365 dextram

225 1389 534 1446 morientis
593 1387 997 1461 contingentes
1053 1387 1325 1463 spiritum
1379 1400 1514 1445 ante
1573 1411 1751 1467 quam
1798 1394 2091 1451 ultionem

229 1493 565 1532 amlssurOS.

390 1581 641 1643 LXXII.
729 1583 891 1642 Tum
940 1585 1014 1641 ad
1058 1605 1303 1640 uxorem
1348 1605 1551 1643 versus
1599 1608 1708 1663 per
1740 1591 2090 1648 memoriam

225 1671 344 1740 sui,
417 1691 523 1746 per
563 1690 903 1726 communes
952 1670 1171 1725 liberos
1223 1671 1443 1740 oravit,
1512 1685 1747 1730 exueret
1792 1676 2090 1747 fero-ciam,

225 1756 506 1813 saevienti
541 1757 813 1812 fortunae
838 1755 1208 1812 submitteret
1240 1755 1532 1826 animum,
1575 1777 1695 1814 neu
1729 1780 1989 1834 regressa
2025 1763 2091 1818 in

222 1841 848 1899 urbemaemulatione
875 1839 1172 1916 potentiae
1203 1841 1516 1897 validiores
1554 1842 1841 1905 inritaret.
1927 1844 2089 1904 Haec

223 1927 421 2002 palam
469 1937 526 1982 et
575 1927 691 1983 alia
727 1939 978 1994 secreto,
1047 1945 1154 2000 per
1193 1946 1342 2002 quae
1390 1929 1697 1985 ostendere
1743 1933 2091 1990 credebatur

222 2023 447 2069 metum
484 2033 552 2068 ex
585 2011 847 2071 Tiberio,
931 2010 1139 2087 Neque
1177 2012 1364 2068 multo
1400 2024 1534 2087 post
1568 2014 1955 2089 exstinguitur
1994 2018 2091 2074 in-

224 2097 383 2171 genti
425 2098 590 2154 luctu
636 2097 975 2172 provinciae
1022 2107 1080 2153 et
1125 2096 1666 2155 circumiacentium
1708 2103 2090 2177 populorum.

281 2315 513 2357 movebat.
592 2312 782 2371 Saepius
810 2314 997 2365 Noster,
1039 2330 1131 2369 rie-¹
1265 2322 1438 2370 questu.
1541 2316 1625 2360 Ed.
1676 2316 1869 2363 Bekkeri
1926 2320 2089 2368 vitiose

223 2370 369 2430 gle‘cta
429 2370 796 2428 praecedentium
858 2371 1123 2414 considera·
1193 2380 1406 2429 quaestu.

224 2431 372 2478 tione,
430 2430 621 2471 verbum
664 2445 712 2471 ea
750 2428 899 2471 forma
934 2428 1122 2480 exbibet,
1248 2432 1444 2473 scelesta
1504 2436 1755 2478 mandata.
1845 2435 1908 2480 cf.
1964 2452 2087 2495 supr.

226 2503 313 2547 qua
337 2485 585 2545 requiritur
606 2486 658 2528 ad
683 2484 935 2529 subiectum
963 2485 1122 2544 proxi-
1193 2503 1233 2530 c.
1255 2486 1328 2529 43.

223 2561 368 2588 mum.

223 2617 310 2661 que
334 2610 428 2645 not.
459 2599 564 2644 infr.
591 2601 722 2652 4,-49.
751 2608 1047 2655 peremerat,
1078 2609 1121 2644 et

223 2668 320 2702 not.
344 2659 396 2702 ad
421 2661 459 2710 1,
489 2660 554 2701 10.
578 2659 660 2702 sub
683 2658 828 2700 verbo
851 2660 1120 2702 abstulerat.

221 2717 409 2759 Movere
446 2716 520 2759 hic
553 2724 617 2759 est
650 2715 922 2759 vocabulum
957 2718 1118 2770 μέσον.

223 2773 339 2816 Nam
361 2774 646 2832 propinquus
669 2773 848 2830 sanguis
870 2782 1022 2816 movet
1042 2791 1120 2817 ca-

222 2831 422 2883 ritatem,
468 2847 565 2889 spes
604 2837 753 2872 movet
789 2831 989 2875 studium
1017 2847 1122 2889 erga

224 2887 443 2945 aliquem,
475 2888 644 2932 invidia
670 2903 781 2932 vero
808 2888 978 2932 odium.
1031 2887 1121 2931 Sed

225 2944 412 2989 confidit
451 2945 654 2989 homines
698 2960 972 3003 quocunque
1017 2961 1122 3004 erga

224 3017 272 3046 se
300 3002 530 3049 viventem
551 3002 732 3047 adfectu
757 3002 1120 3046 inlacrimaturos

441 2543 501 2587 Cf·
540 2559 581 2586 C·
610 2543 683 2586 59·
716 2543 999 2598 insculptum
1031 2542 1121 2586 ibi·
1247 2561 1476 2600 dextram
1519 2561 1766 2604 morientis
1811 2565 2086 2618 contingen-

1193 2621 1275 2658 tes.
1355 2615 1472 2673 Apte
1512 2617 1686 2675 Lipsius
1737 2619 1884 2664 adfert
1933 2619 2087 2666 locum

1190 2672 1400 2730 Xenoph.
1425 2673 1529 2730 Cyr.
1552 2677 1595 2724 8,
1619 2677 1658 2728 7,
1683 2677 1755 2720 26.

1259 2742 1372 2785 CAP.
1412 2744 1483 2786 72.
1579 2755 1776 2789 exueret
1823 2749 2085 2805 ferociam.

1194 2800 1252 2844 cf.
1282 2803 1319 2851 1,
1341 2800 1410 2844 33.
1470 2802 1549 2846 Sic
1575 2805 1683 2861 Agr.
1714 2822 1756 2848 c.
1778 2807 1818 2850 9.
1843 2809 2089 2853 tristitiam

1192 2867 1238 2900 et
1253 2861 1586 2912 adrogantiam
1607 2871 1649 2904 et
1670 2866 1926 2908 auaritiam
1950 2882 2087 2911 exue·

1190 2924 1283 2959 rat.

1245 2988 1550 3032 submitteret.
1598 2989 1675 3033 Sic
1697 2991 1797 3035 edd.
1821 2991 1939 3050 Lips.
1960 2994 2086 3040 Pich.

218 3067 322 3103 esse
346 3068 432 3104 etc.

284 3181 354 3218 tot
389 3176 620 3217 bellorum
649 3174 966 3228 superstitem.
1043 3174 1121 3218 Sic

225 3232 335 3289 Agr.
359 3248 400 3276 c.
423 3231 468 3277 3,
500 3246 599 3273 non
623 3236 760 3274 modo
782 3232 1010 3280 aliorum,
1038 3235 1122 3275 sed

227 3292 372 3334 etiam
419 3291 574 3332 nostri
619 3290 890 3344 superstites
940 3303 1117 3332 sumus.

229 3346 327 3390 Cic.
353 3345 414 3402 Q.
440 3347 514 3390 Fr.
550 3348 588 3394 1,
613 3345 655 3389 3.
691 3347 887 3389 Utinam
917 3355 986 3395 te,
1005 3347 1122 3403 fra-

229 3411 326 3456 ter,
360 3419 455 3446 non
481 3406 635 3447 solum
667 3404 814 3455 vitae,
855 3408 940 3446 sed
973 3406 1122 3448 etiam

227 3460 480 3515 dignitatis
508 3475 639 3504 meae
677 3462 974 3515 superstitem
1009 3465 1122 3506 reli·-

229 3521 452 3574 quissem.
525 3516 796 3563 Ramshorn.
827 3517 909 3563 Gr.
946 3523 990 3576 §.
1021 3520 1119 3564 107.

229 3577 289 3632 5.)
319 3593 363 3635 p.
386 3576 467 3620 177
486 3591 552 3634 sq.

1190 3059 1288 3101 sqq.
1320 3048 1637 3089 summitteret
1657 3049 1758 3092 edd.
1784 3059 1885 3093 ante
1900 3051 2015 3110 Lips.
2044 3061 2088 3096 et

1191 3102 1309 3158 Lips.
1330 3105 1488 3161 prima.

1245 3188 1335 3227 per
1364 3189 1484 3230 quae
1511 3205 1523 3217 .
1544 3205 1557 3218 .
1581 3206 1592 3219 .
1624 3189 1688 3217 ex
1710 3174 1918 3222 ‘Tiberim
1993 3181 2087 3224 Per

1191 3246 1308 3287 quae
1343 3247 1404 3273 sc.
1437 3247 1548 3288 quae
1585 3241 1758 3276 secreto
1803 3251 1906 3278 cum
1946 3255 2086 3282 uxore

1192 3287 1555 3332 communicavit.
1647 3297 1892 3336 ostendere
1943 3296 1985 3339 h.
2044 3313 2084 3341 e.

1194 3355 1294 3389 ante
1361 3343 1520 3388 oculos
1586 3364 1773 3405 ponere.
1863 3356 2083 3396 credeba-

1195 3410 1297 3454 tur,
1340 3418 1403 3446 sc.
1438 3404 1493 3446 ab
1526 3405 1704 3458 amicis,
1745 3408 1822 3465 qui
1855 3409 2086 3454 discedere

1192 3460 1298 3504 iussi
1322 3460 1505 3504 interim
1526 3462 1807 3508 rimabantur
1828 3482 1876 3510 ea
1897 3476 2082 3513 secreta.

1193 3527 1371 3562 metum
1391 3517 1435 3561 h.
1459 3535 1496 3562 e.
1519 3519 1720 3577 pericula
1748 3538 1771 3565 a
1793 3521 1977 3569 Tiberio
2008 3526 2083 3569 in·

1192 3575 1367 3621 stantia.
1428 3575 1488 3620 cf.
1514 3585 1611 3621 not.
1635 3578 1691 3621 ad
1714 3578 1753 3630 1,
1772 3580 1845 3623 40.
