2222 4030
15 2420 18 2422 .
91 2380 338 2434 {uscunque
354 2410 366 2428 ‚

0 2437 5 2442 ”
94 2439 357 2494 ᾳυίωηᾳυε.
417 2436 478 2482 es.
518 2443 577 2478 61.
615 2444 710 2479 not.
737 2435 792 2478 ad
819 2434 930 2478 uisi.
961 2438 998 2488 1,

184 263 240 298 A.
254 258 307 296 U.
324 255 409 293 767.

185 305 241 340 A.
258 302 307 340 C.
346 304 410 338 1⁴.

667 258 842 326 LIB'.
888 256 937 323 1.
1021 249 1218 323 CAP.
1257 263 1319 323 6.
1358 263 1420 324 7.
1892 262 1975 329 ‚13

99 416 217 474 qne
251 391 555 470 Augustus
601 390 680 448 de
717 388 988 448 moribus
1026 389 1419 448 adulescentis
1458 359 1697 469 questus
1708 435 1729 462 ,
1770 400 1840 450 ut
1871 354 1997 448 ex}³

102 482 304 539 silium
344 482 477 539 eius.
501 488 738 537 senatus
760 477 1032 536 consulto
1066 475 1395 533 sanciretur
1408 521 1425 546 ,
1478 477 1829 552 perfecerat:
1876 495 1975 534 66-

99 579 295 624 terum
327 567 391 623 in
415 563 641 621 n'ullius
662 581 930 638 unquam
961 579 1206 618 suorum
1230 569 1435 618 necem
1470 563 1736 633 duravit,
1768 576 1973 639 neque

99 664 352 708 mortem
389 648 593 724 nepoti
636 667 744 723 pro
781 647 1089 704 securitate
1120 646 1380 723 privigni
1413 645 1658 703 inlatam
1691 646 1977 706 credibile

105 748 248 796 erat.
343 734 591 811 propius
634 752 775 789 vero
818 730 1132 790 Tiberium
1180 751 1246 788 ac
1277 730 1543 801 Liviam,
1590 732 1765 791 illum
1792 736 1977 810 metu,

98 818 252 878 hanc
285 818 701 877 novercalibus
737 818 926 888 odiis,
979 818 1234 894 suspecti
1271 828 1328 874 et
1360 815 1542 874 invisi
1574 816 1806 876 iuvenis
1842 816 1976 880 cae-2,

100 908 237 963 dem
276 905 657 964 festinavisse.

100 1098 222 1135 sese
254 1089 311 1135 et
336 1076 632 1133 rationem
661 1075 802 1131 facti
831 1074 1197 1131 reddendam
1230 1074 1389 1150 apud
1427 1084 1697 1131 senatum
1728 1093 1978 1150 respon-

97 1164 202 1222 dit.
308 1161 490 1235 Quod
539 1172 852 1237 postquam
888 1158 1204 1233 Sallustius
1243 1157 1488 1235 Crispus
1539 1157 1832 1235 particeps
1884 1178 1977 1216 se·-

99 1259 395 1305 cretorum
435 1244 514 1324 (is
543 1248 619 1303 ad
661 1246 972 1302 tribunum
1006 1246 1250 1304 miserat
1288 1243 1620 1324 codicillos)
1667 1244 1974 1322 comperit,

93 1344 364 1389 metuens
404 1352 480 1388 ne
515 1351 652 1388 reus
684 1331 1068 1399 subderetur,
1123 1331 1284 1389 iuxta
1325 1331 1659 1408 periculoso
1703 1331 1837 1388 ficta
1870 1349 1975 1388 seu

94 1438 234 1474 vera
272 1428 595 1493 promeret,
652 1415 889 1472 monuit
922 1415 1187 1488 Liviam,
1240 1436 1316 1473 ne
1354 1437 1568 1474 arcana
1603 1418 1845 1487 domuS,
1896 1435 1976 1472 ne

96 1503 343 1560 consilia
406 1502 766 1572 amicorum,
844 1500 1176 1559 ministeria
1244 1502 1507 1560 militum
1567 1502 1976 1577 vulgarentur,

96 1609 244 1645 neve
286 1587 567 1646 Tiberius
606 1587 732 1643 vim
771 1586 1141 1662 principatus
1175 1589 1496 1646 resolveret
1528 1599 1738 1646 cuncta
1778 1587 1855 1644 ad
1884 1607 1978 1644 se·-

95 1686 304 1732 natum
340 1674 634 1730 vocando:
692 1692 822 1729 eam
858 1673 1264 1729 conditionem
1307 1693 1428 1730 esse
1474 1673 1846 1750 imperandi,
1907 1682 1977 1731 ut

94 1780 221 1817 non
246 1760 417 1816 aliter
442 1759 593 1816 ratio
620 1768 876 1828 constet,
920 1779 1100 1835 quam
1123 1760 1174 1815 si
1199 1759 1307 1816 uni
1331 1759 1631 1818 reddatur.

258 1853 398 1915 VII.
463 1851 545 1913 At
577 1853 807 1913 Romae
849 1875 1021 1911 ruere
1060 1855 1125 1910 in
1163 1856 1474 1912 servitium
1511 1855 1810 1925 consules,
1862 1874 1977 1930 <pa-

96 1954 242 2009 tres‚
298 1960 502 2017 eques:
564 1951 786 2019 quanto
836 1940 969 2016 quis
1015 1940 1355 2012 inlustrior,
1410 1953 1575 1998 tanto
1613 1940 1802 2021 magis
1842 1939 1978 1997 falsi

93 2047 160 2084 ac
216 2026 588 2096 festinante5‚
655 2026 944 2103 vultuque
996 2027 1352 2102 composito,
1416 2047 1493 2083 ne
1548 2026 1690 2084 laeti
1739 2045 1976 2083 excessu

93 2206 219 2248 idem
241 2205 514 2260 prodigium
549 2204 878 2255 nuntiaretur,
911 2203 995 2259 se-
1068 2203 1224 2249 habete
1282 2204 1619 2252 condicionem.
1710 2202 1800 2248 Sed
1854 2202 1976 2248 idem

93 2266 193 2307 riae
233 2279 320 2318 per·
370 2277 539 2305 novem
582 2263 680 2304 dies
726 2270 995 2316 agerentur.
1071 2279 1110 2306 6.
1156 2262 1228 2307 56.
1282 2262 1630 2307 conditionibus.
1707 2262 1767 2307 cf.
1817 2262 1978 2306 Ram&

96 2321 218 2364 Idem
254 2324 286 2372 Ι,
313 2321 386 2365 24.
427 2322 639 2373 cuiusque
666 2319 771 2362 dicit
804 2335 885 2377 pro
915 2335 997 2362 cu·
1069 2319 1204 2364 horn.
1236 2319 1319 2365 Gr.
1351 2321 1392 2377 §.
1423 2319 1491 2365 15.
1523 2338 1567 2382 p.
1600 2320 1668 2364 17.
1690 2321 1754 2378 b).
1950 2355 1953 2361 ,

437 2377 510 2433 25,
549 2376 622 2420 29·
672 2379 856 2434 (Ιώ-ΨΜ
915 2394 997 2435 ΡιῸ
1128 2395 1372 2436 reddatur.
1419 2391 1651 2437 Cod.Ms.
1674 2401 1717 2436 et
1741 2388 1845 2436 iude
1871 2389 1979 2439 edd.

147 2559 340 2595 senatus
362 2553 593 2594 consulto.
652 2548 728 2594 Sc.
758 2557 810 2592 ut
834 2553 998 2595 eodem

90 2611 187 2653 Ioci
233 2610 284 2651 in
326 2617 608 2663 perpetuum
661 2610 996 2659 contineretur,

93 2667 203 2711 Suet
249 2666 357 2711 Oct.
391 2683 432 2710 6.
458 2667 531 2711 65.

151 2738 396 2780 nuntianti
428 2737 691 2780 centurioni
722 2746 809 2781 616.
870 2736 999 2782 Suet.

1073 2566 1177 2610 dere
1198 2570 1441 2611 reddatur.
1482 2566 1572 2611 Pro
1593 2566 1859 2621 imperandi
1870 2563 1977 2608 Cre-

1072 2640 1200 2666 verus
1228 2625 1290 2677 (in
1309 2625 1488 2669 libello:
1522 2623 1672 2667 Probe
1686 2625 1812 2665 einer
1825 2637 1979 2676 neuen

1075 2683 1340 2725 Uebersetz.
1366 2685 1450 2725 des
1477 2682 1588 2725 Tac.
1634 2680 1810 2734 Lemgo
1830 2680 1976 2737 1824.)

1070 2739 1171 2783 vult
1213 2741 1588 2793 obtemperandi.
1657 2737 1828 2782 Habeat
1873 2738 1976 2782 sibi.

94 2795 126 2839 l.
158 2795 191 2839 Ι.
249 2795 569 2838 Renuntiami
600 2795 784 2838 tribuno
807 2794 1000 2852 suctum
1071 2796 1129 2841 cf.
1147 2796 1356 2840 Seebodii
1382 2796 1491 2841 bibl.
1513 2796 1615 2842 crit.
1650 2795 1776 2842 1827.
1810 2811 1881 2840 nr.
1903 2799 1976 2850 10.

771 902 1090 961 Nuntianti
1130 902 1497 973 centurioni,
1545 913 1615 959 ut
1652 922 1782 960 mos
1811 901 1990 960 mili-x

102 993 247 1062 tiae,
298 992 523 1049 factum
567 1009 720 1059 esse,
780 990 942 1065 quod
993 988 1361 1064 imperasset:
1423 1006 1618 1065 neque
1656 986 1976 1064 imperasse
2063 1048 2066 1050 ,

1072 2450 1279 2494 Beroald.
1298 2450 1439 2495 Rhen.
1457 2450 1687 2509 Ald.Lips.
1708 2449 1852 2509 prima
1871 2451 1984 2505 red--

93 2494 165 2538 8⁰·
1072 2513 1262 2552 dantur.
1296 2509 1405 2552 Mox
1420 2510 1699 2567 vitioagnito
1715 2523 1872 2550 omnes
1887 2506 1984 2563 etli-⁸

94 2867 219 2906 cue,
249 2855 373 2907 qumi
396 2852 672 2907 imperasset
699 2862 784 2896 616.

150 2922 402 2966 Sallustiu-
439 2923 639 2976 (ἐνίψω.
711 2921 769 2964 cs.
812 2922 915 2966 infr.
955 2922 999 2971 8,

93 2980 164 3024 80.
228 2980 386 3022 Senec.
417 2978 471 3021 de
509 2981 640 3022 clem.
677 2981 715 3030 1,
744 2981 812 3023 10.
878 2980 997 3023 Ptin.

93 3037 163 3089 34,
188 3038 229 3080 2.
296 3036 451 3079 uorat.
483 3037 576 3080 Οὐ.
607 3037 648 3088 2,
670 3039 716 3081 2.

150 3123 261 3151 reue.-
280 3108 568 3150 subderetur.
628 3107 795 3152 Eadem
827 3108 997 3153 locutio

93 3166 199 3210 infr.
233 3183 274 3208 c.
301 3163 374 3207 89.

150 3225 419 3276 periculoso.
456 3221 577 3266 Bene
592 3224 995 3268 monueraaewolf.

97 3281 152 3323 ad
180 3281 220 3323 h.
250 3278 277 3324 Ι.
318 3281 575 3335 periculoso
603 3298 698 3324 esse
728 3282 996 3326 ablativumz

98 3335 371 3382 Weikertm
411 3354 589 3382 rursum
634 3338 801 3382 tirones
841 3340 886 3383 iu
928 3355 995 3382 er·

95 3411 244 3439 rorem
293 3395 499 3446 abducit,
558 3405 605 3439 ut
653 3413 735 3465 pro
784 3397 994 3442 adverbio

93 3452 300 3498 habeant.
359 3453 420 3498 cf·
449 3452 490 3506 3,
518 3453 587 3497 60.
628 3456 788 3497 labero.

147 3525 470 3567 condicionem.
531 3523 607 3569 Sic
634 3533 742 3568 vett.
770 3533 811 3568 61
838 3541 992 3570 recen·

92 3582 226 3627 tiores
263 3580 364 3627 edd.
403 3590 580 3642 praeter
620 3580 834 3635 Bekkeri,
878 3598 993 3643 quae

1074 2870 1116 2911 p.
1151 2854 1262 2898 1082
1287 2869 1387 2912 sqq.

1130 2923 1244 2969 Cn».
1270 2924 1313 2967 7.
1374 2923 1581 2967 Priorem
1601 2922 1732 2969 huius
1753 2940 1802 2969 ea
1839 2956 1852 2969 .
1874 2939 1974 2983 par-

1070 2991 1162 3025 tem
1182 2981 1388 3038 explicuit
1404 2979 1571 3040 Georg.
1589 2980 1782 3042 Philipp.
1835 2983 1975 3043 chup-

1072 3040 1171 3098 pins
1196 3038 1241 3082 iu
1270 3054 1420 3097 progr.
1453 3038 1696 3084 Hanoviae.
1734 3041 1860 3087 1818.

1127 3110 1380 3151 inluem‘or.
1450 3109 1527 3154 sic
1567 3109 1671 3155 cod.
1715 3110 1817 3155 MS.
1868 3112 1972 3157 edd.

1072 3166 1278 3210 Beroald.
1326 3165 1471 3212 Rhea.
1517 3183 1616 3227 sqq.
1682 3168 1825 3213 Etiam
1867 3171 1975 3217 cod.

1070 3225 1191 3268 Flor.
1226 3223 1289 3268 lit.
1318 3220 1516 3284 Langob.
1559 3226 1750 3283 scriptus
1786 3228 1974 3272 eandem

1068 3283 1335 3340 scripturam
1377 3285 1468 3328 suis
1498 3282 1608 3327 locis
1640 3284 1843 3342 praefert.
1907 3285 1968 3333 cs.

1067 3349 1162 3383 not.
1202 3338 1257 3383 ad
1294 3340 1382 3385 An.
1422 3343 1486 3395 11,
1520 3340 1586 3385 18.
1648 3341 1971 3387 nocentior-um

1067 3397 1290 3441 editorum
1353 3399 1537 3458 quidam
1600 3401 1800 3443 maluere
1861 3404 1972 3444 mu-

1064 3456 1223 3499 etr-abr.

1122 3528 1340 3585 vultuque
1374 3530 1642 3585 compositu.
1706 3528 1824 3582 Ptin.
1868 3547 1970 3592 epp,

1063 3581 1107 3639 8,
1138 3584 1206 3630 16.
1248 3589 1500 3644 coraposito
1531 3588 1663 3633 uultu
1687 3588 1887 3635 redibat.
