2222 4030
310 208 434 267 276

979 202 1491 273 A<NNAL1UM

1853 204 1902 239 A.
1922 204 1976 240 U.
1996 206 2077 240 775.

1854 252 1903 283 A.
1925 248 1972 284 C.
2019 250 2078 282 22.
2120 286 2122 288 ,

310 334 464 394 nihil
492 347 715 406 mutata
747 334 812 390 in
844 335 1131 411 populum
1150 333 1495 392 Romanum
1530 336 1856 413 constantia
1892 339 2169 415 pertulis-

310 435 456 481 sent.

310 507 574 574 censium
598 504 755 562 Iovis
798 517 854 564 et
881 504 1120 562 Triviae
1158 503 1505 576 religionem
1539 506 1882 565 tuebantur.

543 420 661 479 Sed
698 416 1259 495 Aphrodisiensium
1301 419 1506 475 civitas
1539 418 1820 492 VeneriS,
1874 420 2168 485 Stratoni-

1968 503 2167 578 Altius

307 590 881 662 Hierocaesarienses
918 606 1260 664 exposuere:
1293 586 1597 645 ‘Persicam
1623 591 1782 666 apud
1810 611 1868 648 se
1893 589 2166 663 Dianam,

308 678 629 734 delubrum
672 694 805 750 rege
838 673 993 753 Cyro
1033 674 1310 749 dicatum.

1413 685 1468 730 et
1501 677 1988 751 memorabantur
2020 675 2167 735 Per-

306 782 554 838 pernae,
619 759 864 818 Isaurici
915 759 1219 835 multaque
1265 759 1382 815 alia
1429 760 1850 835 imperatorum
1902 762 2166 832 nomina,

306 849 411 925 qui
445 867 572 904 non
602 847 781 903 modo
828 844 1075 918 templo,
1145 845 1247 913 sed
1292 845 1524 902 duobus
1576 847 1844 906 millibus
1888 867 2168 922 passuum

305 934 553 989 eandem
577 931 941 988 sanctitatem
978 929 1328 988 tribuerant.
1414 928 1575 986 Exin
1597 928 1805 1008 Cyprii
1836 933 2026 989 tribus
2061 934 2166 991 de—

302 1018 520 1088 lubriS‚
584 1035 838 1094 quorum
882 1014 1342 1082 vetustissimum
1390 1011 1651 1090 Paphiae
1693 1014 1917 1074 Veneri
1962 1030 2166 1075 auctor

302 1102 537 1173 Aerias:
591 1112 723 1177 post
756 1099 913 1156 filius
952 1099 1076 1156 eius
1114 1094 1407 1156 Amathus
1434 1098 1655 1156 Veneri
1687 1095 2072 1159 Amathusiae
2108 1114 2167 1160 et

301 1187 433 1247 Iovi
475 1184 799 1246 Salaminio
843 1183 1073 1241 Teucer
1123 1182 1468 1242 Telamonis
1518 1186 1702 1262 patris
1748 1187 1838 1246 ira
1882 1188 2166 1263 profugus

298 1273 647 1350 posuissent.

464 1352 686 1415 LXIII.

296 1444 574 1518 gationes.

349 1638 435 1678 sed
483 1633 939 1689 Aphrodisiensium.
1030 1631 1191 1676 Acida-

294 1694 404 1736 lius:
440 1693 774 1749 pertulissent3
812 1705 952 1748 seque
975 1722 986 1732 .
1003 1722 1015 1733 .
1035 1722 1046 1731 .
1073 1691 1191 1732 reli-

291 1753 427 1806 gione
481 1752 758 1802 tuebantur,
821 1747 944 1805 quod
987 1747 1191 1805 placebat

290 1807 501 1856 Heinsio,
559 1822 817 1864 quanquam
861 1803 933 1848 est'
966 1804 1187 1863 ineptum.

291 1867 419 1918 Nam,
450 1875 500 1908 ut
520 1873 690 1908 taceam
714 1863 766 1906 de
788 1863 866 1907 illo
886 1877 1040 1919 seque,
1066 1862 1189 1921 quod

290 1923 420 1983 plane
445 1923 590 1966 alieno
626 1922 728 1964 loeo
765 1921 962 1978 positum
1000 1929 1088 1971 est,
1129 1920 1190 1963 ci-

289 1983 448 2038 vitates
472 1980 571 2023 illae
595 1995 688 2021 non
715 1995 811 2022 sese
836 1977 1053 2045 religione
1086 1994 1189 2021 suo-

288 2056 389 2082 rum
426 2037 693 2085 numinum,
735 2036 811 2079 sed
844 2045 995 2094 potius
1030 2052 1186 2079 eorum

289 2096 554 2154 religionem
597 2094 710 2137 tueri
748 2093 1003 2136 voluerunt.
1080 2095 1189 2144 Sed,

288 2153 411 2212 quod
438 2151 642 2195 Acidalio
668 2159 709 2193 et
734 2151 918 2208 blut-eto
945 2151 1184 2194 molestum

287 2211 408 2264 erat,
437 2210 536 2252 satis
559 2210 782 2266 eleganter
806 2209 871 2252 sie
896 2209 1109 2266 ponitur,
1138 2218 1186 2251 ut

285 2265 612 2324 ἐπανόρθωσιν
650 2265 840 2316 efficiat,
895 2274 940 2308 ut
979 2275 1186 2309 nostrum

280 2327 447 2378 jedoch
469 2322 541 2368 vel
561 2326 690 2371 aber,
718 2339 772 2365 ne
796 2323 1013 2380 intelligas
1036 2330 1185 2369 utros-

286 2400 371 2442 que
422 2382 578 2426 eadem
628 2383 764 2423 tuitos
814 2395 923 2433 esse.
1013 2381 1186 2422 Eodem

284 2441 423 2485 modo
447 2457 487 2483 c.
512 2438 585 2482 63.
629 2441 712 2480 sed
749 2439 896 2479 cultus
928 2438 1184 2479 numinum

285 2507 370 2542 etc.
428 2497 489 2541 cf.
516 2495 786 2538 Ramsborn.
823 2493 980 2538 Gram.
1018 2499 1058 2549 §.
1086 2494 1180 2539 181.

284 2557 338 2608 B.
365 2557 423 2599 ΙΙ.
449 2557 512 2610 1.,
554 2569 600 2611 p.
625 2552 741 2596 538.'
793 2549 1066 2610 Wopkens.
1102 2568 1180 2595 vo-

283 2614 429 2656 lebat:
490 2611 713 2665 religione
771 2611 1071 2658 nitebantur,
1132 2618 1181 2651 ut

283 2688 324 2715 c.
348 2670 418 2714 63.
455 2679 496 2713 et
530 2669 570 2720 4,
595 2670 663 2711 55.
734 2666 825 2709 Sed
857 2667 1080 2725 aptissime
1111 2665 1178 2709 di-

283 2722 449 2771 cuntur
481 2728 634 2781 tueri,
678 2727 752 2783 qui
787 2725 1062 2767 documenta
1097 2740 1180 2782 pro

281 2786 446 2829 tuenda
472 2786 621 2842 aliqua
649 2800 698 2828 re
722 2781 949 2826 adferunt.

338 2858 445 2897 rege
508 2843 640 2898 Cyro.

280 2974 384 3016 rege
422 2957 570 3016 Cyro,
623 2955 840 3012 quoniam
881 2971 946 2997 sie
988 2953 1176 2998 validius

280 3015 348 3056 ius
373 3014 775 3074 asyliadstruatur.
837 3011 926 3054 Sed
950 3012 1176 3069 ambigui—

278 3079 346 3114 tas
383 3073 631 3117 verborum
667 3068 959 3113 intolerabilis
993 3078 1071 3111 est.
1114 3069 1172 3112 cf.

278 3137 376 3174 not.
411 3130 464 3171 ad
497 3130 540 3177 2,
571 3129 612 3172 7.
686 3127 842 3184 Neque
874 3136 1024 3169 tamen
1063 3137 1176 3183 puto

278 3202 360 3243 per
401 3184 642 3238 formulam
691 3199 801 3238 rege
835 3184 954 3239 Cyro
1000 3192 1176 3242 tempus

278 3252 452 3287 tantum
476 3242 702 3290 denotari,
727 3242 805 3284 sed
831 3241 1027 3307 accipio,
1051 3238 1174 3299 Cyro

278 3310 462 3344 auctore
496 3308 539 3341 et
574 3301 653 3341 sub
689 3299 783 3341 eius
815 3298 1022 3357 auspiciis
1055 3298 1177 3341 delu-

277 3358 409 3401 brum
435 3373 528 3409 esse
552 3356 764 3399 dicatum.
827 3355 940 3398 Nam
968 3371 1077 3413 quae
1099 3355 1175 3397 ali-

277 3432 368 3472 quo
389 3430 494 3471 rege
514 3412 608 3456 fieri
634 3413 858 3463 dicuntur,
884 3412 1175 3469 intelligimus

277 3472 355 3526 illo
393 3470 489 3514 fieri
522 3471 730 3523 iubente,
771 3470 1076 3527 permittente.
1132 3472 1173 3512 A

276 3530 399 3588 Cyro
436 3528 675 3572 delubrum
713 3527 821 3569 illud
861 3528 1058 3572 dicatum
1094 3528 1173 3570 mi·

740 2838 1075 2883 Freinshemius
1137 2847 1186 2895 et

201 2922 206 2935 ι
280 2899 481 2959 Ryckius
505 2899 676 2942 malunt
702 2898 806 2951 regi
829 2897 945 2964 Cyro
961 2928 979 2952 ,Ἴ
1009 2907 1055 2939 ut
1076 2897 1130 2939 sit
1153 2914 1176 2939 a

774 1352 1030 1412 Auditae
1088 1354 1339 1412 aliarum
1411 1377 1647 1434 quoque
1706 1356 2010 1415 civitatum
2075 1359 2164 1415 le—

695 1437 970 1514 Quorum
1019 1441 1187 1516 copia
1234 1440 1370 1497 fessi
1412 1454 1607 1518 patres
1653 1455 1711 1500 et
1760 1443 1899 1522 quia
1951 1443 2164 1501 studiis

1265 1633 1387 1676 nime
1421 1642 1487 1676 est
1521 1634 1753 1678 credibile.
1830 1634 1999 1678 Similis
2033 1635 2162 1678 locus

1264 1691 1369 1733 infr.
1399 1707 1437 1734 c.
1459 1690 1531 1734 71.
1566 1707 1687 1747 quae
1709 1693 1918 1750 principe
1951 1696 2161 1748 Augusto

1264 1749 1516 1791 constituta
1539 1757 1624 1791 etc.

1320 1820 1420 1848 non
1458 1809 1597 1848 modo
1623 1834 1681 1842 --
1708 1810 1792 1851 sed
1822 1836 1903 1852 -.
1976 1807 2160 1851 Omisso

1265 1864 1432 1915 etiam,
1464 1871 1514 1907 ut
1533 1880 1604 1908 sae
1639 1879 1663 1914 e
1683 1873 1726 1906 et
1750 1881 1790 1909 c.
1804 1865 1875 1908 65.
1933 1863 2160 1909 efiRams·

1262 1919 1491 1964 horn.Gr.
1514 1923 1596 1980 p.5
1657 1953 1669 1965 .
1689 1925 1751 1978 c).
1792 1931 1834 1965 et
1850 1931 1944 1966 not.
1961 1923 2014 1966 ad
2041 1923 2159 1975 1,77.

1320 1982 1432 2021 exin
1452 1978 1612 2035 Cyprii
1630 1980 1775 2022 tribus
1794 1982 2019 2030 delubris,
2051 1995 2158 2038 quo·

1261 2051 1366 2078 rum
1404 2045 1489 2080 ete.
1570 2036 1779 2095 Elliptice
1817 2038 2008 2083 dictum.
2085 2038 2158 2082 Ad

1265 2094 1425 2148 Cyprii
1445 2092 1641 2151 intellige
1668 2097 1862 2139 verbum
1898 2097 2061 2140 adiere
2084 2096 2157 2142 vel

1261 2150 1407 2194 simile
1443 2151 1563 2208 quid.
1624 2151 1789 2195 Tribus
1819 2155 2024 2197 delubris
2047 2151 2089 2197 h.
2113 2170 2155 2196 e.

1259 2210 1399 2268 τριῶν
1423 2211 1630 2267 τεμενῶν
1653 2206 1818 2253 ὄντων.
1961 2222 1963 2225 ’

1314 2273 1480 2314 auctor
1512 2267 1710 2309 Aerias:
1755 2275 1865 2324 post
1889 2267 2026 2324 filius
2068 2276 2155 2312 etc.

1259 2323 1379 2368 Inter
1392 2325 1564 2367 Aerias
1586 2332 1751 2379 etpost
1773 2342 1858 2383 pro
1874 2327 1920 2383 (,)
1944 2325 2074 2384 posui
2090 2325 2156 2383 (ἐ),

1258 2398 1314 2424 ne
1360 2381 1635 2438 coniungas:
1695 2398 1895 2438 quorum
1940 2385 2152 2429 vetustis-

1257 2439 1435 2480 simum
1459 2468 1472 2480 .
1488 2471 1498 2481 .
1513 2471 1522 2482 .
1542 2440 1798 2495 posefilt’us
1823 2472 1835 2484 .
1849 2473 1859 2483 .
1875 2472 1887 2483 .
1914 2447 1959 2483 et
1982 2438 2156 2484 Teucer

1258 2526 1269 2538 .
1286 2525 1297 2537 .
1314 2527 1325 2538 .
1345 2498 1622 2548 posuissent.
1684 2498 1757 2540 Ad
1789 2506 1952 2540 auctor
1982 2499 2156 2543 Aerios

1254 2568 1276 2594 e
1311 2553 1601 2611 sequentibus
1635 2554 1936 2612 supplendum
1974 2565 2038 2598 est
2064 2572 2153 2610 po-

1250 2612 1429 2669 suisset.
1919 2618 1924 2631 ¹

1307 2669 1588 2720 posut'ssent,
1640 2668 1719 2712 Est
1741 2670 1959 2728 optativus
1982 2670 2153 2719 aoristi,

1252 2723 1328 2825 Zui
1354 2724 1560 2783 exprimit
1590 2742 1686 2768 rem
1712 2743 1734 2769 e
1755 2725 2015 2771 coniectura
2041 2743 2151 2796 pen-

1285 2798 1357 2826 ere
1402 2797 1548 2840 neque
1592 2784 1637 2832 in
1677 2792 1799 2827 certo
1831 2800 1923 2827 esse
1955 2795 2149 2843 positam

1253 2838 1475 2897 certisque
1538 2840 1821 2894 documentis
1876 2842 2162 2886 'confirmari

1250 2895 1523 2954 nequivisse.
1582 2895 1645 2941 cf.
1679 2897 1895 2942 Ilerodot.
1929 2901 1970 2953 2,
1994 2901 2061 2943 47.
2093 2899 2151 2944 τὰ

1250 2955 1301 2997 δὲ
1330 2951 1448 3003 ἄλλος
1480 2957 1589 3012 κρέα
1622 2959 1850 3012 σιτέονται
1877 2958 1928 3001 ἐν
1953 2959 2004 3012 τῆ
2028 2973 2148 3002 παν-

1248 3008 1445 3068 σελήνῳ,
1491 3014 1540 3056 ἐν
1573 3015 1625 3073 τῇ
1650 3011 1709 3056 ἂν
1739 3013 1795 3057 τὰ
1830 3013 1906 3073 ἱρὰ
1941 3004 2147 3072 &ioann-

1249 3071 1300 3114 ἐν
1338 3068 1450 3130 ἄλλῃ
1483 3071 1533 3114 δὲ
1565 3067 1710 3131 ἡμέρῃ
1746 3071 1830 3115 οὐκ
1860 3070 1920 3115 ἄν
1950 3073 2016 3116 ἔτι,
2037 3089 2149 3131 γευ-

1250 3131 1427 3171 σαίατο.
1490 3127 1734 3175 Diversum
1760 3131 1895 3188 igitur
1919 3146 2053 3173 sensu
2082 3140 2147 3174 est

1250 3203 1273 3227 a
1292 3187 1551 3240 posuerint.

1271 3243 1273 3247 ⁴
1308 3242 1419 3286 CAP.
1440 3242 1508 3286 63.
1561 3259 1778 3299 quorum.
1832 3243 1937 3287 Non
1964 3245 2016 3287 ad
2042 3261 2146 3304 pro-

1248 3301 1363 3343 xime
1426 3302 1706 3344 raecedentia
1741 3309 1912 3344 tantum
1937 3305 2146 3359 pertinet,

1249 3357 1323 3401 sed
1357 3318 1422 3400 ad³
1446 3357 1684 3417 Ephesios,
1724 3359 1984 3417 BIagnetes,
2030 3369 2144 3403 cete-

1248 3430 1412 3472 rosque
1456 3431 1629 3458 omnes.
1714 3417 1779 3458 'Ne
1823 3418 1958 3473 igitur
2034 3427 2142 3469 utes,

1249 3472 1572 3531 corrigendum
1598 3489 1690 3525 esse
1717 3483 1933 3531 quartum.
1995 3433 2141 3517 gaulo

1247 3537 1347 3587 ante
1369 3530 1437 3573 ed.
1460 3530 1667 3574 Beroald.
1703 3530 1839 3574 babet⁴
1867 3531 2137 3587 ciuitqtium.
