2222 4030
1830 246 1955 284 A.1U.
1975 249 2057 289 767.

1830 293 1882 327 A.
1899 293 1950 329 C.
1994 293 2055 328 14.

286 243 371 312 44
977 242 1514 307 ANNALIUM
1585 210 1587 221 ’

285 368 548 438 militum
593 376 969 452 gladiatores,
1023 377 1128 453 qui
1175 397 1207 433 e
1228 377 1483 434 ‘servitio
1516 375 1711 435 Blaesi
1749 396 1942 453 erant,
2005 405 2141 460 pars

287 477 538 524 ceteram
586 463 847 520 eiusdem
887 463 1174 519 familiam
1215 463 1538 534 vincirent,
1594 463 1697 519 alii
1733 466 1807 528 ad
1852 488 2140 543 quaeren—

285 553 428 607 dum
457 563 668 624 corpus
694 549 1155 606 effunderentur.
1241 567 1306 603 ac
1341 548 1407 602 ni
1429 567 1678 623 propere
1709 570 1901 626 neque
1930 574 2140 629 corpus

284 637 476 693 ullum
526 633 775 710 reperiri
823 645 879 689 ct
921 649 1118 688 servos
1157 627 1440 688 adhibitis
1485 635 1838 691 cruciatibus
1880 638 2138 695 abnuere

284 721 523 777 caedem
569 734 758 796 neque
797 718 889 773 illi
926 718 1104 774 fuisse
1149 736 1414 792 unquam
1453 718 1696 776 fratrem
1729 723 2140 794 pernotuisset,
2208 767 2212 769 »

281 800 446 863 ha'ud
479 802 735 862 multum
766 804 840 859 ab
871 802 1043 858 exitio
1070 801 1246 873 legati
1269 802 1528 863 aberant.
1612 802 1918 863 Tribunos
1943 819 2138 865 tamen
2191 809 2200 815 ’

282 912 348 948 ac
371 880 727 970 praefectum
763 899 1088 944 castrorum
1121 897 1444 943 extrusere:
1487 889 1747 950 sarcinae
1785 892 2139 965 fugientium

281 977 567 1052 direptae:
611 985 667 1031 et
698 972 963 1046 centurio
988 971 1276 1029 Lucillius
1314 972 1690 1043 interficitur,
1734 977 1829 1032 cui
1860 978 2136 1034 militari-

279 1062 392 1120 bus
420 1059 644 1118 facetiis
672 1053 1250 1132 vocabulum‘,‚Cedo
1275 1057 1519 1112 alteram
1533 1056 1560 1075 ”
1588 1058 1954 1130 indiderant,
1997 1065 2136 1138 quia

277 1149 460 1204 fracta
491 1146 610 1201 vite
634 1144 700 1199 in
720 1155 882 1215 tergo
926 1141 1133 1196 militis
1180 1141 1423 1197 alteram
1463 1143 1618 1198 clara
1655 1165 1797 1200 voce
1833 1166 1899 1201 ac
1935 1166 2138 1204 rursus

278 1232 457 1289 aliam
490 1225 784 1306 poscebat.
886 1237 1106 1282 ceteros
1152 1225 1411 1282 latebrae
1461 1238 1684 1297 texere,
1749 1250 1871 1294 uno
1907 1243 2134 1288 retento

275 1314 579 1375 Clemente
612 1312 800 1381 Iulio,
853 1311 958 1387 qui
994 1311 1360 1385 perferendis
1395 1311 1654 1368 militum
1690 1314 1984 1372 mandatis
2027 1312 2136 1373 ha-

275 1401 528 1459 bebatur
566 1399 816 1456 idoneus
850 1397 928 1453 ob
961 1408 1305 1471 promptum
1337 1395 1663 1470 ingenium.
1774 1398 1940 1472 Quin
1977 1401 2135 1477 ipsae

276 1487 435 1544 inter
463 1506 527 1542 se
557 1484 816 1558 legiones
862 1493 1068 1538 octava
1116 1492 1173 1537 et
1207 1481 1414 1558 quinta
1443 1482 1687 1539 decuma
1711 1483 1933 1541 ferrum
1965 1507 2138 1561 para-

273 1571 446 1641 bant,
488 1571 632 1628 dum
656 1567 1063 1647 centurionem
1085 1577 1475 1640 cognomento
1503 1565 1801 1643 Sirpicum
1830 1570 1933 1626 illa
1955 1572 2135 1628 morti

274 1647 568 1732 deposcit,
631 1652 1158 1731 quintadecumani
1204 1663 1478 1721 tuentur,
1541 1653 1607 1708 ni
1650 1654 1821 1710 miles
1862 1676 2136 1713 nonanus

271 1761 474 1819 preces
499 1751 556 1797 et
578 1741 891 1796 adversum
916 1738 1285 1812 aspernantis
1306 1738 1499 1792 minas
1524 1738 1923 1802 interiecisset.

441 1849 669 1910 XXIV.
752 1847 914 1906 Haec
949 1849 1149 1905 audita
1184 1869 1524 1925 quanquam
1560 1850 1896 1907 abstrusum
1934 1863 1990 1908 et
2027 1852 2136 1909 tri-

273 1937 525 1997 stissima
562 1956 828 2012 quaeque
863 1934 1115 1990 maxime
1150 1935 1541 1991 occultantem
1567 1933 1882 1992 Tiberium
1916 1958 2136 2012 perpu-

271 2027 421 2095 lere,
461 2034 531 2080 ut
550 2020 815 2078 Drusum
835 2019 1026 2075 filium
1053 2040 1188 2076 cum
1214 2020 1576 2094 primoribus
1602 2020 1853 2076 civitatis
1875 2023 2135 2078 duabus-

271 2131 388 2188 que
441 2105 753 2184 praetoriis
807 2100 1151 2161 cohortibus
1192 2105 1477 2174 mitteret,
1547 2105 1730 2160 nullis
1775 2106 1912 2164 satis
1963 2108 2134 2164 certis

269 2193 590 2262 mandatiS,
644 2211 712 2247 ex
746 2210 810 2246 re
844 2190 1274 2248 consulturum.

269 2282 374 2338 lite
415 2298 592 2354 supra
630 2275 866 2332 solitum
898 2275 1178 2333 firmatae.

1364 2201 1421 2245 et
1456 2185 1726 2246 cohortes
1760 2192 1982 2248 delecto
2016 2193 2134 2247 mi-

1267 2274 1508 2331 additur
1544 2295 1758 2349 magna
1788 2298 1924 2352 pars
1962 2298 2135 2353 prae-

267 2365 490 2424 toriani
515 2361 728 2439 equitis
756 2372 812 2417 et
835 2361 1054 2417 robora
1079 2358 1516 2421 Germanorum
1531 2407 1546 2430 ‚
1591 2362 1696 2437 qui
1717 2374 1845 2418 tum
1865 2365 2132 2419 custodes

269 2448 616 2528 imperatori
658 2447 930 2503 aderant:
999 2445 1177 2503 simul

323 2643 537 2686 aberant.
593 2636 702 2682 Non
723 2635 991 2693 abfuissent.
1043 2635 1163 2679 Nam

234 2704 237 2707 ’
267 2700 490 2746 sententia
516 2703 604 2740 est=
634 2711 789 2739 revera
817 2694 936 2738 haud
966 2692 1163 2736 multum

269 2758 324 2802 ab
355 2757 489 2800 exitio
515 2754 726 2802 aberant,
756 2760 801 2795 et
822 2751 954 2795 exitio
986 2751 1063 2793 ille
1087 2767 1162 2794 oc-

270 2816 522 2865 cubuisset,
577 2811 627 2855 ni
668 2818 753 2853 etc.
841 2809 978 2852 Mox:
1013 2823 1161 2863 para-

268 2875 410 2921 bant,
463 2872 519 2912 ni
547 2894 605 2903 —
633 2869 949 2910 interiecisset.
1023 2882 1062 2910 e.
1093 2865 1161 2908 35.

266 2929 507 2985 deferebat
553 2930 601 2971 in
641 2933 830 2980 pectus,
880 2926 934 2966 ni
958 2947 1015 2957 -
1047 2923 1164 2967 atti-

267 2990 498 3031 nuissent.
575 2983 633 3028 cf.
674 2981 929 3026 Ramshorn
978 2996 1044 3039 gr.
1090 2979 1164 3024 lat.

294 3127 297 3131 ·
328 3117 440 3160 cedo
461 3115 679 3156 alteram.
737 3112 809 3153 De
832 3109 922 3153 hoc
943 3107 1079 3150 verbo
1104 3107 1164 3151 cf.

269 3165 403 3216 Voss.
439 3171 493 3214 de
534 3168 669 3212 Anal.
698 3168 784 3219 Ill,
816 3184 856 3211 c.
874 3167 946 3210 40.
983 3175 1026 3209 et
1059 3167 1166 3208 Do—

270 3240 402 3276 natus
434 3229 488 3272 ad
509 3228 613 3270 Ter.
635 3225 778 3268 Andr.
802 3226 843 3273 4,
866 3226 905 3274 5,
925 3223 995 3266 24.
1029 3224 1163 3266 etiam

273 3287 491 3333 Schwabe
512 3285 566 3328 ad
586 3282 775 3325 Phaedr.
807 3283 844 3333 5,
865 3283 906 3334 2,
928 3282 969 3324 6.

329 3357 577 3413 Sirpicum.
625 3351 800 3411 Lipsius
822 3352 867 3394 id
890 3366 1164 3408 cognomen-

272 3414 572 3460 tum-derivat
602 3427 626 3454 a
656 3413 907 3463 sirpando,
945 3408 1066 3465 quod
1095 3408 1166 3459 sit,
1188 3412 1197 3416 ‘

271 3473 420 3533 prisca
448 3482 580 3522 voce,
614 3468 780 3527 ligare,
809 3465 1024 3522 nodoque
1057 3479 1165 3507 con-

272 3531 522 3588 stringere3
571 3523 646 3569 alii
685 3532 871 3583 putant,
914 3522 1002 3566 scir
1038 3522 1072 3564 is
1114 3521 1165 3564 il-

275 3589 370 3632 lum
404 3603 534 3630 usum
565 3600 657 3628 esse
680 3598 765 3641 pro
786 3581 888 3623 vite.
950 3537 1071 3623 Niliil
1103 3588 1165 3623 ta-

1233 2446 1517 2522 praetorii
1558 2447 1882 2522 praefectus
1926 2448 2133 2505 Aelius

1232 2651 1339 2679 men
1363 2634 1473 2679 certi
1499 2635 1553 2679 de
1576 2635 1786 2680 vocabuli
1819 2637 1997 2681 ratione
2021 2637 2128 2681 huc-

1234 2709 1376 2751 usque
1406 2693 1635 2752 prolatum
1668 2702 1746 2737 est.
1820 2695 2026 2739 Freinsh.
2064 2696 2129 2737 iu-

1234 2750 1375 2803 dieat,
1415 2766 1671 2808 cognomen
1712 2759 1954 2808 paternum
1989 2752 2128 2796 fuisse
2211 2766 2214 2771 '

1233 2816 1284 2851 ut
1307 2824 1375 2865 ap.
1397 2808 1555 2850 Horat.
1580 2823 1648 2865 ep.
1674 2811 1712 2860 1,
1740 2808 1807 2852 13.

1291 2867 1435 2908 morti
1465 2867 1681 2919 deposcit.
1750 2866 1873 2908 Alias
1902 2870 1968 2909 ad
1996 2883 2125 2909 mor-

1236 2930 1346 2968 tem.
1407 2922 1465 2966 cf.
1489 2922 1611 2964 Suet.
1635 2922 1734 2965 Tib.
1759 2939 1796 2965 c.
1817 2923 1859 2966 6.
1919 2924 2010 2967 Sed
2041 2925 2128 2968 vid.

1236 2988 1332 3022 not.
1356 2981 1410 3023 ad
1433 2996 1472 3023 c.
1495 2981 1563 3023 19.
1596 2981 1678 3023 sub
1707 2997 1746 3023 v,
1767 2983 1945 3036 pectori
1961 2985 2130 3025 adcre-

1236 3046 1386 3082 verat.

1294 3108 1406 3151 CAP.
1429 3107 1500 3151 24.
1567 3109 1710 3150 nullis
1740 3122 1779 3150 S.
1811 3108 1948 3150 certis
1982 3125 2121 3151 man-

1236 3167 1386 3216 datis,
1429 3182 1492 3208 ex
1521 3180 1574 3207 re
1605 3168 1945 3208 consulturum.
2012 3167 2126 3211 Edd.

1234 3222 1444 3265 Beroald.
1475 3232 1516 3264 ft
1539 3223 1740 3265 Rhenan.
1774 3222 1991 3278 virgulam
2025 3233 2126 3267 ante

1234 3294 1298 3322 ex
1340 3281 1569 3324 omittunt.
1651 3279 1821 3322 Melius
1859 3294 1965 3322 sane
1997 3283 2124 3339 poni-

1234 3345 1323 3378 tur.
1402 3338 1526 3380 lWale
1573 3337 1674 3380 edd.
1716 3345 1905 3379 recentt.
1948 3348 2125 3395 ponunt

1233 3395 1282 3450 (3)
1305 3393 1373 3436 vel
1400 3397 1460 3451 (t).
1520 3394 1772 3445 Bekkerus‚
1803 3403 1851 3436 ut
1874 3410 1972 3437 nos.
2094 3420 2099 3446 ι

1293 3466 1374 3520 qui
1402 3474 1503 3507 tum
1534 3497 1546 3509 .
1569 3497 1579 3508 .
1602 3497 1613 3506 .
1645 3468 1862 3507 oderant.
1933 3464 2124 3524 August.

1234 3530 1339 3581 post
1391 3522 1570 3566 cladem
1599 3522 1795 3565 *Vax-ian.
1861 3521 2125 3566 aboleverat.

1237 3582 1359 3623 Suet.
1387 3580 1493 3624 Oct.
1524 3578 1657 3631 02:49.
