2222 4030
1822 202 1874 243 A.
1887 205 1940 241 U.
1964 206 2043 242 778.
2126 227 2128 229 v

1821 248 1873 284 A.
1894 248 1942 288 C.
1985 252 2046 288 25.

208 263 218 281 Ι,
277 203 402 262 332
956 197 1461 260 ANNALIUM

275 354 412 391 cum
442 352 549 408 per
587 330 821 409 milites
849 341 1266 390 commearent:
1331 351 1470 387 mox
1509 328 1816 390 Caesarem
1857 347 2130 410 vergente

273 419 393 475 iam
425 428 653 474 senecta
679 427 1010 494 secretoque
1035 416 1153 472 loci
1175 415 1474 472 mollitum
1497 418 1703 475 munia
1723 419 1961 495 imperii
1986 420 2132 479 faci-

272 504 388 560 lius
411 502 847 559 tramissurum:
889 513 946 559 et
967 500 1159 556 minui
1186 500 1303 556 sibi
1338 501 1631 558 invidiam
1664 505 1936 581 adempta
1973 507 2132 564 salu-
2204 567 2206 569 ,

271 599 504 647 tantum
529 587 732 644 turba:
765 586 1124 661 sublatisque
1150 584 1429 643 inanibus
1451 607 1590 645 vera
1614 590 1879 663 potentia
1901 610 2131 665 augere.

272 671 462 747 Igitur
497 671 782 747 paulatim
819 670 1052 744 negotia
1091 670 1287 741 urbiS,
1326 673 1537 747 populi
1573 674 1882 746 adcurSUS,
1923 676 2132 733 multi-

268 758 539 832 tudinem
564 756 951 814 adfluentium
984 755 1282 830 increpat,
1326 758 1610 815 extollens
1647 759 1927 818 laudibus
1962 761 2131 838 quie-

268 857 390 902 tem
415 854 472 900 et
497 842 905 908 solitudinem,
951 839 1085 916 quis
1122 841 1322 897 abesse
1356 843 1549 900 taedia
1585 856 1643 901 et
1675 845 2031 904 offensiones
2064 867 2128 904 ac

266 928 581 1007 praecipua
603 946 804 984 rerum
829 924 1081 981 maxime
1108 925 1336 1000 agitari.

433 1024 623 1086 XLII.
706 1019 795 1082 Ac
843 1023 996 1079 forte
1039 1018 1244 1080 habita
1277 1044 1383 1100 per
1420 1025 1555 1082 illos
1600 1027 1725 1084 dies
1763 1028 1836 1085 de
1869 1027 2126 1087 Votieno

266 1112 563 1172 Montano
599 1103 845 1168 celebris
878 1108 1108 1182 ingenii
1142 1109 1273 1166 viro
1310 1111 1566 1185 cognitio
1606 1125 1976 1171 cunctantem
2009 1116 2130 1171 iam

266 1198 578 1257 Tiberium
614 1193 901 1270 perpulit,
943 1204 1014 1251 ut
1050 1193 1326 1253 vitandos
1364 1197 1625 1255 crederet
1653 1210 1887 1275 patrum
1928 1211 2127 1258 coetus

262 1303 580 1360 vocesque,
617 1299 764 1357 quae
793 1279 1142 1356 plerumque
1168 1300 1341 1337 verae
1365 1294 1422 1340 et
1445 1302 1648 1356 graves
1670 1305 1868 1342 coram
1894 1286 2126 1359 ingere-

259 1371 498 1429 bantur.
582 1385 723 1421 nam
754 1365 1049 1440 postulato
1074 1363 1333 1424 Votieno
1368 1369 1446 1425 ob
1475 1370 1858 1428 contumelias
1890 1371 1954 1427 in
1977 1369 2126 1429 Cae-

262 1475 451 1512 sarem
477 1452 690 1520 dictaS,
732 1450 894 1508 testis
912 1446 1204 1508 Aemilius
1225 1472 1256 1509 e
1277 1453 1635 1513 militaribus
1660 1456 1805 1512 viris
1831 1457 1973 1514 dum
2001 1469 2126 1514 stu-

261 1541 361 1598 dio
387 1535 685 1615 probandi
710 1545 920 1592 cuncta
945 1537 1125 1594 refert
1150 1547 1206 1594 et
1231 1558 1573 1616 quanquam
1597 1541 1752 1598 inter
1780 1542 2126 1618 obstrepen-

206 1654 209 1668 ··
260 1638 347 1684 tes
382 1642 596 1697 magna
634 1621 1074 1679 adseveratione
1106 1622 1349 1695 nititur,
1401 1626 1630 1684 audivit
1664 1625 1944 1685 Tiberius
1979 1649 2123 1703 pro-

257 1713 398 1781 bra,
449 1707 583 1786 quis
615 1703 723 1784 p'er
747 1707 1046 1765 occultum
1070 1708 1469 1782 lacerabatur,
1518 1713 1782 1789 adeoque
1818 1715 2123 1789 perculsus

259 1807 375 1866 est,
417 1807 487 1853 ut
519 1813 580 1850 se
613 1793 708 1849 vel
744 1793 941 1851 statim
975 1793 1072 1850 vel
1106 1794 1172 1850 in
1207 1796 1543 1870 cognitione
1581 1809 1969 1873 purgaturum
2003 1801 2123 1856 cla-

257 1882 521 1950 mitaret,
562 1878 952 1955 precibusque
988 1880 1428 1955 proximorum,
1471 1884 1811 1940 adulatione
1852 1885 2123 1942 omnium

255 1986 424 2042 aegre
449 1972 827 2040 componeret
863 1964 1149 2025 animum.
1233 1963 1315 2024 Et
1334 1965 1626 2026 Votienus
1662 1970 1903 2046 quidem
1937 1971 2123 2027 maie-

258 2052 420 2110 statis
454 2050 663 2128 poenis
698 2049 959 2107 adfectus
989 2062 1098 2109 est:
1142 2047 1358 2111 Caesar
1384 2054 1673 2113 obiectam
1698 2055 1813 2114 sibi
1841 2057 2120 2114 adversus

314 2281 528 2331 vergente
567 2275 666 2317 iam
701 2281 904 2317 senecta.
979 2274 1143 2334 Wop-

193 2338 195 2343 '
257 2335 384 2379 kens.
417 2331 583 2376 coniic.
621 2340 838 2386 urgente,
879 2340 929 2374 ut
966 2332 1062 2376 Cic.
1086 2333 1152 2377 -de

254 2399 422 2437 senect.
447 2405 488 2433 c.
511 2390 553 2434 1.
609 2388 724 2432 Nam
755 2397 960 2432 senectus
1021 2406 1068 2432 er
1103 2394 1150 2433 s'e

255 2457 320 2494 est
343 2461 529 2505 vergens
553 2454 684 2490 aetas.
727 2444 788 2490 cf.
809 2447 851 2498 2,
869 2443 940 2489 43.
1035 2455 1151 2491 otest

1224 2275 1424 2336 Ryckius
1456 2286 1499 2323 et
1530 2279 1765 2325 Heinsius:
1812 2295 1925 2323 vera
1952 2289 2116 2336 poten-

1223 2336 1322 2379 tiae
1350 2350 1538 2390 augere.
1606 2338 1716 2381 Mox
1750 2339 1818 2382 ed.
1849 2337 1957 2382 Ald.
1993 2341 2118 2395 queis

1222 2408 1308 2451 pro
1335 2396 1462 2451 quis,
1496 2394 1562 2439 uti
1588 2395 1719 2439 solet.

1278 2463 1389 2507 CAP.
1422 2465 1494 2507 42.
1555 2469 1813 2521 postulato.
1890 2467 1975 2512 Ed.
2008 2468 2112 2512 Ber.

251 2517 404 2553 tamen
453 2518 642 2561 vergens
692 2510 869 2548 senecta
910 2502 1054 2562 accipi
1094 2503 1149 2547 de

253 2563 494 2623 grandiore
537 2569 730 2606 senecta.
810 2559 889 2604 Sic
925 2568 1149 2618 proveeta

252 2627 462 2666 senectus
493 2618 582 2663 An.
610 2619 650 2668 1,
670 2618 713 2661 4.

309 2692 425 2722 vera
447 2677 662 2732 potentia
692 2689 878 2729 augere.
940 2672 1018 2719 Sic
1043 2675 1146 2719 cod.

247 2737 352 2781 MS.
386 2734 486 2780 edd.
518 2741 625 2778 vett.
687 2732 839 2789 Quam
876 2731 1147 2790 scripturam

253 2794 332 2854 qui
358 2791 631 2844 defendunt,
659 2791 853 2836 verbum
874 2804 1046 2845 augere
1067 2807 1146 2835 ac-

250 2853 424 2911 cipiunt
458 2850 505 2896 vi
542 2848 841 2893 intransitiva.
922 2847 982 2892 cf.
1022 2847 1146 2892 Gell.

253 2912 321 2962 18,
345 2909 422 2960 12,
461 2906 538 2950 ubi
574 2905 715 2951 Cato:
764 2920 816 2948 eo
860 2919 939 2948 res
980 2920 1148 2948 eorum

251 2967 392 3012 auxit
430 2964 474 3008 h.
497 2980 536 3007 e.
567 2972 696 3007 aucta
724 2971 803 3007 est.
881 2962 920 3006 E
950 2961 1148 3007 Sallustii

250 3026 414 3083 fragm.
437 3021 606 3065 Histor.
630 3019 840 3064 adferunt
862 3021 972 3064 hoc:
1014 3021 1147 3075 igno-

249 3083 418 3128 scendo
442 3078 608 3135 populi
623 3078 836 3122 Romam·
854 3079 1146 3133 magnitudi-

251 3155 362 3184 nem
402 3136 594 3180 auxisse
634 3135 679 3179 h.
718 3153 758 3179 e.
801 3143 980 3179 auctam
1031 3151 1144 3179 esse.

252 3195 434 3241 Tacitus
453 3200 606 3236 tamen
625 3192 741 3238 Hist.
770 3192 811 3242 3,
835 3193 907 3236 45.
938 3201 1146 3237 auxerat

249 3253 535 3312 potentiam,
566 3264 662 3293 non
675 3253 902 3306 potentia.
961 3250 1144 3294 Rhena-

252 3328 337 3357 nus
359 3307 611 3366 corrigebat
635 3308 802 3363 augeri
822 3307 906 3364 (sic
929 3308 999 3352 ed.
1020 3308 1145 3365 Ald.)

252 3368 324 3413 vel
347 3380 502 3421 agere.
558 3363 725 3407 Utrum
764 3381 825 3420 ue*
839 3364 1025 3409 verbum
1050 3381 1145 3409 non

253 3426 391 3472 semel
411 3421 655 3482 permutari
677 3422 725 3464 in
796 3421 876 3467 SS.
902 3422 1004 3467 satis
1029 3439 1144 3466 con-

255 3491 355 3529 stat.
413 3481 472 3526 cf.
496 3487 595 3523 not.
619 3478 677 3524 ad
702 3478 815 3523 Hist.
838 3481 880 3531 4,
904 3480 974 3523 58.
1033 3480 1143 3523 Mu-

254 3547 377 3585 retus
432 3537 551 3582 vult=
625 3551 792 3582 veram
850 3539 1115 3592 potentiam
1130 3556 1146 3592 ;

1215 2523 1484 2576 postulatio.
1559 2523 1734 2566 Victor.
1767 2523 1816 2566 in
1839 2541 1874 2568 s.
1900 2542 1937 2568 e.
1960 2541 2000 2573 c.
2024 2543 2116 2580 po-

1220 2580 1422 2630 stulato,
1484 2580 1608 2638 quod
1661 2579 1824 2626 habent
1870 2582 1971 2626 edd.
2013 2583 2115 2629 Alc.

1219 2633 1364 2678 Rhen.
1395 2635 1502 2680 Ald.
1528 2653 1630 2695 sqq.

1277 2722 1453 2762 magna
1484 2709 1848 2755 adseveratione.

1220 2763 1277 2808 ad
1299 2781 1341 2808 c.
1370 2765 1439 2809 19.

1275 2837 1353 2878 vel
1390 2837 1440 2878 in
1484 2837 1758 2892 cognitione.

1217 2927 1243 2946 „
1257 2900 1382 2951 post,
1414 2893 1488 2936 ubi
1522 2894 1576 2937 de
1610 2894 1704 2938 istis
1737 2896 1871 2939 rebus
1898 2897 2112 2955 cognitiO,

1219 2951 1501 3009 disceptati0‚
1531 2950 1683 2995 futura
1712 2954 1873 2997 esset.”
1927 2954 2111 2999 Rectius

1219 3009 1294 3053 alii
1321 3010 1625 3063 cognitionem
1656 3009 2009 3068 interpretantur
2037 3013 2111 3056 iu-

1218 3065 1388 3110 dicium
1411 3065 1465 3108 de
1486 3066 1570 3110 bac
1590 3067 1681 3125 ipsa
1699 3084 1748 3111 re
1768 3069 2110 3113 instituendum.

1217 3123 1515 3167 Promittehat
1539 3123 1702 3168 Caesar
1734 3142 1779 3168 se
1807 3142 1984 3169 causam
2015 3126 2119 3171 esse'

1218 3180 1444 3224 dicturum
1469 3197 1620 3224 coram
1643 3190 1798 3225 senatu
1814 3183 1882 3226 vel
1900 3183 1966 3232 iis,
1996 3200 2109 3242 quos

1217 3246 1393 3281 senatus
1430 3237 1486 3281 ad
1517 3238 1562 3282 id
1593 3239 1812 3282 iudicium
1848 3240 2107 3299 delegasset.

1216 3295 1549 3361 Freinshemius
1601 3304 1645 3339 et
1694 3296 1951 3341 Paschalius
1999 3315 2109 3358 per-

1215 3368 1372 3411 peram
1394 3367 1655 3397 coniecere:
1686 3370 1735 3397 ιη
1759 3369 1983 3400 σοηειοηε.

1274 3421 1534 3467 maiestatis
1571 3426 1735 3480 poenis
1771 3427 1981 3482 adfectus·
2025 3435 2106 3470 est.

1215 3479 1453 3538 Relegatus
1496 3481 1542 3524 in
1585 3482 1750 3526 insulas
1789 3483 1994 3528 Baleares
2035 3492 2107 3528 te-

1215 3545 1358 3583 stante
1369 3537 1561 3584 Eusebio
1582 3540 1632 3584 in
1653 3540 1822 3586 Chron-

1920 2710 1980 2756 cf.
2018 2720 2112 2756 not.

1856 2838 2113 2885 Ernestiust
2166 2880 2169 2884 ,
