2222 4030
1746 161 1784 197 A
1793 161 1865 196 μῦ.
1879 165 1968 203 790.

1746 206 1799 245 A..
1818 204 1866 242 C.
1896 210 1968 246 δῖ.

192 157 319 223 428
877 135 1382 228 ANNALI‘UM

193 291 464 348 dicorum
488 299 643 345 artes
665 298 839 364 atque
864 307 964 344 eos
978 327 999 357 ,-
1036 289 1142 365 qui
1163 299 1298 363 post
1321 289 1683 349 tricesimum
1711 296 1924 352 aetatis
1943 318 2052 356 an-

190 397 339 434 num
371 376 448 431 ad
481 373 935 431 internoscenda
969 373 1205 448 corpori
1229 393 1334 430 suo
1360 374 1531 432 utilia
1554 379 1650 434 vel
1674 381 1851 437 noxia
1875 381 2055 438 alieni

195 459 431 521 consilii
458 459 813 533 indigerent.

363 542 612 604 XLVII.
699 542 948 601 Interim
980 541 1209 600 Romae
1243 543 1459 601 futuris
1495 547 1671 604 etiam
1700 561 1834 624 post
1869 549 2054 608 Tibe-

192 631 352 688 rium
377 629 660 689 caedibus
686 629 910 702 semina
942 627 1326 689 iaciebantur.
1399 628 1642 689 Laelius
1654 633 1878 692 Balbus
1893 634 2057 692 Acu-

187 717 334 775 tiam
354 713 422 775 P.
446 711 676 771 Vitellii
700 715 999 795 quondam
1026 706 1270 769 uxorem
1291 715 1609 774 maiestatis
1635 722 2056 793 postulaverat:

190 821 308 880 qua
360 801 637 858 damnata
689 820 825 860 cum
877 797 1208 873 praemium
1261 803 1586 859 accusatori
1629 805 2060 876 decerneretur,

192 885 402 952 Iunius
427 881 599 948 Otho·
620 885 895 942 tribunus
917 883 1114 958 plebei
1138 883 1503 954 intercessit„
1566 890 1726 943 unde
1752 890 1870 946 illis
1902 891 2057 960 odia,

189 994 330 1031 mox
350 966 587 1029 Othoni
607 970 894 1036 exsilium.
979 966 1137 1024 Dein
1159 970 1485 1032 multorum
1509 969 2058 1031 amoribus'famosa

189 1053 521 1126 Albucilla,
575 1055 672 1113 cui
704 1053 1155 1110 matrimonium
1194 1066 1328 1111 cum
1360 1055 1555 1114 Satrio
1598 1056 1872 1116 Secundo
1913 1081 2058 1116 con-

189 1142 504 1207 iurationis
542 1140 738 1197 indice
771 1140 993 1209 suerat,
1053 1140 1317 1197 defertur
1341 1155 1344 1158 ’
1364 1141 1682 1216 impietatis
1725 1144 1791 1199 in
1831 1145 2058 1219 princi-

189 1249 347 1305 pem.
433 1225 936 1286 connectebantur
957 1235 1026 1282 ut
1049 1221 1271 1281 conscii
1299 1237 1355 1282 et
1379 1227 1633 1285 adulteri
1659 1229 1783 1285 eius
1806 1228 2070 1288 Cn.Do->

189 1314 421 1382 mitum,
477 1310 701 1378 Vibius
722 1308 990 1379 Marsus,
1044 1308 1116 1370 L.
1153 1304 1496 1373 Arruntius,
1600 1314 1672 1369 de
1705 1315 2056 1372 claritudine

189 1397 442 1460 Domitii
467 1416 642 1471 supra
663 1395 1010 1454 memoravi.
1055 1394 1313 1467 ‚Marsus
1337 1418 1574 1475 quoque
1594 1399 1839 1456 vetustis
1860 1397 2056 1458 hono-

190 1485 359 1544 ribus
384 1495 439 1540 et
460 1481 728 1541 inlustris
754 1481 965 1538 studiis
990 1491 1131 1540 erat.
1195 1482 1297 1538 sed
1320 1483 1558 1540 testium
1583 1484 2054 1558 interrogationi,

188 1567 500 1631 tor-mentis
535 1586 841 1627 servorum
865 1565 1215 1630 Macronem
1250 1569 1610 1643 praesedisse
1648 1571 2055 1628 commentarii

1217 1786 1325 1830 illis.
1389 1785 1572 1830 Scilicet
1596 1787 1806 1832 invicem.
1848 1795 1851 1798 ’

1214 1858 1547 1959 οὸοηιάναίιόηίε
1568 1859 1733 1903 indice.
1796 1858 1855 1904 cf.
1877 1867 1975 1902 not.
1999 1861 2054 1903 ad

1159 1931 1200 1959 c.
1257 1947 1268 1959 .
1819 1940 1821 1942 ·

189 1783 291 1833 Tib.
323 1804 362 1832 c.
383 1786 483 1842 7223
521 1776 720 1830 Cronius'
749 1791 795 1828 et
822 1784 1088 1841 patientia;

188 1848 393 1891 Bilta-us·
443 1845 742 1899 impotentia.
829 1842 920 1886 Sed
973 1841 1085 1885 nihil

187 1906 363 1962 laborat
414 1902 661 1962 vulgatum.
742 1901 804 1944 In
848 1900 1085 1956 patientia

189 1959 355 2006 dicitur
378 1959 499 2003 utin
535 1966 681 2009 metu,
722 1957 770 2002 in
808 1957 996 2016 gaudio,
1038 1956 1084 1998 in

187 2021 361 2064 tristitia
387 2017 575 2076 aliaque.
638 2018 728 2060 lam
757 2017 802 2059 in
827 2023 956 2058 ‘metu
990 2014 1084 2056 for-

187 2077 454 2128 titudinem,
486 2078 532 2119 in
565 2075 729 2135 gaudio
757 2073 1004 2123 tristitiam,
1038 2072 1085 2115 in

186 2132 603 2191 tristitia'gaudium
626 2130 838 2175 simulare
868 2138 934 2174 est
958 2129 1086 2172 forti-

185 2192 416 2243 tudinem,
465 2190 712 2242 tristitiam,
764 2188 980 2245 gaudium
1029 2188 1085 2230 si-

189 2250 387 2302 mulare,
441 2248 544 2292 licet
595 2246 718 2290 intus
764 2246 822 2288 sis
864 2256 1086 2292 metuens,

190 2307 414 2368 gaudens,
455 2302 607 2349 tristis.
691 2303 755 2346 Ita
787 2303 998 2345 Tiberius
1033 2303 1084 2343 in

185 2365 435 2422 patientia
466 2358 536 2417 (ἐν
579 2363 698 2429 μέσῃ
748 2363 801 2419 τῇ
848 2359 1083 2412 ἀσθενείᾳ,

187 2420 362 2484 μεταξὺ
393 2419 625 2476 ἀσθενῶν)
642 2418 999 2476 firmitudinem
1021 2417 1085 2458 si-

189 2483 345 2525 mulat
371 2472 414 2522 Β.
440 2494 478 2521 e.
509 2472 1085 2537 praetulitfirmit'udinem,

189 2540 298 2584 licet
327 2553 464 2582 verus
497 2543 654 2585 status,
686 2533 735 2576 in
759 2547 849 2589 quo
881 2531 1084 2575 versaba-

188 2607 288 2648 tur,
329 2603 423 2638 erat
455 2593 680 2652 patientia.
755 2590 961 2645 Namque
989 2603 1084 2641 pu-

191 2654 362 2698 nentia
394 2651 468 2696 hie
500 2646 810 2707 metonymice
840 2653 890 2695 ut
925 2643 1086 2702 saepis-

191 2713 301 2757 sime
326 2709 493 2754 dicitu-r
513 2723 598 2767 pro
615 2707 691 2758 iis,
756 2719 837 2747 uae
858 2701 1091 2760 quis‘patiw

189 2779 281 2814 tur.
331 2767 388 2812 cf.
412 2780 535 2825 supr.
560 2765 602 2814 6,
626 2767 667 2807 1.
718 2721 881 2806 ξοπιες.
904 2760 1008 2802 Nat.
1025 2759 1088 2814 Q.

193 2826 322 2880 1,·16.
359 2832 433 2868 est
463 2825 630 2880 aliqua
659 2823 800 2864 etiam
822 2819 1092 2873 prostitutis

190 2885 456 2931 modestia.
479 2889 524 2924 et
547 2883 632 2924 illa
653 2892 880 2933 corpora,
905 2876 1088 2928 publico

192 2943 369 2986 obiecta
403 2940 626 2990 ludibrio,
656 2935 863 2992 aliquid,
896 2947 988 2988 quo
1015 2935 1088 2974 in-

181 3001 316 3059 felix
346 2997 582 3053 patientia
614 2998 785 3042 lateat,
819 2993 1093 3034 obtendunt.

194 3058 259 3101 ld.
306 3073 374 3115 ep.
418 3055 487 3098 78.
529 3055 601 3097 82.
637 3053 709 3096 97.
798 3048 901 3091 Vid.
954 3047 1094 3090 Roth.

196 3115 384 3171 Quaest'.
417 3111 670 3155 Grammat.
714 3110 888 3165 (Neues
918 3107 1090 3147 Archiv

181 3175 230 3232 s.
252 3173 334 3216 Ph.
356 3181 400 3214 ιι.
424 3171 475 3214 Ρ.
506 3167 630 3212 1830.
660 3183 732 3215 nr.
756 3167 782 3210 3
801 3182 846 3208 u.
868 3162 928 3219 4.)
985 3163 1088 3217 (In-

195 3232 304 3275 ἄστη
325 3243 377 3271 er
401 3229 497 3272 sich
519 3226 705 3270 Gewaze
724 3225 904 3272 anthat,
930 3223 1090 3263 wollte

195 3304 249 3333 er
270 3289 389 3330 noch
407 3285 585 3341 krlz'stz'g
604 3283 854 3337 scheinen.)

208 3345 368 3389 *CAR
401 3343 483 3389 47..
556 3343 793 3386 Acutiam.
878 3335 1088 3378 Heinsius

135 3432 146 3437 -
199 3409 468 3459 corruptum
487 3408 612 3457 puta-t
633 3402 817 3441 'nomen-
860 3392 1092 3442 Concedo,

198 3459 283 3503 sed'
329 3458 428 3515 quis
479 3457 712 3516 expediet?
763 3451 866 3495 ·1·lle
905 3449 1090 3495 coniicit

198 3517 455 3574 Aquiliam.

1116 2353 1122 2361 '
1157 2351 1418 2391 derselben.

1214 1987 1430 2042 defertur
1452 1987 1730 2042 impietatis.
1791 1987 1882 2030 Dio
1914 1988 1981 2040 57,
2007 1989 2050 2032 9.

1158 2041 1372 2099 ἀσέβειάν
1406 2059 1453 2094 τε
1489 2043 1579 2103 γὰρ
1613 2041 1699 2100 ἤδη
1724 2049 1799 2087 καὶ
1821 2043 1870 2089 ’τὸ
1898 2049 2054 2094 τοιοῦ-

1158 2117 1241 2146 τον
1267 2099 1513 2160 ὠνόμαζον
1545 2106 1622 2146 καὶ
1655 2105 1785 2154 δίκας
1819 2103 1894 2148 ἐπ’
1929 2104 2053 2162 αὐτῷ

1158 2160 1333 2209 πολλὰς
1359 2162 1536 2218 ἒςῆγον.

1218 2241 1270 2275 ut
1285 2233 1460 2275 conscii
1480 2240 1524 2274 et
1543 2235 1762 2275 adulteri.
1802 2232 2053 2275 Converte:

1158 2293 1234 2334 als
1260 2287 1583 2343 Mitschuldige
1619 2294 1738 2333 auch
1771 2291 1846 2333 die
1868 2290 2054 2333 Bumen

1501 2347 1776 2406 Plerumque
1813 2356 1858 2391 et
1899 2348 2055 2391 volunt

1158 2421 1253 2448 esse
1275 2409 1390 2447 und.

1215 2475 1494 2517 Arruntius,
1554 2474 1637 2518 Ed.
1662 2475 1869 2520 Beroald‘.
1894 2474 2054 2518 Arun-

1160 2531 1270 2574 cius.
1331 2531 1432 2574 Alc.
1458 2533 1726 2574 Arruncius.

1214 2616 1361 2656 supra
1383 2601 1660 2644 memoravi.
1719 2602 1778 2645 cf.
1803 2604 1846 2651 4,
1867 2603 1937 2645 75.

1214 2671 1541 2726 suspicionem.
1602 2669 1680 2714 Sic
1704 2672 1803 2714 edd.
1827 2671 1927 2715 Ale.
1954 2689 2050 2730 sqq.

1159 2729 1349 2831 {faffii
1364 2729 1576 2772 Beroald.
1610 2730 1938 2784 suspitionem,
1978 2731 2052 2776 hic

1215 2869 1489 2913 Macronem
1504 2871 1813 2925 praesedisse.
1868 2872 2050 2916 Exerce-

1158 2928 1235 2972 bat
1268 2926 1342 2969 ille
1384 2936 1618 2972 tormenta,
1648 2945 1741 2971 non
1786 2946 1836 2972 ex
1876 2939 2054 2974 senatus

1160 2984 1447 3033 auctoritate,
1477 2985 1554 3028 sed
1577 3001 1600 3027 e
1620 3002 1700 3028 sua
1724 2996 1765 3029 et
1786 2986 1954 3030 Tiberii
1979 3006 2051 3030 vo-

1159 3043 1343 3088 luntate.
1406 3042 1534 3097 Quae
1558 3052 1820 3096 extorserat,
1851 3045 1904 3086 ad
1931 3062 2053 3089 sena-

1159 3110 1257 3143 tum
1282 3100 1597 3148 mittebantur,
1630 3101 1753 3157 quasi
1777 3118 1826 3144 re
1852 3103 1953 3144 satis
1986 3119 2052 3144 ex-

1162 3158 1343 3216 plorata·
1367 3167 1408 3200 et
1442 3158 1495 3203 ad
1523 3159 1785 3201 sententiam
1813 3159 2050 3202 ferendam

1161 3223 1438 3274 praeparata.
1524 3215 1612 3257 Dio
1657 3215 1734 3263 58,
1763 3217 1834 3258 24.
1875 3215 2053 3273 ἀφείθη

1156 3274 1247 3333 μὲν
1268 3272 1359 3330 γὰρ
1384 3274 1477 3315 τῶν
1499 3275 1803 3316 αῗῖιαθιέντων
1837 3270 1935 3317 τότε
1969 3274 2053 3318 οὐ-

1161 3332 1278 3384 δεὶς,
1325 3327 1493 3379 πάντες
1518 3330 1563 3373 δ’
1596 3327 1860 3387 ἡλίσκοντο,
1904 3334 2056 3390 οἱμὲν

1129 3429 1134 3434 .
1160 3391 1343 3438 πλείους
1373 3389 1423 3432 ἐκ
1455 3390 1550 3431 τῶν
1582 3391 1881 3461 τοῦΤιβερίοιΙ]
1906 3407 2056 3448 γραμ-

1159 3443 1322 3506 μάτων
1357 3448 1435 3488 καὶ
1465 3448 1514 3489 ἐκ
1546 3448 1641 3489 τῶν
1672 3450 1755 3491 τοῦ

1272 3500 1282 3514 Ι
1846 3464 2055 3507 »ακρωνος

1162 3511 1379 3561 βασανων
1410 3513 1494 3547 etc.
1838 3519 1839 3522 ¹
