2222 4030
230 119 487 166 xxxvm
845 103 894 161 P
907 103 966 164 R
981 99 1034 160 A
1049 102 1102 162 E
1119 104 1169 165 F
1182 101 1237 162 A
1255 103 1308 163 Τ
1331 94 1451 164 1οζ

228 230 426 308 posuit
448 228 800 304 plerumque
825 225 891 283 in
912 226 1204 302 margine:
1246 227 1545 285 breviores
1572 228 1906 299 varietateS‚
1943 242 1999 287 et
2025 233 2073 286 si

228 335 346 392 qua
399 334 522 371 una
573 311 828 370 alterave
878 312 1072 370 littera
1127 313 1441 382 mutanda,
1507 313 1571 367 in
1624 312 1749 387 ipso
1800 327 2072 373 contextu

225 397 592 474 significavit.
690 395 858 470 Quae
899 398 1142 454 deerant
1184 397 1249 452 in
1289 398 1420 457 cod.
1456 396 1645 465 Flor.,
1701 409 1903 456 notata
1937 412 2072 456 sunt

223 483 463 541 lineolis
489 483 585 539 vel
610 482 843 558 punctis
878 482 1210 557 suppositis,
1293 477 1700 557 Reperiuntur
1730 483 1907 539 etiam
1941 486 2071 540 ani-

223 567 662 626 madversiones
689 587 760 624 ex
786 567 1026 640 ingenio
1059 565 1310 622 Victorii
1336 568 1659 641 profectae,
1714 588 1858 643 quas
1894 569 1994 624 ille
2036 589 2070 625 a

224 653 539 712 collatione
574 652 719 710 libri
755 650 1091 710 Florentini
1127 649 1397 708 distinxit
1438 653 1770 727 praeposito
1811 655 1854 709 ε’
1892 649 1979 731 (h.
2021 675 2068 710 e.

221 737 498 817 corrige).
579 736 886 813 Plerisque
923 737 988 791 in
1025 735 1169 791 locis
1193 733 1528 793 Victorium
1556 758 1691 794 cum
1714 733 1976 795 Pichena
2011 751 2068 796 et

221 823 437 883 Iacobo
466 821 777 880 Gronovio
817 822 888 876 de
918 821 1204 895 scriptura
1229 818 1578 878 Florentina
1607 824 2069 880 consentientem

218 909 450 968 inveni:
509 919 648 965 sunt
688 926 829 962 vero
868 901 1029 961 haud
1073 924 1290 980 pauca,
1347 926 1497 980 quae
1535 908 1608 962 ab
1649 907 1770 962 illis
1804 910 2067 981 neglecta

218 1006 321 1052 aut
352 995 583 1052 diversa
623 990 907 1067 prodidit.
996 988 1165 1061 Quae
1207 989 1404 1065 qualia
1445 1003 1502 1046 et
1540 1003 1761 1066 quanta
1799 993 1945 1062 sint,
2004 993 2085 1048 in.

216 1079 599 1137 adnotatione
637 1096 768 1132 mea
805 1075 1100 1147 leguntur.
1186 1073 1385 1146 Quam
1425 1074 1586 1130 enim
1624 1076 2065 1148 diligentissime

216 1166 345 1222 fieri
384 1163 578 1239 potuit
595 1206 614 1231 ‚
669 1159 921 1216 Victorii
947 1171 1118 1216 notas
1145 1159 1400 1234 expressi
1430 1180 1505 1215 ne
1530 1159 1795 1216 minimis
1824 1162 2064 1238 quidem

214 1250 464 1308 omissis,
562 1245 719 1305 Sunt
747 1244 1005 1321 denique
1036 1244 1153 1301 loci
1171 1290 1187 1314 ‚
1242 1245 1308 1300 in
1339 1245 1556 1320 quibus
1581 1245 1683 1302 ille
1716 1247 2065 1321 scripturam

210 1333 633 1392 Beroaldinam
661 1330 942 1388 intactam
968 1330 1210 1406 reliquit
1227 1375 1244 1399 ,
1299 1350 1640 1407 quanquam
1665 1327 1929 1388 Pichena
1965 1345 2064 1390 aut

211 1419 326 1477 Iac.
352 1416 697 1478 Gronovius
730 1416 796 1471 in
826 1415 1024 1472 codice
1049 1413 1211 1475 Flor.
1249 1415 1365 1471 alia
1404 1435 1463 1471 se
1506 1415 1722 1472 vidisse
1759 1429 2063 1477 testantur.

208 1504 560 1578 Quaeritur,
618 1501 716 1558 cui
757 1521 963 1558 eorum
1006 1501 1139 1575 plus
1181 1500 1320 1557 fidei
1360 1500 1435 1556 sit
1474 1496 1836 1562 habendum.
1930 1500 2062 1578 Ego

205 1586 359 1645 mihi
386 1587 674 1644 iudicium
701 1587 774 1642 de
800 1581 911 1642 hac
936 1605 1000 1642 re
1029 1606 1155 1646 non
1187 1586 1504 1658 adrogabo,
1590 1585 1662 1642 Id
1700 1598 1932 1651 tantum
1959 1609 2062 1644 ve-

205 1675 312 1731 lim
354 1672 718 1739 considereS,
773 1670 1115 1728 difficultate
1147 1671 1382 1743 legendi
1407 1671 1632 1727 litteras
1651 1670 2061 1745 Langobardi-

205 1779 300 1819 eas
326 1770 384 1816 et
409 1755 758 1833 compendia
794 1755 887 1810 illi
926 1755 1116 1811 codici
1150 1755 1391 1831 propria
1430 1755 1570 1813 satis
1608 1757 1871 1813 excusari
1906 1778 2061 1814 non-

204 1844 441 1903 nullum
464 1842 734 1900 virorum
763 1841 836 1896 de
864 1840 990 1896 eius
1015 1840 1306 1916 scriptura
1335 1841 1683 1902 dissensum.
1769 1839 1852 1900 Ut
1876 1853 1943 1899 ut
1968 1844 2058 1913 sit,

203 1928 640 2003 diligentiorem
674 1936 830 1983 certe
858 1924 1109 1982 Victorii
1144 1925 1524 1982 collationem
1558 1926 1746 1983 multa
1785 1941 2058 2001 arguunt.

202 2013 404 2088 Quare
453 2008 616 2069 haud
669 2011 876 2084 exigua
925 2022 1070 2085 puto
1119 2010 1367 2080 auxilia,
1437 2033 1586 2087 quae
1636 2012 1755 2068 iam
1795 2033 1829 2069 a
1873 2034 2058 2071 manu

199 2099 451 2157 Victorii
476 2099 551 2155 ad
576 2096 998 2154 stabiliendum
1013 2089 1346 2153 Annalium
1371 2094 1890 2174 Historiarumque
1913 2120 2056 2156 con-

196 2186 421 2248 textum
442 2183 792 2243 offeruntur.

362 2267 640 2329 Ceterum
679 2265 1018 2326 meminisse
1054 2275 1111 2323 te
1151 2263 1367 2334 velim,
1408 2262 1677 2323 victorio
1705 2286 1827 2323 esse
1856 2267 2054 2344 inspe-

198 2368 361 2414 ctum
400 2374 592 2412 unum
637 2352 811 2409 illum
854 2351 1127 2411 codicem
1156 2350 1368 2409 litteris
1402 2349 1868 2424 Langobardicis
1909 2356 2053 2412 scri-

309 2516 480 2566 editos,
511 2517 687 2576 saepius
710 2524 860 2577 postea
881 2516 1106 2575 repetitos.
1165 2515 1457 2573 Diligentiam
1482 2514 1576 2558 eius
1597 2523 1764 2559 veteres
1784 2517 1924 2562 libros
1943 2518 2051 2561 scri-

310 2583 412 2632 ptos
441 2574 708 2618 conferendi
735 2585 779 2619 et
809 2575 914 2618 inde
943 2581 1112 2617 textum
1145 2574 1372 2631 vulgatum
1405 2587 1543 2629 quem
1579 2582 1737 2616 vocant
1769 2574 2049 2624 emendandi,

308 2647 455 2675 raram
478 2631 743 2690 religionem
765 2640 809 2676 et
828 2632 962 2674 fidem
987 2630 1070 2675 hae
1092 2647 1142 2676 re.
1163 2629 1504 2688 comprobatam
1538 2645 1628 2671 uno
1657 2632 1781 2687 quasi
1819 2647 1901 2674 ore
1929 2648 2047 2674 sum·

310 2688 396 2732 mis
419 2688 626 2733 laudibus
651 2697 872 2736 ornarunt
896 2688 1005 2739 viri,
1038 2704 1152 2745 quos
1174 2689 1221 2731 in
1253 2696 1346 2731 arte
1370 2686 1522 2729 critica
1546 2687 1785 2732 factitanda
1807 2687 1903 2731 fere
1925 2689 2048 2746 prin·

309 2745 431 2803 cipes
460 2745 703 2798 iactamus,
741 2748 775 2791 l.
806 2745 1004 2804 Scaliger
1030 2746 1093 2803 (ju
1117 2743 1413 2800 Scaligeranis
1435 2744 1663 2800 prioribus
1689 2746 1843 2802 p.147.
1859 2778 1870 2796 ,
1903 2754 2047 2803 poste-

307 2802 505 2849 rioribus
527 2819 571 2860 p.
592 2804 712 2859 251.)
729 2837 742 2854 ,
796 2803 1115 2849 L.Torrentius
1139 2803 1215 2857 (ad
1239 2803 1361 2847 Suet.
1385 2800 1547 2845 Claud.
1574 2818 1611 2845 c.
1635 2801 1750 2851 43),
1775 2802 1808 2852 Ι,
1833 2803 1890 2847 G.
1912 2803 2047 2847 G‘rae-

309 2859 411 2906 vius
440 2859 489 2902 in
523 2861 673 2904 Praef.
703 2863 758 2906 ad
791 2861 884 2906 Cic.
907 2860 1074 2917 Epist„
1115 2862 1239 2905 loau.
1275 2860 1393 2916 Aug.
1428 2858 1660 2902 Ernestius
1693 2860 1881 2919 aliique,
1933 2877 2046 2918 quos

307 2945 571 2974 enumerare
591 2930 779 2989 longum
801 2941 882 2975 est.
942 2929 1076 2974 Diem
1099 2931 1211 2974 obiit
1230 2947 1491 2990 supremum
1512 2946 1548 2975 a.
1572 2932 1615 2974 d.
1633 2921 1708 2973 v—l.
1727 2930 1789 2972 ld.
1803 2930 2046 2974 Decembr.

305 2993 629 3047 MDLXXXV.
678 3018 819 3046 annos
862 3010 993 3046 natus
1033 3004 1263 3061 octoginta
1306 3020 1392 3047 sex.
1463 3002 1689 3046 Uberiora
1725 3001 1760 3044 si
1800 3004 1898 3060 quis
1937 3004 2046 3048 velit

307 3075 609 3117 cognoscere,
641 3059 794 3102 adeatx

362 3117 490 3171 (Ant.
515 3117 779 3163 Benivieni:
816 3118 932 3160 Vita
963 3119 1016 3159 di
1034 3117 1173 3161 Piero
1202 3118 1410 3167 Vectori,
1452 3119 1669 3167 l'cmtico,
1719 3117 2046 3161 Gentillmomo

364 3175 655 3219 Fiorentino.
688 3174 906 3217 Fiorenza
934 3175 1056 3218 1583.
1115 3175 1198 3217 Elo
1232 3174 1326 3218 ium
1351 3174 1404 3217 P.
1424 3174 1483 3217 V.
1504 3175 1575 3217 in:
1606 3174 1720 3217 Eius
1741 3182 1785 3216 et
1804 3175 1942 3219 Ioan.
1959 3178 2043 3220 Ca-

364 3233 475 3275 selt'i
495 3233 701 3286 epistolis
732 3233 891 3286 (Frcfti
917 3233 1065 3286 1697.)
1092 3249 1135 3289 p.
1163 3234 1183 3275 1
1217 3234 1309 3275 7-
1329 3232 1425 3274 142.
1484 3234 1534 3276 L.
1564 3231 1776 3277 Salviati:
1815 3235 2040 3276 orazione

362 3292 484 3332 delle
508 3290 632 3332 Lodi
658 3292 711 3332 di
740 3288 873 3333 Piero
907 3290 956 3332 V
952 3292 1097 3333 (κίονί
1122 3290 1195 3333 in:
1236 3291 1463 3333 Raccolta
1496 3291 1546 3332 (Ζί
1574 3289 1724 3332 Prose
1751 3290 2039 3333 Fiorentine.

366 3345 472 3392 Vol.
493 3340 570 3390 lll‘.
601 3363 644 3404 p.
669 3347 906 3391 81—142.
963 3347 1022 3394 A.
1047 3341 1112 3394 Μ.
1136 3348 1353 3393 Bandini:
1395 3351 1452 3391 de
1484 3349 1580 3395 vita
1612 3355 1656 3390 ec
1689 3349 1876 3403 scriptis
1908 3349 1958 3394 P.
1982 3349 2035 3392 V..

361 3404 560 3454 Florem.
587 3405 731 3461 1⁷59.)
