2222 4030
180 184 412 269 223⁷}ss
593 181 897 248 mnu
973 181 1314 246 cA1›.50.
1349 181 1455 246 51.
1547 197 1550 199 “
1826 181 1953 243 431

5 327 16 335 ‘
96 323 259 381 velut
278 318 520 398 propria
542 318 619 374 ad
644 314 878 390 negotia
901 313 1235 389 digrediens
1263 325 1320 372 et
1351 333 1467 391 per
1491 312 1743 389 speciem
1775 311 1960 369 officii

95 427 340 465 manum
373 404 714 479 complexus
748 401 987 476 pulsum
1017 418 1307 455 venarum
1343 400 1551 473 attigit.
1635 416 1829 474 neque
1869 397 1959 453 fe-

94 493 291 561 fellit.¹
366 510 508 546 nam
547 487 857 554 TiberiuS,
913 485 1203 541 incertum
1238 504 1316 540 an
1366 485 1627 541 offensus
1670 494 1960 559 ⁴tantoque

90 578 278 651 magis
302 575 453 632 iram
485 591 788 649 premenS,
828 568 1146 626 instaurari
1178 569 1379 643 epulas
1413 570 1582 639 iubet⁵
1613 567 1962 626 discumbit-

93 683 218 739 que,
235 662 391 719 ultra
416 660 686 724 solitum,
727 655 895 732 quasi
915 651 1135 711 honori
1156 654 1429 711 abeuntis
1452 654 1628 712 amici
1652 651 1960 716 tribueret⁴

92 744 409 806 Charicles·
422 758 619 802 tamen
650 741 774 797 labi
803 740 1078 815 spiritum
1100 758 1209 796 nec
1230 738 1390 796 ultra
1424 739 1678 797 biduum
1710 740 1960 803 duratu-

94 853 230 890 rum
275 828 551 887 Macroni
596 826 870 885 firmavit.
978 825 1119 881 inde
1177 835 1387 893 cuncta
1444 823 1756 902 colloquiis
1802 824 1962 881 inter

91 927 456 994 praesentes,
495 913 726 969 nuntiis
751 911 910 987 apud
936 911 1156 984 legatos
1187 920 1245 967 et
1278 909 1563 967 exercitus
1593 909 1960 967 festinaban-

92 1015 209 1062 tur.
304 997 502 1058 XVII.
536 997 671 1056 Kal.
710 992 934 1071 Aprilis
972 995 1291 1053 interclusa
1324 994 1522 1051 anima
1569 992 1837 1052 creditus.
1873 1003 1961 1052 est

91 1086 512 1143 mortalitatem
546 1082 885 1159 explevisse.
970 1092 1029 1138 et
1061 1081 1253 1138 multo
1294 1091 1630 1154 gratantum
1668 1099 1963 1138 concursu

96 1174 171 1229 ad
215 1170 499 1246 capienda
541 1167 776 1242 imperii
816 1165 1142 1242 primordia
1174 1163 1240 1225 C.
1273 1165 1488 1223 Caesar
1531 1165 1961 1240 egrediebatur,

95 1278 229 1315 cum
256 1266 496 1331 repente
523 1253 788 1310 adfertur
809 1251 1004 1307 redire
1028 1250 1275 1308 Tiberio
1297 1271 1505 1308 vocem
1525 1270 1592 1308 ac
1617 1250 1809 1321 visuS,
1849 1270 1963 1307 vo·-

94 1342 331 1419 carique
359 1340 461 1417 qui
490 1338 841 1396 recreandae
872 1336 1188 1393 defectioni
1223 1336 1422 1394 cibum
1453 1337 1771 1396 adferrent.
1852 1355 1962 1412 pa·-

96 1448 204 1484 vor
227 1423 368 1482 binc
392 1426 456 1480 in
481 1443 713 1480 omnes:
759 1433 816 1478 et
842 1420 1019 1477 ceteri
1042 1422 1260 1496 passim
1286 1421 1575 1498 dispergi,
1618 1441 1679 1478 se
1710 1420 1963 1499 quisque

93 1522 383 1569 maestum
409 1520 511 1567 aut
536 1507 800 1565 nescium
834 1506 1078 1580 fingere:
1128 1504 1342 1565 Caesar
1379 1508 1444 1564 in
1476 1506 1779 1564 silentium
1811 1505 1964 1563 fixus

96 1619 129 1655 a
168 1617 397 1655 summa
437 1615 540 1671 spe
576 1592 898 1650 novissima
931 1592 1321 1667 exspectabat:
1386 1590 1593 1650 Macro
1630 1591 1963 1668 intrepidus
1999 1659 2005 1665 ⁵
2066 1631 2071 1638 ι

95 1682 356 1758 opprimi
383 1700 583 1737 senem
620 1678 841 1734 iniectu
867 1678 1088 1734 multae
1117 1678 1294 1736 vestis
1327 1677 1492 1735 iubet
1518 1678 1857 1754 discedique
1886 1676 1962 1734 ab

99 1764 322 1827 limine.
376 1766 457 1823 sic
471 1765 527 1823 T
532 1763 752 1822 iberius
775 1762 971 1821 finivit
990 1774 1197 1820 octavo
1230 1774 1288 1821 et
1310 1763 1736 1840 septuagesimo
1758 1762 1963 1821 aetatis

96 1875 275 1913 anno·

267 1947 370 2009 LI.
454 1946 631 2005 Patcr
668 1947 721 2004 ei
747 1945 905 2004 Nero
943 1959 998 2005 et
1028 1948 1330 2025 utrimque
1369 1949 1534 2023 origo
1564 1948 1752 2022 gentis
1778 1945 1962 2007 Clau-

97 2037 256 2104 diae,
311 2054 651 2111 quanquam
690 2044 877 2090 mater
910 2033 972 2088 in
1005 2032 1240 2091 Liviam
1280 2046 1337 2092 et
1369 2055 1507 2091 mox
1546 2032 1760 2091 Iuliam
1790 2034 1966 2091 fami-

98 2123 239 2178 liam
276 2119 698 2194 adoptionibus
736 2118 1052 2180 transierit.
1150 2117 1335 2178 Casus
1369 2120 1563 2196 prima
1597 2120 1685 2176 ab·
1713 2119 1967 2178 infantia

99 2206 397 2282 ancipites,
488 2224 625 2259 nam
660 2204 1054 2279 proscriptum
1092 2216 1318 2280 patrem
1354 2205 1516 2261 exsul
1548 2215 1811 2274 secutUS,
1858 2205 1967 2262 uhi

99 2295 343 2349 domum
376 2287 628 2362 Augusti
665 2289 971 2364 privignus
1007 2289 1268 2359 introiit,
1304 2284 1510 2347 multis
1542 2290 1790 2347 aemulis
1822 2310 1971 2347 con-

100 2379 353 2434 ssictatus
386 2387 496 2444 est,
542 2376 684 2430 (lum
710 2373 1032 2431 Marcellus
1067 2385 1126 2431 et
1145 2369 1440 2451 Agrippa,
1480 2395 1618 2431 mox
1642 2373 1822 2432 Caius
1841 2373 1970 2433 Lu-

101 2465 341 2538 ciusque
396 2458 672 2517 Caesares
727 2460 983 2533 viguere.
1093 2460 1269 2517 etiam
1319 2461 1502 2516 frater
1557 2458 1682 2517 eius
1732 2457 1968 2518 Drusus

103 2546 472 2624 prosperiore
501 2544 721 2603 civium
748 2562 948 2602 amore
978 2555 1119 2605 erat.
1205 2544 1307 2601 sed
1340 2544 1593 2603 maxime
1634 2545 1699 2602 in
1733 2545 1966 2605 lubrico

153 2788 240 2831 per
261 2773 457 2826 speciem
480 2770 633 2826 officii.
686 2769 875 2814 Sueten.
891 2767 994 2814 Tib.
1110 2770 1285 2828 smr‘m'e.
1340 2768 1618 2829 ἐτελεύτησε.
1679 2771 1832 2834 Vulgo
1853 2776 1961 2822 seri.

102 2851 142 2877 e..
161 2832 231 2875 72.
263 2846 370 2875 cum
406 2844 600 2870 mmmm
632 2829 728 2870 sibi
754 2827 999 2870 osculandi
1066 2836 1217 2888 plores
1237 2828 1409 2874 addunt
1429 2831 1591 2875 vitam.

102 2906 251 2935 causa
305 2886 707 2941 apprehendisset.
799 2885 886 2928 Sed
935 2884 993 2927 ob

102 2966 204 2991 cnm
233 2948 382 2990 locum
410 2959 503 2988 non
542 2959 655 3002 opus
685 2952 776 2995 est,
817 2949 863 2985 ut
891 2957 993 2986 cum

102 3006 252 3063 Lipsio
291 3003 434 3060 officii
472 3011 697 3044 mutemus
741 3000 786 3043 in
830 3000 994 3042 osculi.

105 3064 216 3107 Nan·
238 3063 283 3105 in
307 3059 464 3103 osculo
482 3060 523 3101 id
544 3059 749 3102 officium
774 3065 851 3107 est,
872 3056 994 3115 quod

101 3121 263 3164 Noster
283 3118 407 3162 dicit.
469 3118 590 3160 Benc-
615 3117 678 3160 sie
703 3115 949 3159 Emesam.

157 3192 306 3233 neque
318 3175 512 3231 fefellit.
571 3174 647 3217 Sc.
670 3174 711 3217 T
714 3172 922 3217 iba-rium.

1124 2922 1289 2958 octavo
1319 2922 1364 2959 ee
1388 2915 1732 2972 septuagesimo
1754 2924 1849 2961 aee.
1873 2932 1961 2962 an.

1066 2971 1255 3017 sueton.
1295 2973 1323 3018 1.
1361 2971 1388 3016 l.
1420 2973 1661 3018 consentit.
1739 2972 1831 3019 Dio
1867 2974 1899 3020 l.
1930 2975 1960 3022 l.

1066 3030 1174 3087 ἐβίω
1193 3030 1312 3076 ἑπτὰ
1337 3033 1413 3075 καὶ
1445 3027 1763 3091 ἑβδομήκοντα
1782 3033 1860 3091 ἔτη
1883 3035 1962 3079 καὶ

1065 3090 1216 3148 μῆνας
1242 3093 1465 3148 τέσσαρας
1495 3093 1572 3134 καὶ
1606 3087 1778 3149 ἡμέρας
1807 3090 1958 3138 ἐννέα.

1067 3147 1222 3215 Aure-l.
1240 3147 1361 3195 Vict.
1387 3148 1493 3207 epit.
1521 3165 1563 3195 c.
1583 3149 1627 3193 2.
1643 3156 1753 3204 post
1767 3157 1960 3204 reptan-

157 3236 333 3276 decimo
355 3234 555 3287 septimo
571 3232 684 3276 Kal.
702 3235 816 3283 Apr.
873 3230 994 3274 Suet.
1064 3220 1291 3261 gemmam
1313 3212 1524 3251 “davum
1548 3221 1728 3250 “mmm
1754 3214 1798 3251 et
1820 3221 1960 3251 men*

102 3292 208 3337 Ἧι..
245 3306 284 3334 ο.
312 3289 382 3333 73.
414 3307 516 3334 cum
550 3290 711 3332 'Facito
754 3287 996 3333 comeum·
1065 3278 1166 3306 aem
1209 3270 1448 3319 quartum.
1514 3264 1574 3311 cf.
1604 3263 1870 3311 Tzschucke
1898 3266 1956 3311 ad

106 3349 196 3393 nio
228 3350 295 3398 58,
323 3349 394 3390 28.
419 3344 669 3409 μετήλλαξε
706 3349 756 3408 τῇ
786 3347 888 3406 ἐ’κιῃ
918 3347 996 3391 καὶ
1067 3321 1252 3381 Emmp'
1279 3320 1322 3370 ⁷·
1348 3323 1414 3367 u·
1437 3322 1518 3380 (δ’)

103 3408 285 3473 εΙκοσιῇ
320 3408 398 3449 τοῦ
435 3410 649 3464 Μαρτίου
677 3403 837 3463 ἡμέρᾳ.
903 3404 928 3446 i.
954 3422 992 3447 e.
1122 3404 1235 3449 Car.
1263 3407 1334 3450 51.
1405 3405 1549 3450 Ροιοι·
1568 3436 1580 3451 .
1597 3437 1609 3451 .
1628 3439 1640 3452 .
1660 3439 1671 3453 .
1695 3406 1955 3456 transierit.

106 3463 205 3508 vn.
241 3465 340 3507 hal.
375 3466 488 3521 Aps.
551 3465 776 3508 Zonaras:
814 3463 995 3523 εἰκοστῇ
1065 3461 1125 3506 cl.
1150 3462 1339 3509 Sueten.
1359 3462 1464 3510 Tib.
1498 3481 1538 3511 c.
1559 3463 1603 3511 8.
1635 3473 1679 3511 el
1699 3464 1952 3514 'l'acit.An.

106 3525 184 3567 τοῦ
209 3526 439 3581 Μαρτίου.
1065 3519 1105 3571 5·
1130 3521 1168 3565 ¹·
