2222 4030
1835 229 1884 264 Α.
1899 231 1952 265 U.
1966 230 2044 263 767.

1835 272 1885 309 A.
1905 270 1952 308 C.
1988 275 2042 308 14.

283 232 367 292 '74
961 227 1459 290 ANNALIUM

288 361 491 418 tuisse:
538 357 851 416 Tiberium
871 357 1162 433 vigentem
1187 360 1359 416 annis
1381 359 1579 415 sedere
1605 362 1670 415 in
1692 362 1910 432 senatu,
1952 368 2130 422 verba

285 457 522 521 patrum
573 443 980 499 cavillantem?
1043 445 1180 500 satis
1228 457 1602 518 prospectum
1641 447 1902 503 urbanae
1949 452 2131 506 servi-

287 531 424 588 tuti:
489 529 846 585 militaribus
881 527 1095 585 animis
1136 525 1470 584 adhibenda
1515 530 1806 600 fomenta,
1872 543 1940 588 ut
1980 520 2131 592 serre

285 635 487 690 pacem
510 614 713 672 velint.

451 709 700 769 XLVII.
786 707 1103 767 Immotum
1148 711 1425 767 adversus
1464 731 1562 768 eos
1595 731 1892 770 sermones
1924 715 2135 772 fixum-
2194 782 2201 785 ι

286 817 399 873 que
435 795 677 852 Tiberio
717 795 830 851 fuit
871 816 994 851 non
1031 795 1299 850 omittere
1332 809 1504 872 caput
1541 818 1772 868 rerum,
1838 819 2029 876 neque
2075 820 2134 856 se

270 873 524 958 'remque
556 879 856 955 publicam
885 880 949 935 in
985 899 1179 935 casum
1217 880 1374 939 dare.
1469 879 1663 938 Multa
1697 884 1913 959 quippe
1948 897 2003 942 et
2042 885 2134 940 di-

273 984 450 1023 ·versa
479 966 796 1039 angebant:
838 965 1093 1020 validior
1115 983 1220 1038 per
1233 961 1616 1021 Germaniam
1645 969 1951 1024 exercitus:
1994 990 2135 1044 pro-

272 1052 418 1127 ·pior
455 1052 618 1127 apud
643 1049 1040 1106 Pannoniam:
1086 1049 1186 1103 ille
1211 1046 1557 1106 *Galliarum
1590 1052 1801 1125 opibus
1837 1055 2134 1124 subnixia,

283 1133 379 1197 hie
409 1134 610 1192 Italiae
637 1134 980 1189 imminens:
1019 1153 1166 1208 quos
1190 1132 1371 1205 igitur
1395 1134 1744 1191 anteferret?
1786 1156 1851 1192 ac
1876 1157 1950 1192 ne
1973 1149 2136 1213 post-

281 1221 459 1298 positi
499 1219 852 1277 contumelia
888 1218 1363 1301 incenderentur.
1462 1218 1544 1276 At
1582 1239 1688 1295 per
1722 1221 1874 1289 filios
1917 1223 2137 1297 pariter

283 1306 471 1375 adiri,
510 1305 809 1360 maiestate
840 1304 1024 1371 salva,
1068 1303 1163 1358 cui
1202 1303 1394 1359 maior
1434 1324 1464 1359 e
1500 1305 1825 1381 longinquo
1861 1327 2137 1364 reveren-

283 1392 382 1450 tia.
446 1391 623 1446 simul
647 1387 1114 1444 adulescentibus
1130 1399 1474 1444 excusatum
1497 1392 1784 1465 quaedam
1803 1392 1883 1447 ad
1911 1403 2137 1466 patrem

284 1477 549 1533 reiicere:
594 1473 1029 1549 resistentisque
1060 1470 1416 1529 Germanico
1449 1486 1549 1530 aut
1571 1473 1766 1531 Druso
1807 1496 1975 1550 posse
2007 1497 2047 1532 a·
2077 1497 2136 1533 se

281 1560 539 1634 mitigari
559 1559 654 1615 vel
678 1557 948 1630 infringi:
994 1559 1156 1633 qnod
1186 1559 1349 1614 aliud
1386 1559 1747 1629 subsidium,
1802 1561 1852 1615 si
1884 1562 2139 1636 impera-

281 1658 472 1704 torem
505 1643 895 1720 sprevissent?
978 1640 1255 1700 Ceterum
1285 1655 1352 1699 ut
1377 1644 1494 1699 iam
1518 1645 1751 1721 iamque
1784 1645 1973 1703 iturus
1999 1647 2138 1721 legit

283 1731 582 1798 comiteS,·
630 1719 987 1803 conquisivit
1045 1727 1494 1802 impedimenta,
1565 1730 1875 1787 adornavit
1930 1751 2134 1788 naves:

280 1836 418 1871 mox
446 1811 698 1870 hiemem
725 1824 826 1869 aut
847 1811 1080 1886 negotia
1110 1813 1270 1868 varie
1299 1825 1566 1869 causatus
1588 1815 1779 1888 primo
1803 1818 2137 1890 prudentes,

267 1900 421 1957 ‘dein
443 1899 687 1972 vulgum
703 1943 718 1966 ,
763 1897 1088 1954 diutissime
1115 1898 1449 1972 provincias
1473 1899 1696 1959 fefellit.

452 1994 732 2054 XLVIII.
821 1991 903 2052 At
950 1993 1370 2066 Germaniam,
1442 2017 1780 2073 quanquam
1839 2009 2135 2056 contracto

265 2083 539 2140 exercitu
577 2091 635 2136 et
671 2090 871 2155 parata
901 2080 966 2135 in
1002 2080 1320 2136 defectores
1354 2081 1608 2150 ultione,
1651 2082 1914 2138 dandum
1947 2079 2137 2141 adhuc

283 2169 535 2246 spatium
575 2176 766 2237 ratus,
811 2165 859 2220 si
897 2164 1115 2221 recenti
1152 2166 1414 2241 exemplo
1451 2165 1564 2222 sibi
1598 2167 1711 2241 ipsi
1750 2170 2138 2240 consulerent,

338 2358 450 2405 CAP.
473 2356 543 2401 47.
603 2355 859 2399 Immotum
889 2389 899 2400 .
921 2389 931 2399 .
954 2389 965 2399 .
979 2357 1173 2413 fixum-

262 2433 382 2475 -que.
440 2416 720 2474 Synonyma.
782 2414 840 2457 cf.
867 2414 1000 2466 Roth.
1035 2432 1079 2473 p.
1107 2410 1173 2457 14.

1247 2354 1441 2401 malebat
1486 2359 1598 2407 hac,
1658 2358 1781 2417 quod
1826 2359 2048 2402 referebat.
2082 2361 2136 2404 arl

1247 2415 1585 2472 praecedentia,
1644 2426 1694 2458 ut
1765 2415 1824 2458 ita
1894 2425 2137 2476 utrumque

282 2474 502 2518 Simil'ter
515 2471 674 2530 virgil.
698 2472 809 2514 Aen.
833 2470 872 2522 4,
898 2473 963 2515 15.
995 2473 1181 2518 Similn'

281 2547 381 2575 non
427 2531 588 2574 animo
621 2530 788 2586 fixum
837 2530 1104 2572 immotum(
1121 2544 1175 2571 ue

268 2593 478 2640 ,seder-et.
538 2585 700 2629 Graeci
741 2583 982 2640 ἄτρεπτον.
1054 2586 1090 2628 Ρ
1113 2594 1174 2629 ut.

273 2646 431 2691 meib.
463 2661 502 2688 c.
527 2643 595 2687 18.
627 2640 849 2700 ἄτρεπτος
876 2647 990 2701 πρὸς
1012 2643 1063 2687 τὸ
1088 2659 1174 2686 κα-

264 2699 605 2753 κῶς-ἀκούειν.
673 2701 792 2759 Lips.
825 2702 870 2744 in
907 2717 1045 2769 marg.
1081 2702 1174 2742 im-

284 2769 458 2804 motus.
530 2758 620 2802 Sed
639 2760 804 2815 fiscum
835 2758 966 2803 trahit
999 2774 1174 2801 Immo-

284 2826 399 2862 tum.
456 2816 592 2860 Rot'h.
614 2817 644 2860 l.
670 2816 698 2859 l.
721 2816 936 2863 adieetiva
964 2832 1047 2873 pro
1074 2817 1176 2859 sub·

283 2875 482 2919 stantivis
534 2874 642 2932 poni
696 2883 874 2922 censet,
933 2890 1028 2917 non
1071 2873 1176 2916 satis

284 2941 432 2984 recte;
461 2947 654 3001 namque
676 2929 726 2974 τὸ
740 2946 835 2972 non
859 2934 1072 2977 omittere
1094 2947 1176 2972 ca-

280 2997 366 3046 put
385 2988 739 3031 rerum'liberio
759 2988 1000 3031 immotum
1022 2987 1175 3030 fixum-

286 3061 372 3104 que
398 3045 496 3087 fuit.
520 3088 523 3090 ,
554 3045 630 3088 Sic
648 3046 753 3103 Agr.
785 3062 822 3087 e.
844 3048 880 3088 1.
910 3050 1036 3100 apud
1051 3047 1175 3099 prio-

285 3117 360 3146 res
373 3116 512 3158 ager-e
526 3110 794 3144 memoratu
806 3106 951 3157 digna
966 3117 1176 3158 pronum

257 3191 260 3196 ·
283 3167 404 3204 crat.

343 3230 456 3274 quos
490 3216 629 3270 igitur
672 3247 682 3260 .
712 3248 723 3262 .
748 3249 759 3260 .
803 3218 1174 3260 incenderentur.

285 3275 432 3318 Locus
455 3272 577 3318 varie
606 3274 658 3315 ab
690 3274 1008 3332 interpretibus
1038 3282 1176 3317 tenta·

287 3341 380 3380 ius,
455 3346 679 3386 uanquani
711 3347 857 3373 sanus.
935 3332 1178 3374 Rhenanus

287 3347 615 3442 vult:‘(2'cquos
637 3388 696 3439 ig.
720 3395 819 3431 ant.
870 3388 959 3431 Sed
985 3406 1077 3432 non
1101 3390 1178 3436 du-

289 3443 711 3494 bitabathiberiuQ
758 3461 813 3486 an
846 3461 958 3501 quos
990 3446 1178 3489 antescr-

289 3511 381 3554 ret,
409 3501 486 3545 sed
521 3509 649 3544 utros
684 3502 951 3550 anteferret,
984 3513 1032 3546 ut
1065 3504 1178 3546 bene

291 3567 447 3604 monet
471 3557 743 3603 Gronovius.
792 3558 998 3603 Heinsius
1019 3576 1103 3617 pro
1125 3577 1179 3602 ac

1248 2473 1503 2515 membrum
1528 2473 1664 2516 artius
1685 2472 1957 2517 cohaereret.
2003 2474 2137 2531 Egre-

1249 2528 1317 2589 gie
1348 2538 1496 2572 tamen
1518 2530 1754 2575 Wolfius:
1795 2547 1890 2582 „ac
1922 2533 2138 2574 insertum

1248 2595 1337 2638 est,
1392 2596 1441 2629 ut
1482 2587 1642 2631 melius
1682 2587 2012 2654 distinguantur
2048 2589 2137 2632 duo

1247 2653 1498 2697 momenta,
1529 2646 1727 2703 primum
1752 2653 1874 2702 optio
1896 2647 2011 2704 ipsa,
2042 2654 2137 2688 tum

1247 2706 1445 2744 n1etus.”
1522 2703 1559 2744 E
1588 2704 1731 2748 verbo
1774 2706 2008 2756 angebant
2048 2703 2136 2745 duo

1247 2754 1485 2815 ἀναλόγως
1500 2769 1602 2802 sunt
1620 2759 1858 2802 elicienda:
1882 2761 2139 2812 dubitabat,

1248 2817 1335 2859 utri
1360 2817 1551 2860 adeundi
1577 2816 1756 2869 forent3
1796 2819 2052 2869 metuebat,
2081 2834 2138 2861 ne

1247 2875 1482 2933 postpositi
1509 2875 1728 2917 dolerent.

1303 2947 1555 2987 adornavit
1594 2960 1756 2986 naves.

1833 2943 1908 2987 Sc.
1941 2945 1989 2987 in
2028 2943 2138 2988 Ger·

1249 3003 1443 3046 maniam
1462 3001 1589 3045 Ostia
1616 3001 1862 3045 Massiliam
1897 3001 2062 3053 iturus,
2091 3003 2135 3045 in

1248 3059 1530 3102 Pannoniam
1552 3075 1674 3102 mare
1695 3075 1908 3117 superum
1934 3059 2137 3102 traiectu·

1248 3133 1340 3160 I'US·

1294 3187 1487 3243 fefellit.
1547 3185 1608 3230 cf.
1643 3185 1831 3229 Sueton.
1864 3186 1968 3231 Tib.
2001 3203 2040 3231 c.
2064 3186 2136 3230 38.

1248 3243 1555 3289 Noster-infr.
1587 3243 1629 3294 4,
1653 3245 1694 3286 4.
1726 3243 1764 3295 3,
1787 3242 1856 3287 47.

1308 3327 1418 3372 CAP.
1442 3327 1514 3369 48.
1571 3330 1614 3370 si
1633 3360 1667 3370 ..
1684 3359 1693 3369 .
1718 3331 2018 3371 consulerent.
2064 3328 2139 3372 Sic

1254 3385 1414 3429 Graeci
1453 3393 1626 3442 ponunt
1658 3389 1720 3440 εἰ,
1761 3387 1829 3429 ob.
1890 3385 1946 3428 cs.
1978 3386 2136 3428 Matth.

1253 3443 1336 3486 Gr.
1364 3442 1445 3484 Gr.
1475 3446 1517 3496 §.
1546 3442 1642 3485 526.
1702 3443 1945 3486 Hermann.
1976 3442 2032 3485 ad
2065 3442 2136 3483 Vi-

1253 3517 1345 3560 ger.
1376 3500 1474 3543 812.
1536 3499 1648 3542 Vide
1690 3500 1822 3543 etiam
1858 3510 1951 3543 not.
1983 3500 2035 3545 ad
2073 3502 2139 3550 11,
