2222 4030
707 221 1306 298 PRAEFATIO.
1755 285 1760 297 ,
1869 238 1942 282 xr

78 385 208 434 tum
250 365 531 426 historiae
566 360 921 428 scribendae
958 355 1198 418 initium
1235 354 1376 411 inde
1412 356 1664 432 cepisse,
1691 360 1784 415 'ut'
1814 377 1942 415 non

79 476 228 534 opus
252 456 328 512 sit
349 445 617 524 longiore
638 441 818 503 huius
838 443 929 500 rei
951 440 1338 518 expositione.
1888 451 1898 457 ”

252 583 308 662 ξ.
348 580 447 640 10.
505 570 700 635 Liber
737 561 826 630 de
847 563 1210 628 Germania.
1308 565 1447 641 Quo
1487 578 1749 646 tempore
1790 571 1946 631 liber

81 672 154 727 de
193 664 515 726 Germania
547 657 873 738 prodierit,
930 657 1102 713 docet
1138 655 1305 712 locus
1342 674 1391 713 c.
1425 651 1527 712 37.
1564 650 1946 715 Sexcentesi-

80 773 243 811 mum
284 759 336 809 et
373 742 921 831 quadragesimum
958 760 1196 801 annum
1249 735 1397 796 urbs
1434 744 1650 795 nostra
1698 740 1946 822 agebat,

81 859 213 896 cum
259 834 527 917 primum
566 825 961 891 Cimbrorum
997 821 1223 906 audita
1262 829 1408 882 sunt
1452 842 1637 896 arma
1673 819 1950 887 Caecilio

82 920 341 981 ,Metello
374 938 448 978 ac
474 914 734 997 Papirio
756 908 1041 972 Carbone
1078 931 1227 969 coss.
1312 904 1431 966 Ex·
1464 908 1684 991 quon-si
1716 907 1812 970 ad
1842 911 1954 990 alss

82 1017 273 1066 terum
319 998 710 1087 imperatoris
758 995 1040 1058 Traiani
1082 991 1475 1054 consulatum
1524 1004 1951 1077 computemuS,

81 1089 327 1152 ducenti
340 1090 542 1175 serme
569 1095 621 1146 et
650 1082 841 1145 decem
874 1081 1036 1142 anni
1055 1078 1453 1160 colliguntur.
1527 1077 1774 1140 tamdiu
1789 1079 1950 1143 Ger-

83 1177 303 1237 mania
330 1174 609 1234 vincitur.
695 1172 849 1231 Nam
877 1170 928 1228 si
955 1169 1321 1248 quaerimUS‚
1362 1189 1469 1226 cur
1496 1164 1770 1240 TacituS,
1814 1180 1952 1229 cum

83 1263 227 1322 haee
275 1262 581 1328 scriberet,
644 1258 709 1314 in
759 1258 863 1313 illa
911 1275 1208 1313 annorum
1253 1252 1696 1330 computatione
1743 1258 1820 1313 ad
1864 1257 1955 1314 al-

82 1363 279 1409 terum
298 1345 550 1406 Traiani
572 1342 944 1405 consulatum
972 1339 1331 1410 substiterit,
1371 1340 1469 1396 vix
1499 1337 1679 1396 aliam
1704 1340 1831 1399 eius
1865 1343 1955 1400 rei

82 1436 374 1493 rationem
400 1429 771 1499 inveniemus
794 1446 972 1504 quam
1002 1428 1166 1503 quod
1194 1425 1447 1482 alterum
1483 1426 1626 1483 tun‘e
1654 1423 1955 1486 Traianus

85 1520 458 1579 consulatum
505 1524 747 1589 gereret.
857 1510 1125 1569 Pertinet
1163 1510 1344 1586 igitur
1383 1510 1547 1569 illius
1590 1511 1734 1570 libri
1770 1513 1953 1572 editio

86 1608 161 1664 ad
187 1626 327 1665 ann.
350 1604 484 1663 urb.
508 1597 658 1661 851.
679 1599 775 1656 vel
796 1593 942 1658 852.

260 1733 314 1811 ἓ.
344 1733 443 1792 11.
492 1725 921 1788 Historiarum
959 1724 1126 1784 libri.
1212 1724 1545 1803 Compositi
1575 1738 1715 1785 sunt
1749 1730 1958 1787 eodem

87 1821 350 1879 Traiano
386 1818 728 1891 imperante.
813 1812 1188 1871 Documento
1226 1823 1366 1870 sunt
1407 1813 1587 1870 verba
1625 1810 1781 1875 Hist.
1823 1812 1872 1886 I,
1904 1816 1959 1879 1.

88 1900 336 1984 Quodsi
379 1900 506 1957 vita
550 1891 919 1978 suppeditet,
986 1895 1405 1978 principatum
1454 1893 1587 1955 divi
1617 1892 1864 1958 Nervae
1904 1908 1959 1958 et

90 1987 411 2071 imperium
459 1980 768 2048 Traiani,
844 1980 1175 2040 uberiorem
1236 1979 1712 2064 securioremque
1763 1993 1959 2044 mate-—

94 2074 285 2141 riam,
353 2070 645 2130 senectuti
696 2066 969 2148 seposui,
1045 2087 1196 2124 rara
1252 2074 1588 2148 temporum
1630 2067 1960 2150 felicitate,

0 2196 8 2206 =
94 2159 203 2220 ubi
250 2157 470 2217 sentire
520 2173 676 2237 quae
727 2150 906 2221 velis,
974 2159 1027 2209 et
1073 2171 1230 2235 quac
1275 2152 1512 2211 sentias
1566 2149 1759 2214 dicere
1807 2154 1962 2217 licet.

93 2246 245 2306 Nam
300 2241 398 2301 hic
452 2237 757 2317 epitheton
813 2234 948 2295 divi
997 2240 1074 2296 ad
1126 2259 1348 2297 nomen
1399 2238 1628 2300 Nervae
1682 2244 1963 2318 positum,

95 2331 379 2391 omissum
423 2329 498 2386 ad
533 2326 781 2384 Traiani
827 2325 1185 2383 vocabulum
1224 2325 1365 2383 satis
1403 2327 1597 2401 arguit
1643 2323 1786 2387 haec
1840 2349 1963 2388 esse

88 2417 310 2492 ¹scripta
363 2426 420 2472 et
474 2412 632 2472 edita
686 2423 821 2488 post
862 2422 1117 2468 mortem
1158 2409 1389 2470 Nervae
1445 2423 1502 2470 et
1546 2425 1683 2471 ante
1727 2415 1963 2473 obitum

98 2500 365 2560 Traiani.
452 2496 854 2555 Historiarum
893 2517 1069 2573 opere
1110 2496 1448 2573 complexus
1477 2509 1563 2556 est
1593 2519 1685 2557 res
1714 2498 1974 2571 Galbae,-

98 2584 383 2655 Othonis,
414 2581 663 2654 Vitellii,
694 2581 1063 2659 Vespasiani,
1101 2581 1231 2641 Titi
1258 2594 1315 2640 et
1332 2581 1666 2641 Domitiani
1695 2583 1964 2663 (cf.Hist.

1 2683 15 2699 ⁵
101 2673 148 2744 1,
170 2675 230 2733 2.
264 2676 556 2753 quattuor
573 2666 880 2749 principes
902 2666 1085 2751 ferro
1119 2666 1487 2749 interempti)
1523 2690 1630 2746 per
1655 2682 1967 2749 quattuor..

0 2742 38 2797 5
97 2759 287 2815 (lecim
317 2757 534 2826 libros»,
569 2766 636 2813 ut
660 2753 915 2816 videtur.
992 2752 1084 2813 De
1108 2755 1579 2832 quattuordecim
1608 2756 1780 2815 libris
1802 2758 1966 2816 testis
2031 2790 2039 2797 -

100 2837 184 2901 est
225 2841 628 2919 Hieronymus
671 2839 736 2897 in
779 2840 1220 2899 commentariis
1269 2840 1344 2896 ad
1383 2835 1733 2900 Zachariam
1771 2863 1820 2904 c.
1855 2840 1965 2920 14.

0 2965 10 3016 s'
96 2928 295 2984 Verba
324 2938 488 2982 sunt:
532 2921 702 2980 Ilaec
731 2922 941 2981 omnia
960 2921 1315 3006 plenissime
1329 2919 1387 2981 Ἰ
1381 2918 1670 3007 osephus,
1714 2926 1826 3010 qui
1847 2924 1897 2986 I
1893 2950 1965 2986 u-

0 3027 12 3064 ·.
100 3009 345 3069 daicam
375 3006 619 3089 scripsit
646 3003 975 3067 historiam
1005 3016 1059 3066 et
1095 3005 1292 3068 multo
1333 3008 1608 3080 maiora,
1647 3032 1835 3095 quam
1875 3011 1963 3071 le-

95 3097 304 3177 gimus
334 3095 398 3152 in
421 3086 766 3176 prophetis,
798 3112 897 3151 eos
922 3093 1289 3152 sustinuisse
1312 3106 1762 3156 commemorat:
1806 3093 1965 3158 Cor-

0 3229 20 3240 ..
102 3181 302 3241 nelias
344 3198 577 3262 quoque
608 3176 901 3247 Tacitus,
943 3178 1058 3283 qui
1086 3185 1224 3262 post
1259 3176 1609 3260 Augustum
1653 3205 1838 3267 usque
1877 3182 1971 3242 ad

0 3295 10 3322 b

102 3275 351 3327 mortem
375 3263 743 3323 Domitiani
769 3264 927 3323 vitas
948 3261 1292 3324 Caesarum
1311 3266 1594 3347 ¹triginta
1634 3268 1967 3329 volumini·-

102 3354 216 3412 lms
256 3350 556 3412 exaravit.
666 3347 1078 3431 Hieronymus..
1107 3353 1498 3414 enim‘rlibros
1530 3352 1862 3416 Annalium
1910 3371 1968 3419 et

103 3439 502 3498 Historiarum
524 3458 643 3496 una
667 3437 815 3496 serie
844 3438 1195 3499 numeravit.
1281 3437 1404 3497 Iam
1420 3437 1747 3500 Annalium
1777 3464 1964 3522 quum

103 3527 221 3584 sint
251 3524 534 3592 sedecim,
577 3522 718 3580 inde
743 3525 1128 3601 consequitur
1146 3523 1546 3584 Historiarum
1581 3527 1758 3585 fuisse
1792 3539 1963 3608 quat·—

2190 212 2222 263 ..ξ

2139 333 2158 370 ,⁴¹
2179 340 2188 372 ἶ
