2222 4030
1802 179 1850 214 A.
1867 177 1922 214 U,
1939 178 2021 213 767.

1802 221 1853 257 A,
1872 221 1919 257 C.
1962 222 2022 256 14.

239 183 324 241 22
933 179 1444 242 ANNALIUM

245 309 449 368 nullus
482 320 623 368 tunc
660 308 887 384 legibus
916 309 1108 382 Ιοωε,
1150 312 1227 369 ad
1259 332 1424 369 arma
1454 309 1653 369 civilia
1690 323 1914 386 actum,
1958 333 2110 391 quae

176 382 183 402 ¹
247 415 441 472 neque
493 392 693 470 parari
743 407 981 472 possent
1030 416 1223 472 neque
1277 392 1486 454 haberi
1536 415 1643 472 per
1691 396 1880 454 bonas
1936 411 2107 459 artes,

248 482 437 538 multa
477 475 775 552 Antonio,
830 482 985 538 xdum
1032 481 1434 538 interfectores
1478 481 1663 557 patris
1714 482 2108 554 ulcisceretur,

249 566 436 622 multa
471 562 699 639 Lepido
746 566 1112 625 concessisse.
1204 578 1517 643 postquam
1567 563 1666 622 hic
1712 569 1980 624 socordia
2019 588 2110 623 se-

251 649 478 720 nuerit,
544 650 645 707 ille
678 671 785 727 per
816 651 1096 706 libidines
1132 670 1368 724 pessum
1401 653 1571 708 datus
1615 651 1716 722 sit,
1776 674 1901 709 non
1925 653 2110 708 'aliud

252 734 641 792 discordantis
683 736 906 811 patriae
953 736 1280 791 remedium
1325 736 1503 792 fuisse
1554 757 1731 812 quam
1767 750 1836 794 ut
1878 739 1950 794 ab
1986 758 2110 794 uno

250 831 564 893 regeretur.
649 818 788 878 Non
811 840 989 893 regno
1013 831 1209 876 tamen
1233 841 1424 896 neque
1450 822 1738 878 dictatura
1754 867 1770 891 ‚
1814 823 1914 878 sed
1942 823 2112 897 prin-

248 904 397 980 cipis
437 905 679 962 nomine
719 906 1096 962 constitutam
1135 925 1263 979 rem
1299 906 1626 980 publicam:
1681 908 1834 963 mari
1869 904 2111 963 Oceano
2179 956 2193 961 ,.

250 999 354 1061 aut
400 991 676 1048 amnibus
735 990 1079 1066 longinquis
1133 1001 1362 1064 septum
1416 990 1756 1064 imperium:
1836 992 2114 1063 legioneS‚

248 1074 613 1150 provinciaS,
666 1075 903 1146 classeS,
955 1087 1162 1132 cuncta
1201 1075 1357 1131 inter
1394 1094 1454 1131 se
1491 1095 1781 1131 connexa:
1833 1075 1926 1132 ius
1956 1077 2114 1151 apud

249 1160 433 1230 civeS,
473 1160 820 1217 modestiam
861 1160 1019 1235 apud
1053 1159 1266 1216 socios:
1323 1160 1536 1217 urbem
1574 1160 1762 1235 ipsam
1801 1162 2112 1234 magnifico

246 1256 491 1303 ornatu:
547 1265 732 1322 pauca
771 1245 1094 1303 admodum
1122 1245 1187 1301 vi
1223 1257 1495 1317 tractata,
1550 1266 1666 1322 quo
1707 1245 1913 1303 ceteris
1949 1246 2112 1323 quies

158 1367 165 1372 «
247 1342 417 1390 esset.

419 1439 498 1502 Χ.
582 1439 903 1499 Dicebatur
943 1452 1176 1512 contra,
1226 1441 1506 1518 pietatem
1548 1460 1682 1515 erga
1719 1452 2024 1517 parentem
2059 1452 2116 1498 et

248 1538 512 1602 tempora
540 1527 628 1584 rei
649 1527 920 1604 publicae
945 1527 1216 1586 obtentui
1242 1538 1504 1606 sumpta:
1548 1538 1807 1584 ceterum
1838 1527 2115 1603 cupidine

246 1717 318 1759 nis
341 1715 614 1761 vocabulum
646 1717 854 1762 substitui
882 1734 1014 1778 posse
1045 1734 1147 1762 cen·

247 1774 375 1817 sebit.
456 1774 665 1820 Ceterum
714 1776 769 1819 de
802 1776 873 1820 illa
909 1776 1146 1820 necessitu-

250 1831 352 1875 dine
383 1832 446 1876 rci
470 1834 594 1891 publ.
654 1834 713 1878 cf.
740 1834 862 1877 Suet.
887 1833 969 1878 Iul.
1007 1851 1047 1877 c.
1073 1833 1145 1876 86.

246 1902 345 1930 non
371 1897 471 1943 tarn
493 1906 603 1941 sua,
645 1907 789 1947 quam
823 1893 895 1934 rei
912 1893 1045 1946 publ.
1073 1893 1149 1934 itt-¹

251 1952 447 2000 teresse,
486 1951 558 1991 uti
590 1953 748 1992 salvus
773 1957 920 1992 esset:
961 1964 1010 1992 se
1046 1948 1146 1991 iam

239 2005 428 2058 pr'cdem
471 2007 710 2060 potentiae
748 2006 1018 2060 gloriaeque
1058 2007 1147 2048 ob-

249 2065 374 2104 unde
405 2066 660 2118 adeptum:
695 2079 796 2106 rem
823 2066 1077 2117 publicam,
1108 2064 1151 2106 si

246 2121 356 2174 quid
382 2120 472 2163 'sibi
500 2124 729 2173 eveniret,
766 2136 913 2176 neque
941 2123 1147 2178 quietam

236 2175 376 2232 sore,
416 2186 463 2220 et
493 2180 735 2235 aliquanto
765 2180 993 2222 deteriore
1032 2194 1146 2220 con-

247 2235 423 2277 ditione
478 2236 628 2278 civilia
681 2239 804 2279 bella
863 2238 1143 2280 subituram.

247 2290 382 2335 Adde
402 2292 493 2336 Dio
522 2293 589 2346 56,
614 2294 686 2337 44.

303 2366 419 2406 dum
443 2362 776 2420 intetfictoreS.
832 2363 935 2407 MS.
973 2373 1015 2408 et
1044 2364 1147 2414 edd.

202 2438 205 2445 ⁴
245 2418 350 2463 Ber.
373 2420 515 2465 Rhen.
547 2425 702 2464 multa
713 2423 923 2465 Antonio·
944 2433 1048 2465 tunc
1072 2425 1147 2464 in·-

249 2478 515 2534 terfhctores
531 2481 684 2534 patris
703 2482 1015 2522 ulcisceretur.
1061 2480 1146 2524 Ed.

247 2535 356 2579 Ald.
382 2544 513 2586 tunc,
544 2541 657 2579 dum
685 2536 848 2592 interf.
872 2545 956 2580 etc.
1014 2537 1145 2580 Men-

250 2592 359 2635 dum
383 2593 473 2636 iam
498 2594 748 2638 Beroaldus
775 2594 1024 2652 suspicatus
1057 2603 1149 2646 est3

248 2650 512 2707 particulam
547 2659 599 2694 ut
631 2652 701 2695 vel
734 2667 823 2707 quo
851 2651 1000 2694 deesse
1030 2651 1144 2695 arbi-

248 2707 462 2752 trabatur.
493 2709 635 2752 Rhen.
651 2725 734 2767 pro
749 2718 856 2751 tunc
872 2707 1054 2752 volebat
1066 2725 1144 2766 po-

247 2764 295 2806 ni
311 2772 375 2806 ut.
408 2765 471 2808 lta
488 2765 958 2825 edd.Lips.etGruter.
991 2767 1145 2809 Mure-

245 2829 319 2864 tus
330 2831 370 2864 et
381 2822 571 2866 Pichena
586 2840 666 2881 pro
681 2833 789 2867 tunc
803 2824 998 2868 maluere
1012 2827 1144 2868 dum.

247 2878 335 2921 Iac.
352 2879 726 2924 Gronowmulta
741 2884 798 2926 A.
825 2889 953 2933 tunc,
988 2882 1073 2924 int.
1095 2898 1143 2936 ρ.

248 2943 300 2977 ut
323 2938 628 2980 ulcisceretur.
672 2939 928 2983 praetulere
947 2940 1141 2982 editores

245 2991 467 3037 Pichenae
492 2995 866 3039 emendationem.
926 2996 1002 3040 Sic
1034 2996 1141 3040 infr.

247 3053 377 3102 c.22.
408 3055 520 3094 dum
545 3084 555 3095 .
583 3084 594 3095 .
621 3083 632 3094 .
655 3057 901 3107 sepeliant,
933 3063 975 3097 et
1003 3054 1044 3102 6,
1069 3054 1140 3097 45.

246 3111 370 3152 nihil
387 3111 667 3151 abnuentem
682 3141 695 3158 ,
727 3114 838 3153 dum
865 3113 1139 3154 dominatio·

246 3168 320 3210 nis
351 3168 645 3221 apisceretur.
707 3168 992 3211 Vocabulum
1031 3177 1144 3211 tunc

250 3225 472 3275 otiosum,
514 3232 557 3267 et
598 3223 769 3281 vulgari
814 3225 923 3268 vitio
965 3242 1143 3283 permu-

247 3290 402 3325 tantur
425 3281 594 3324 litterae
616 3289 634 3323 t
669 3291 712 3324 et
744 3285 790 3324 d.
863 3283 939 3325 Sic
976 3299 1073 3340 cap.
1099 3283 1143 3327 3.

247 3341 391 3381 etiam
411 3342 528 3382 dum
551 3354 632 3397 pro
656 3340 800 3382 etaiam
822 3346 925 3382 tum
952 3341 1059 3382 olim
1086 3341 1144 3384 le-

247 3397 447 3454 gebatur.
508 3394 719 3440 Ceterum
753 3395 812 3440 de
845 3411 895 3439 re
930 3396 990 3441 cf.
1022 3396 1146 3443 Suet.

251 3452 358 3497 Oct.
390 3469 431 3498 c.
458 3455 527 3497 10.

303 3525 450 3566 quam
468 3519 519 3554 ut
540 3511 602 3554 ab
621 3525 711 3554 uno
733 3517 992 3566 regeretur.
1032 3511 1147 3558 Edd.

310 3660 332 3679 'a

1214 1717 1423 1761 Beroald.
1455 1716 1599 1761 Rhen.
1633 1716 1741 1760 Ald.
1789 1717 2003 1760 omittunt
2047 1726 2114 1769 ut,

1215 1792 1272 1818 an
1305 1776 1567 1819 auctoritate
1602 1774 1746 1826 MSti,
1785 1776 1954 1818 nescio.
2027 1775 2115 1819 Se-

1217 1842 1403 1932 qfuentfs
1439 1833 1631 1933 edigzres
1674 1848 1903 1932 οοτιῗῗκῗίτε
1943 1833 2113 1932 locuriz.

1215 1906 1241 1933 c
1263 1923 1274 1933 .
1306 1908 1352 1933 ιιι
1376 1909 1411 1934 r.
1442 1907 1481 1934 c.
1563 1923 1574 1934 .
1605 1905 1700 1932 non
1731 1906 1760 1932 α
1782 1906 1827 1931 ιιι
1893 1904 2076 1944 Γερρενι
2102 1922 2116 1940 ,

1215 1962 1357 2003 quam
1384 1956 1435 1991 ut
1458 1950 1639 1990 hostem
1662 1948 1790 1990 silvis
1815 1956 2054 1991 coerceret.

1272 2020 1367 2047 non
1406 2019 1555 2059 regno
1594 2013 1771 2048 tamen.
1853 2004 2113 2048 Secundum

1216 2062 1493 2106 Maecenatis
1521 2063 1773 2106 consilium.
1830 2060 1923 2105 Dio
1951 2062 2018 2113 52,
2043 2062 2114 2106 38.

1217 2119 1293 2163 Nil
1344 2119 1392 2163 in
1438 2118 1553 2163 Iulio
1604 2128 1839 2177 tantopere
1888 2119 2118 2178 displicuit

1217 2195 1355 2280 {lulam
1368 2176 1479 2277 re7g53i
1493 2175 1960 2277 ηοῦηἰῦιίἒεάξὲοῐεῐίο.
1991 2178 2113 2221 Suet.

1244 2252 1305 2279 u.
1344 2251 1383 2280 c.
1465 2268 1475 2278 .
1583 2252 1604 2278 e
1645 2267 1656 2278 .
1711 2267 1723 2277 .
1809 2266 1821 2277 .

1272 2307 1422 2351 neque
1465 2294 1715 2336 dictatura.
1798 2290 1864 2335 Ut
1907 2288 2031 2335 Sulla
2073 2299 2116 2335 et

1218 2351 1320 2394 dein
1382 2349 1520 2393 lulius
1578 2350 1754 2394 Caesar.
1837 2349 1959 2392 Suet.
2009 2349 2117 2393 Oct.

1218 2423 1258 2453 c.
1277 2409 1346 2452 52.
1390 2406 1514 2451 Vell.
1538 2408 1580 2459 2,
1608 2408 1677 2450 89.
1719 2406 1813 2450 Dio
1841 2405 1909 2459 54,
1937 2409 1976 2451 1.
2034 2406 2114 2450 Er-

1216 2475 1283 2509 rat
1309 2466 1474 2508 Florus
1501 2466 1542 2515 4,
1571 2466 1636 2516 12,
1661 2465 1732 2508 66.

1272 2531 1472 2578 septum.
1512 2521 1790 2580 Sc.Augusti
1808 2537 1958 2580 opera.
1990 2520 2115 2566 Suet.

1219 2578 1326 2623 Oct.
1359 2596 1400 2624 e.
1420 2581 1492 2623 21.

1274 2638 1435 2678 urbem
1460 2639 1612 2691 ipsam
1639 2653 1702 2681 m.
1733 2652 1776 2679 o.
1838 2637 2043 2680 Suaserat
2073 2643 2116 2679 et

1216 2693 1263 2735 id
1301 2695 1554 2738 Maecenas.
1613 2694 1705 2737 Dio
1741 2694 1820 2746 52,
1850 2693 1921 2737 38.
1992 2693 2116 2737 Suet.

1219 2750 1325 2795 Oct.
1357 2768 1398 2796 c.
1421 2751 1493 2794 29.
1550 2751 1644 2795 Dio
1667 2751 1736 2804 55,
1760 2752 1802 2795 8.

1275 2821 1388 2866 CAP.
1414 2824 1483 2865 10.
1538 2823 1770 2876 pietatem
1797 2852 1808 2863 .
1836 2853 1848 2865 .
1872 2853 1884 2863 .
1908 2828 2116 2875 sumpta.

1215 2878 1294 2922 Sic
1348 2879 1552 2922 homines
1603 2877 1976 2937 interpretaturos
2019 2894 2115 2920 esse

1214 2936 1492 2993 praedixerat
1536 2936 1750 2995 Agrippa.
1829 2935 1921 2979 Dio
1957 2935 2034 2986 52,
2070 2935 2116 2978 2.

1212 2990 1427 3052 δόξομεν,
1468 2991 1569 3049 ἤτοι
1593 2996 1670 3048 τῆς
1696 3008 1742 3036 τε
1760 2992 2014 3050 εὐπραγίας
2035 2989 2118 3046 ἧτ-

1213 3054 1384 3106 τῆσθαι
1405 3054 1482 3096 καὶ
1504 3049 1596 3094 ὑπὸ
1619 3053 1714 3094 τῶν
1732 3053 2117 3109 κατωρθωμένων

1213 3110 1638 3167 ἐκπεφρονηκέναι·
1688 3105 1714 3163 ἢ
1754 3110 1830 3151 καὶ
1857 3105 2003 3150 πάλαι
2027 3107 2114 3151 αὐ-

1213 3169 1290 3220 τῆς
1327 3168 1591 3225 ἐφιέμενοι,
1634 3163 1717 3210 τόν
1753 3180 1802 3210 τε
1839 3169 2014 3221 πατέρα
2040 3167 2118 3209 καὶ

1215 3223 1299 3280 τὴν
1340 3225 1385 3274 ἐς
1424 3223 1569 3268 αὐτὸν
1605 3223 1840 3279 εὐσέβειαν
1880 3224 2117 3281 ἐσκῆφθαι

1215 3284 1293 3327 καὶ
1335 3281 1417 3325 τὸν
1461 3283 1616 3342 δῆμον
1655 3280 1740 3336 τήν
1779 3295 1826 3324 τε
1865 3285 2117 3341 γερουσίαν

1215 3341 1586 3396 προβεβλῆσθαι·
1612 3339 1703 3398 οὐχ
1728 3341 1806 3382 ἵνα
1834 3338 2002 3388 αὐτοὺς
2023 3342 2118 3382 τῶν

1215 3395 1644 3455 ἐπιβουλευσάντων
1696 3400 1862 3454 σφίσιν
1903 3395 2117 3441 ἀπαλλά-

1216 3458 1397 3515 ξωμεν,
1431 3454 1534 3509 ἀλλῗ
1563 3457 1642 3501 ἵνα
1669 3454 1849 3504 ἑαυτοῖς
1869 3450 2117 3500 δουλωσώ-

1218 3518 1363 3571 μεθα.
