2222 4030
1834 156 1957 194 A.U.
1983 160 2070 197 790.

1835 200 1888 234 A.
1911 200 1973 239 C.*
2007 205 2066 238 37.
2123 202 2129 209 '

292 161 420 220 430
960 112 1536 217 ANNALIUM'

272 289 682 358 senatorium,
737 299 795 346 et
837 288 1075 345 eaedem
1102 307 1326 364 poenae
1368 287 1433 343 in
1458 285 1730 346 Laelium
1755 288 2012 348 Balbum
2047 296 2152 351 de·-

292 387 630 434 cernuntur.
717 374 779 429 id
807 375 1047 450 quidem
1086 395 1119 430 a
1150 373 1531 443 laetantib11S‚
1574 375 1715 449 quia
1738 374 1962 433 Balbus
1999 380 2152 436 truci

293 459 628 536 eloquentia
653 455 981 516 habebatur
1001 469 1309 534 promptus
1335 458 1647 514 adversum
1672 460 1952 521 insontes,

461 555 680 615 XLIX.
767 555 984 613 Iisdem
1035 556 1244 610 diebus
1283 554 1414 614 SeX.
1463 554 1777 631 Papinius,
1855 562 2152 617 consulari

289 643 515 700 familia
528 686 548 711 ‚.
585 642 959 716 repentinum
989 652 1043 696 et
1065 640 1382 696 informem
1413 640 1633 698 exitum
1665 643 1879 717 delegit
1907 645 2056 703 iacto
2088 647 2153 702 in

289 746 566 805 praeceps
601 733 863 802 eorpore.
959 745 1126 781 causa
1164 725 1239 781 ad
1277 737 1523 783 matrem
1557 716 1948 800 referebatur,
2004 751 2153 807 quae

289 815 525 890 pridem
560 812 866 888 repudiata
905 810 1410 866 adsentationibus
1457 822 1630 886 atque
1678 812 1822 869 luxu
1859 817 2156 891 perpulis-

291 910 378 956 set
408 899 685 955 iuvenem
719 898 794 953 ad
834 916 925 965 ea,
969 916 1225 972 quorum
1251 895 1535 968 effugium
1556 914 1682 951 non
1707 897 1824 951 nisi
1845 911 2033 955 morte
2055 902 2152 956 in-

288 984 536 1043 veniret.
642 982 822 1056 igitur
865 991 1130 1037 accusata
1170 980 1234 1035 in
1276 991 1511 1049 senatu,
1580 1001 1919 1058 quanquam
1963 1003 2153 1056 genua

267 1071 526 1145 ,patrum
551 1068 962 1123 advolveretur
983 1066 1324 1140 luctumque
1349 1084 1721 1121 communem
1749 1078 1805 1123 et
1827 1069 2014 1141 magis
2040 1070 2154 1124 im-

288 1155 569 1211 becillum
606 1151 711 1208 tali
743 1171 919 1226 super
955 1171 1091 1207 casu
1126 1151 1485 1221 feminarum
1518 1151 1785 1207 animum
1823 1153 2054 1230 aliaque
2088 1155 2152 1210 in

275 1241 544 1297 ,eundem
585 1237 850 1293 dolorem
886 1247 1106 1292 maesta
1145 1248 1201 1292 et
1232 1235 1566 1291 miseranda
1606 1236 1711 1292 diu
1744 1237 1947 1307 ferret,
2002 1241 2151 1296 urbe

288 1337 485 1383 tamen
518 1324 582 1378 in
617 1324 817 1378 decem
842 1341 1030 1378 annos
1054 1317 1356 1396 prohibita
1388 1331 1499 1391 est,
1543 1321 1730 1378 donee
1763 1322 1962 1379 minor
1994 1325 2152 1382 filius

287 1410 588 1468 lubricum
613 1408 887 1464 iuventae
913 1407 1110 1466 exiret.

458 1493 528 1553 L.
588 1491 714 1549 Iam
738 1491 1053 1549 Tiberium
1081 1511 1318 1567 corpuS‚
1363 1490 1482 1547 iam
1503 1491 1689 1561 vireS‚
1732 1493 2002 1549 nondum
2030 1493 2153 1549 dis—

289 1579 586 1638 simulatio
642 1578 962 1637 deserebat.
1078 1577 1237 1632 idem
1283 1577 1467 1634 animi
1515 1577 1700 1651 rigor:
1771 1596 2039 1634 sermone
2085 1599 2151 1635 ac

286 1667 461 1725 vultu
493 1665 755 1720 intentus
787 1663 1047 1740 quaesita
1075 1662 1374 1720 interdum
1413 1663 1686 1719 comitate
1725 1663 1992 1739 quamvis
2021 1684 2152 1720 ma-

266 1751 560 1808 'nifestam
602 1749 988 1805 defectionem
1024 1749 1280 1821 tegebat:
1333 1747 1689 1824 mutatisque
1738 1748 1964 1824 saepius
2005 1749 2149 1805 locis

284 1837 523 1894 tandem
551 1835 708 1910 apud
728 1834 1204 1909 promontorium
1226 1832 1450 1889 Miseni
1477 1834 1740 1891 consedit
1763 1834 1827 1889 in
1850 1834 2019 1903 villa,
2056 1835 2150 1890 cui

283 1921 355 1983 L.
367 1920 653 1978 Lucullus
679 1919 980 1995 quondam
1004 1919 1299 1977 dominus.
1363 1919 1485 1974 illic
1513 1938 1648 1974 eum
1674 1919 2149 1995 adpropinquare

287 2005 607 2082 supremiS‚
649 2005 755 2061 tali
782 2006 957 2060 modo
988 2016 1371 2079 compertum.
1461 2015 1584 2060 erat
1610 2005 1871 2061 medicus
1896 2017 2018 2062 arte
2049 2005 2149 2060 in·-

286 2092 496 2165 signiS‚
537 2090 782 2146 nomine
816 2086 1143 2158 CharicleS,
1187 2110 1312 2145 non
1350 2089 1590 2165 quidem
1624 2109 1822 2162 regere
1855 2090 2149 2146 valetudi-

286 2197 390 2234 nes
413 2175 697 2252 principis
719 2176 953 2245 solium,
993 2175 1225 2231 consilii
1249 2186 1447 2231 tamen
1475 2175 1703 2250 copiam
1733 2175 2031 2250 praebere.
2095 2176 2145 2231 is

340 2423 373 2449 a
395 2403 700 2448 laetantibus.
760 2403 834 2446 Sc.
858 2402 1179 2446 decernuntur.
1253 2404 1328 2446 bat
1349 2404 1553 2461 querelas
1580 2420 1694 2447 suas.
1754 2403 1872 2447 Hinc
1898 2402 2062 2446 frustra
2088 2402 2143 2446 la·

282 2465 350 2509 Ne
371 2464 511 2522 igitur
537 2478 641 2506 eum
663 2459 871 2505 Acidalio
893 2460 1180 2518 praepositio·

285 2539 391 2567 nem
421 2519 582 2564 deleas.

343 2592 456 2636 CAP.
485 2590 559 2634 49.
621 2591 686 2632 ad
716 2603 800 2637 ea,
831 2601 1046 2644 quorum.
1106 2586 1178 2628 ln-

283 2650 381 2696 tell.
405 2650 646 2692 incestum.
985 2663 991 2676 ι

342 2721 687 2764 advolveretur.
749 2716 810 2760 cf.
836 2723 933 2759 not.
958 2714 1012 2758 ad
1042 2716 1082 2763 1,
1109 2714 1178 2757 13.

341 2794 606 2844 luctumque
631 2801 943 2834 communem.
1003 2785 1179 2842 Lipsius

253 2857 256 2860 ’
285 2850 340 2894 ad
365 2850 406 2892 h.
422 2848 453 2891 l.
474 2847 650 2889 iocatur
672 2844 838 2888 verbis:
867 2845 1026 2896 „Anne
1048 2845 1179 2885 etiam

284 2904 529 2950 lectum?”
584 2904 636 2946 ld
663 2902 894 2945 Ernestius
919 2916 1003 2959 pro
1030 2915 1178 2942 emen-

285 2963 467 3008 datione
498 2977 523 3005 a
554 2961 659 3007 viro
694 2959 923 3018 proposita
956 2957 1179 3014 accipiens

282 3028 452 3080 pugnat
486 3034 570 3078 pro
603 3021 799 3068 luctum,
849 3013 970 3075 quod
1003 3014 1178 3072 Lipsius

283 3095 379 3121 non
404 3086 498 3120 erat
517 3085 769 3132 erepturus.

276 3151 281 3156 ’
341 3150 423 3191 diu
442 3148 620 3204 ferret.
682 3146 820 3188 Ferre
849 3145 906 3188 de
938 3159 1017 3194 eo,
1054 3142 1177 3200 quod

276 3207 386 3266 'quis
423 3205 531 3249 dicit
566 3212 609 3246 et
641 3202 832 3246 dicendo
866 3217 969 3260 prae
998 3216 1045 3244 se
1076 3199 1177 3251 fert,

285 3264 477 3320 vulgare
520 3269 597 3304 est.
689 3260 744 3304 ef.
794 3259 867 3310 15,
899 3257 969 3302 46.
1019 3265 1178 3299 vetera

286 3324 422 3364 mala
459 3319 725 3364 rumoribus
753 3317 944 3373 ferente
981 3317 1180 3370 popul0;

289 3380 356 3430 16,
384 3378 426 3421 2.
461 3378 666 3433 populus
689 3407 699 3417 .
726 3406 735 3416 .
763 3406 774 3417 .
803 3377 971 3422 tulm·e,·
1022 3374 1098 3421 15,
1133 3374 1171 3418 8.

284 3436 399 3479 Hist.
424 3434 465 3486 2,
487 3433 557 3477 26.
589 3435 667 3475 dtu
697 3431 844 3474 innuit
876 3430 1078 3474 mulieris
1114 3429 1174 3471 lo·

287 3489 582 3551 quaeitatem.
608 3506 695 3547 qua
716 3488 762 3531 in
788 3487 964 3546 longius
983 3486 1176 3531 extrahe-

1251 2460 1416 2502 borant
1438 2460 1485 2502 in
1508 2459 1611 2502 loco
1632 2459 1926 2503 emendando.
1970 2460 2144 2516 Lipsius

1250 2518 1375 2561 vult:
1407 2518 1645 2572 d1fferret;
1685 2516 1969 2559 Boxbornius
1997 2519 2141 2559 disse-

1250 2582 1388 2616 reret.

1309 2657 1478 2699 exiret.

1251 2714 1340 2758 Sed
1379 2715 1438 2756 ef.
1479 2720 1576 2756 not'.
1611 2714 1666 2756 ad
1696 2713 1737 2764 3,
1770 2713 1837 2755 55.
1877 2715 1959 2756 sub
2002 2716 2142 2758 verbo

1247 2773 1562 2826 pervenirent,
1595 2779 1638 2825 et
1663 2770 1717 2814 ad
1738 2771 1780 2819 Ξ,
1799 2771 1870 2813 42.
1897 2771 1979 2814 sub
2003 2773 2141 2814 verbo

1251 2831 1444 2872 veniret.

1311 2913 1425 2958 CAP.
1438 2911 1506 2956 50.
1537 2913 1763 2966 rigor.·—
1778 2914 1996 2956 intentus.
2027 2903 2141 2956 Edd.

1251 2979 1359 3015 vett.
1394 2970 1508 3013 male
1540 2970 1845 3028 coniungunt:
1885 2972 2011 3012 idem
2040 2971 2138 3012 ani·

1252 3031 1321 3071 mi
1352 3029 1482 3083 rigor
1512 3041 1731 3071 sermone
1760 3043 1814 3070 uc
1836 3030 1966 3070 vultu
1992 3029 2138 3070 inten-

1251 3095 1339 3129 tus.

1307 3171 1520 3229 quamvis
1561 3169 1879 3225 manifestam.
1949 3166 2009 3210 cf.
2042 3175 2138 3211 not.

1251 3229 1303 3272 ad
1338 3232 1376 3281 1,
1406 3229 1476 3271 76.
1510 3227 1592 3270 sub
1632 3243 1709 3272 vv.
1752 3239 2023 3282 quanquam
2055 3225 2140 3266 vili

1248 3301 1488 3342 sangume.

1307 3368 1611 3413 valetudines.
1677 3365 1754 3408 Sic
1779 3366 1883 3410 edd.
1904 3366 2001 3409 Alc.
2023 3365 2136 3409 Rhe·

1249 3445 1354 3472 nan.
1398 3431 1509 3486 sqq.)
1578 3425 1864 3468 valitudines
1924 3424 1995 3468 ed.
2046 3425 2134 3467 Be-

1249 3485 1392 3530 roald-

1554 2654 1785 2698 Ernestius
1817 2655 1916 2699 vult
1951 2656 2142 2699 arisset.
2211 2703 2214 2709 ⁸
