2222 4030
237 262 320 323 92
855 263 857 265 ’
909 253 1416 316 ANNALIUM
1479 261 1483 314 1
1792 208 2009 339 χῐᾶζῗξξζ

405 385 597 447 LXII.
684 383 871 459 Igitur
905 383 1215 444 Romanus
1256 386 1361 463 qui
1398 385 1598 441 aderat
1637 389 1919 447 exercitus
1965 412 2094 449 sex-

236 486 365 535 tum
406 484 540 549 post
591 472 773 528 cladis
827 490 1053 529 annum
1105 471 1289 528 trium
1339 470 1643 543 legionum
1696 492 1853 542 ossa,
1923 477 2091 539 nullo

235 570 514 618 noscente
569 558 788 615 alienas
839 557 1119 633 reliquias
1150 570 1251 611 ‘an
1303 575 1546 612 suorum
1610 552 1794 614 humo
1862 570 2094 632 tegeret,

236 664 441 703 omnes
474 653 544 699 ut
579 643 954 710 coniunctOS,
1015 652 1084 697 ut
1120 641 1614 714 consanguineOS,
1680 654 1849 699 aucta
1886 644 1951 699 in
1984 641 2095 701 ho-

236 719 385 789 stem
424 729 540 797 ira,
590 728 799 784 maesti
833 726 1010 782 simul
1045 736 1099 781 et
1134 719 1353 780 infensi
1390 727 1741 786 condebant.
1826 726 2098 785 Primum

236 814 587 874 exstruendo
624 812 854 869 tumulo
896 810 1208 885 caespitem
1238 807 1454 867 Caesar
1486 812 1709 886 posuit,
1765 814 2094 885 gratissimo

233 920 480 959 munere
532 899 598 954 in
656 898 964 954 defunctos
1019 906 1075 951 et
1129 895 1538 969 praesentibus
1595 898 1827 961 doloris*
1879 900 2090 959 socius,

199 980 202 981 ⁷
235 986 417 1060 Quod
460 983 705 1040 Tiberio
747 978 909 1038 haud
951 981 1295 1055 probatum,
1347 1000 1452 1037 seu
1504 993 1713 1037 cuncta
1752 980 2096 1041 Germanici

233 1073 300 1130 in
336 1069 590 1128 deterius
623 1063 918 1134 trahenti,
981 1065 1101 1120 sive
1141 1065 1459 1121 exercitum
1497 1065 1752 1138 imagine
1795 1088 2095 1125 caesorum

231 1156 780 1232 insepultorumque
802 1151 1101 1207 tardatum
1125 1151 1199 1206 ad
1224 1150 1452 1225 proelia
1479 1161 1535 1206 et
1559 1151 2097 1209 formidolosiorem

231 1239 495 1300 hostium
534 1238 831 1298 credebat:
891 1255 1082 1312 neque
1127 1235 1543 1310 imperatorem
1585 1249 1876 1309 auguratu
1905 1250 1961 1294 et
1993 1259 2096 1294 ve-

231 1324 568 1386 tustissimis
611 1320 982 1380 caerimoniis
1023 1321 1358 1397 praeditum
1400 1332 1706 1380 attrectare
1747 1323 1951 1379 feralia
1987 1325 2092 1379 de-

234 1414 451 1470 buisse.

400 1515 626 1580 LXIII.
713 1516 828 1575 Sed
856 1514 1249 1573 Germanicus
1287 1518 1591 1575 cedentem
1629 1519 1694 1575 in
1734 1517 1864 1573 avia
1891 1515 2096 1573 Armi-

231 1609 405 1666 nium
459 1616 718 1672 secutuS,
767 1602 875 1659 ubi
917 1601 1179 1677 primum
1226 1602 1394 1677 copia
1436 1603 1581 1673 suit,
1651 1597 1823 1659 evehi
1872 1602 2093 1678 equites

231 1710 649 1767 campumque,
696 1708 874 1765 quem
909 1683 1096 1744 hostis
1140 1687 1465 1759 insederat,
1508 1689 1657 1765 eripi
1691 1689 1874 1746 iubet.
1974 1683 2096 1744 Ar-

229 1778 453 1836 minius
489 1773 689 1847 colligi
728 1792 864 1829 suos
897 1784 954 1829 et
985 1772 1387 1848 propinquare
1426 1774 1590 1829 silvis
1625 1773 1883 1830 monitos
1918 1773 2096 1830 vertit

230 1874 494 1940 repente:
538 1880 677 1916 mox
720 1859 956 1932 signum
989 1859 1420 1933 prorumpendi
1461 1859 1623 1915 dedit
1662 1859 1763 1928 iis,
1803 1877 1950 1935 quos
1987 1878 2097 1934 per

232 1951 414 2007 saltus
460 1946 871 2003 occultaverat.
930 1954 935 1958 '
976 1954 1120 2000 tunc
1177 1963 1333 2000 nova
1394 1945 1515 2002 acie
1567 1945 1838 2001 turbatus
1895 1962 2093 2019 eques:

229 2036 557 2108 missaeque
611 2028 997 2086 subsidiariae
1052 2024 1323 2085 cohortes
1372 2041 1429 2086 et
1465 2029 1821 2103 fugientium
1863 2029 2095 2102 agmine

230 2120 519 2195 impulsae
553 2125 838 2172 auxerant
874 2114 1439 2171 consternationem:
1484 2115 1991 2189 trudebanturque
2029 2114 2095 2168 in

229 2205 508 2283 paludem
546 2220 789 2274 gnaram
825 2198 1233 2268 vincentibUS,
1275 2199 1543 2275 iniquam
1572 2199 1814 2268 nesciis,
1856 2199 1921 2254 ni
1946 2196 2096 2255 Cae-

231 2312 326 2348 sar
363 2288 679 2365 productas
715 2283 976 2357 legiones
1014 2283 1401 2363 instruxisset.
1485 2285 1625 2340 inde
1666 2280 1935 2341 hostibus
1975 2295 2095 2340 ter-

229 2397 365 2445 ror,
403 2371 616 2428 fiducia
649 2369 854 2425 militi:
902 2380 958 2425 et
982 2369 1258 2426 manibus
1283 2370 1484 2446 aequis
1516 2371 1862 2428 abscessum.
1946 2367 2095 2425 Mox

227 2462 471 2518 reducto
504 2457 579 2513 ad
604 2450 897 2512 AmiSiam
921 2455 1180 2511 exercitu
1212 2455 1471 2528 legiones
1498 2456 1703 2525 classe,
1744 2465 1813 2511 ut
1845 2454 2095 2510 advexe-

228 2558 346 2615 rat,
387 2553 675 2619 reportat:
731 2559 868 2615 pars
913 2539 1179 2616 equitum
1220 2541 1393 2596 litore
1431 2536 1660 2598 Oceani
1691 2551 1889 2615 petere
1925 2535 2094 2597 Rhe-

230 2621 378 2690 num
403 2629 586 2686 iussa:
632 2621 915 2695 Caecina,
959 2625 1064 2702 qui
1098 2645 1274 2682 suum
1298 2626 1546 2683 militem
1575 2626 1853 2695 ducebat,
1894 2624 2092 2680 moni-

288 2847 402 2893 CAP.
427 2847 500 2890 62.
590 2843 640 2886 ui
662 2845 845 2885 aderat.
894 2840 1125 2886 Ernestius
1200 2844 1439 2895 debantur,
1501 2843 1566 2886 uti
1617 2858 1847 2900 opponere
1898 2841 2091 2885 solemus

230 2906 340 2951 haec
363 2906 501 2950 verba
525 2919 549 2946 a
590 2900 765 2944 ibrariis
792 2898 909 2943 male
937 2901 1126 2959 repetita
1197 2904 1325 2947 vivos
1349 2901 1563 2950 mortuis,
1594 2910 1731 2959 utque
1757 2915 1861 2942 mox
1892 2899 1986 2958 ipse
2008 2900 2092 2943 Ta·

264 2964 414 3006 utabat
446 2977 496 3003 ex
524 2959 656 3002 initio
680 2957 926 3016 superioris
949 2958 1127 3011 ea}›itis;
1199 2961 1314 3004 citus
1351 2958 1590 3003 defunctos
1623 2959 1817 3018 opponit
1851 2957 2090 3016 praesenti·

230 2981 449 3066 KlVolfius
471 3035 520 3061 ex
571 3025 665 3059 rata
687 3015 876 3072 quadam
900 3016 1124 3073 negligen-
1198 3019 1296 3061 bus.

232 3078 295 3122 tia
308 3077 457 3135 potius
473 3075 527 3118 ad
564 3076 622 3116 ita
638 3071 809 3116 scribit.
865 3071 1048 3115 Rectius
1064 3081 1124 3115 ta·
1254 3089 1557 3130 exstruendo·
1614 3085 1729 3128 Edd'
1749 3085 1852 3128 Ber·
1884 3084 2088 3128 Rhenan-

233 3150 340 3180 men
387 3131 591 3176 censebis
630 3130 836 3172 Tacitum
878 3130 1125 3188 prudenter
1197 3145 1301 3189 ΑΜ.
1324 3146 1611 3187 extruendo·

233 3194 346 3248 haec
359 3189 596 3238 addidisse,
617 3204 711 3230 non
731 3188 878 3230 solum
901 3194 950 3229 ut
972 3202 1125 3229 narra·

234 3251 422 3296 tionem,
444 3245 653 3289 locorum
676 3244 1126 3302 descriptioneinter-
1199 3269 1221 3285 ο
1268 3272 1299 3315 ὁ,
1328 3269 1337 3283 ,
1368 3271 1397 3315 ὁ,
1457 3275 1502 3313 ,ν
1623 3271 1681 3313 od
1786 3271 1795 3280 .
1825 3270 1914 3312 ‘tR
1951 3270 1994 3313 th

234 3315 440 3365 ruptam,
502 3317 554 3344 su
588 3300 810 3352 erioribus
869 3300 1126 3344 adnecteret
1198 3286 1248 3317 εγ
1299 3288 1345 3314 ‘⁰‘
1402 3287 1471 3314 ⁰0⁴
1511 3304 1524 3327 2
1561 3287 1616 3327 (11]
1705 3287 1835 3313 onus:
1919 3287 1944 3313 0
1999 3303 2009 3312 ,

234 3369 359 3421 (nam
397 3375 530 3419 supra
586 3366 746 3400 ocutus
777 3366 871 3400 erat
900 3359 953 3401 de
987 3357 1126 3407 omni,
1255 3342 1368 3411 Cap.
1391 3342 1459 3385 63.
1493 3343 1919 3409 “trudebanturque
1948 3373 1986 3384 „
2004 3372 2016 3383 ,
2041 3340 2095 3383 m·

237 3421 315 3480 qui
336 3420 511 3468 aderat,
541 3413 782 3469 exercitu)3
815 3413 895 3456 sed
922 3415 1056 3459 etiam
1079 3423 1130 3458 ut
1197 3431 1210 3444 .
1227 3430 1238 3443 .
1256 3430 1266 3442 .
1291 3407 1606 3442 mstruxzsset.
1665 3398 1722 3443 cf.
1756 3408 1855 3443 not.
1886 3398 1940 3441 ad
1971 3414 2010 3442 c.
2032 3397 2091 3441 23

238 3495 345 3522 cum
394 3472 590 3534 emphasi
636 3471 829 3530 quadam
876 3480 1129 3529 opponeret
1199 3465 1244 3500 et
1268 3457 1338 3500 35·

238 3533 510 3584 exereitum,
558 3529 638 3588 qui
671 3527 846 3577 aderat,
895 3531 1036 3572 tribus
1070 3529 1129 3572 le·
1257 3527 1394 3570 litore
1419 3525 1609 3570 Oceani.
1669 3525 1728 3579 of.
1753 3533 1848 3570 not.
1876 3524 1932 3570 ad
1958 3541 1997 3571 c.
2018 3525 2089 3570 60.

238 3591 448 3651 gionihus
473 3588 658 3640 attritis,
685 3601 879 3642 quarum
903 3599 1001 3631 ossa
1021 3602 1130 3631 con·
1200 3601 1236 3629 s.
1261 3600 1302 3629 v.
1311 3585 1494 3643 finibus
1513 3583 1804 3630 Frisiorum,

1256 3206 1496 3268 augurata
1548 3220 1593 3255 et
1637 3214 1858 3256 vetustiss.
1897 3212 2088 3256 caerim.

931 3733 954 3741 ⁴
