2222 4030
1780 192 1833 228 A.
1851 192 1906 230 U.
1921 193 2009 232 ⁸167,

1780 236 1831 273 A·.
1851 235 1898 273 C.
1947 239 2007 274 14.

246 192 331 256 54
917 189 1422 252 ANNALIUM

248 343 362 401 que
398 323 569 379 initio
615 330 671 377 et
706 319 904 378 tractis
929 321 1122 396 prima
1164 343 1399 399 quoque
1441 344 1507 381 ac
1543 324 1815 384 vicesima
1841 330 2092 404 legioni-

172 463 181 471 .
246 410 376 468 bUS.
427 427 568 463 nam
591 404 806 461 iisdem'
822 406 1052 462 aestivis
1074 406 1138 461 in
1166 408 1383 464 finibus
1408 406 1702 466 Ubiorum
1724 406 2095 472 habebantur

245 513 351 569 per
382 493 569 549 otium
610 502 711 548 aut
745 491 898 547 levia
931 492 1152 551 munia.
1241 489 1426 565 Igitur
1453 493 1653 550 audito
1685 495 1799 551 fine
1827 493 2096 572 Augusti,

246 575 560 633 vernacula
586 575 936 645 multitudo,
976 596 1167 650 nuper
1193 587 1319 632 acto
1349 575 1413 633 in
1436 579 1583 635 urbe
1616 581 1871 651 delectU,
1924 583 2094 641 lasci-

247 661 378 718 viae
416 672 606 731 sueta,
652 660 924 717 laborum
965 661 1316 730 intuleram,
1371 662 1615 738 implere
1643 669 1969 723 ceterorum
1991 688 2096 724 ru-

250 748 352 804 des
406 746 661 803 animos:
731 745 959 801 venisse
1014 756 1309 818 tempus„
1340 768 1456 823 quo
1502 751 1766 806 veterani
1804 763 2096 809 maturam

247 831 621 900 missionem,
682 831 922 887 iuvenes
955 829 1209 902 largiora
1247 830 1562 906 stipendia,
1618 835 1815 892 cuncti
1852 838 2096 894 modum

245 915 618 974 miseriarum
651 926 1024 990 exposcerent
1066 913 1479 992 saevitiamque
1506 921 1920 977 centurionum
1945 922 2098 979 ulci-

250 1013 568 1061 scerentur.
652 999 792 1057 Non
816 1019 974 1057 unus
1003 995 1177 1068 haec,
1221 1010 1287 1056 ut
1312 998 1684 1059 Pannonicas
1722 1005 1877 1062 inter
1911 1008 2096 1080 legio-

248 1107 353 1144 nes
378 1085 771 1154 PercenniUS,
822 1105 931 1141 nec
955 1085 1112 1158 apud
1153 1084 1410 1160 trepidas
1445 1087 1703 1144 militum
1741 1110 1908 1145 aures
1952 1092 2098 1147 alios

248 1172 565 1235 validiores
603 1170 883 1227 exercitus
919 1168 1385 1243 respicientium,
1430 1173 1532 1228 sed
1569 1173 1756 1230 multa
1794 1175 2100 1233 seditionis

248 1277 354 1314 ora
393 1275 705 1333 vocesque:
762 1274 866 1310 sua
906 1253 970 1308 in
1002 1274 1184 1311 manu
1211 1254 1382 1311 sitam
1409 1277 1533 1314 rem
1558 1256 1922 1330 Romanam,
1977 1254 2098 1318 suis

248 1342 511 1399 victoriis
548 1339 748 1414 augeri
783 1358 909 1395 rem
948 1339 1276 1414 publicam,
1327 1339 1392 1398 in
1436 1362 1608 1399 suum
1644 1358 2100 1418 cognomentum

250 1427 494 1484 adscisci
520 1426 918 1500 imperatores
1985 1471 1990 1483 ,

418 1508 668 1569 XXXII.
735 1506 858 1565 Nec
904 1507 1126 1582 legatus
1179 1507 1418 1565 obviam
1462 1510 1611 1567 ibat:
1701 1514 1918 1590 quippe
1965 1515 2103 1591 plu-

249 1597 407 1655 rium
439 1595 713 1653 vecordia
746 1592 1134 1651 constantiam
1172 1606 1478 1656 exemerat.
1534 1610 1773 1673 repente
1814 1597 2104 1678 lymphati

250 1791 355 1837 MS.
384 1793 604 1853 scriptura
630 1793 837 1852 reposita.
870 1793 980 1837 Una
1005 1799 1049 1835 et
1073 1793 1139 1834 vi-

251 1866 340 1894 ces.
368 1851 599 1894 Broterius
626 1851 821 1903 induxit,
851 1852 952 1910 quia
976 1851 1041 1894 sic
1066 1850 1141 1893 ha·

248 1910 357 1952 beut
397 1909 536 1952 MSS.
578 1909 624 1952 in
658 1909 958 1953 Historiarum
1003 1908 1142 1960 libris,

249 1975 302 2009 ut
320 1966 376 2009 H.
397 1967 438 2018 2,
458 1967 530 2010 43.
555 1975 597 2009 et
620 1966 663 2019 4,
681 1967 754 2010 78.

307 2039 458 2078 nuper
477 2032 581 2066 acto
606 2024 655 2065 in
679 2026 789 2066 urbe
811 2026 1006 2066 delectu.
1048 2023 1140 2066 Dio

1269 1793 1478 1847 legiones
1501 1793 1807 1840 Percennius.
1850 1795 2103 1855 virgulam,

1213 1865 1349 1909 quam
1374 1851 1475 1894 edd.
1503 1854 1621 1896 med.
1643 1856 1794 1898 aetatis
1818 1853 1979 1899 habent
1999 1864 2103 1899 anto

1212 1925 1314 1952 voc.
1372 1908 1652 1955 Percennius
1676 1944 1687 1961 ‚
1746 1913 1863 1956 bene
1919 1913 2097 1956 sustulit

1212 1965 1451 2033 wolfius,
1505 1984 1589 2012 nee
1619 1978 1731 2013 vett.
1770 1970 1871 2014 edd.
1907 1986 2004 2014 eam
2039 1969 2103 2013 di-

1212 2032 1501 2067 stlnctionem
1523 2036 1787 2083 agnoscunt.

251 2081 323 2133 56,
356 2081 428 2124 23.
469 2089 511 2123 et
547 2081 615 2130 57,
651 2082 694 2124 5.
739 2083 814 2123 καὶ
846 2079 937 2138 γὰρ
969 2081 1019 2124 ἐκ
1055 2083 1138 2123 τοῦ

251 2137 442 2182 ἀστικοῦ
475 2135 642 2196 ὄχλου,
697 2136 776 2188 οὓς
809 2135 833 2182 ὁ
867 2136 1139 2195 Αὔγουστος

250 2196 368 2256 μετὰ
413 2195 495 2252 τὴν
538 2198 620 2240 τοῦ
661 2193 845 2255 Οὐάρου
887 2196 1140 2254 συμφορὰν

207 2307 212 2311 j
252 2257 625 2314 προςκατέ).εξεν,
687 2257 730 2298 οἱ
771 2256 955 2304 πλείους
984 2253 1140 2298 αὐτῶν

254 2306 390 2369 ἦσαν.
453 2312 579 2356 Suet.
611 2312 718 2356 Oct.
748 2329 788 2356 c.
814 2312 885 2355 25.

312 2373 520 2425 implere.
581 2369 658 2413 Sic
681 2371 781 2414 cod.
805 2369 905 2413 MS.
938 2371 1037 2414 edd.
1060 2370 1142 2419 Be,-

252 2428 396 2472 roald.
462 2427 666 2471 Rhenan.
728 2443 825 2486 sqq.
915 2427 1144 2478 Wolfius,

255 2486 462 2530 damnata
510 2494 656 2528 vetere
699 2485 914 2537 lectione,
977 2486 1145 2543 recepit

254 2543 446 2593 Acidalii
471 2543 779 2586 coniecturam
805 2545 1068 2598 impellere,
1103 2552 1146 2586 et

257 2601 320 2644 sic
364 2610 539 2658 praeter
570 2600 837 2657 Rupertium
870 2601 1142 2644 recentiores

259 2674 433 2701 omnes.
494 2657 673 2701 Scilicet
713 2674 753 2701 c.
781 2659 847 2700 16.
908 2657 1074 2700 Noster
1095 2659 1142 2699 in

258 2716 391 2758 simili
418 2731 465 2758 re
489 2715 610 2757 idem
632 2716 821 2759 verbum
847 2715 1010 2774 posuit.
1055 2714 1141 2756 Sed

258 2773 320 2815 ibi
368 2775 607 2828 impellere
650 2772 828 2830 scripsit
873 2774 929 2815 ob
984 2788 1145 2816 vocem

257 2832 572 2884 ambigentes3
623 2846 728 2872 nam
760 2831 1029 2887 ambigentes
1061 2830 1148 2872 im·

257 2887 497 2945 pelluntur.
567 2887 654 2931 Hie
693 2896 844 2930 autem
890 2902 1039 2930 sermo
1083 2894 1148 2929 est

261 2944 315 2986 de
336 2945 555 2996 consiliis,
587 2945 765 2995 studiis,
797 2945 1021 2996 sensibus,
1054 2943 1148 3002 qui·

259 3002 344 3044 bus
369 3001 501 3044 rudes
525 3003 659 3045 animi
685 3003 773 3045 sint
797 3002 974 3050 imbuti,
1004 3011 1053 3045 ut
1078 3017 1147 3043 ve-

260 3059 389 3101 nisse
414 3067 599 3113 tempus
622 3069 708 3103 etc.
767 3059 885 3103 Hinc
910 3059 1052 3118 aptius
1081 3067 1146 3102 est

261 3117 484 3170 implere,
531 3132 596 3172 gr.
634 3114 903 3173 ἐμπλήθειν.
962 3117 1020 3159 cf.
1062 3116 1141 3158 Sil.

263 3176 304 3228 1,
320 3173 417 3215 105.
440 3174 700 3227 attollitque
714 3177 899 3217 animos
914 3177 1145 3216 hortando

261 3238 309 3273 et
340 3231 515 3272 talibus
557 3231 816 3284 imple-ndo,-
871 3231 931 3274 id.
970 3230 1011 3283 5,
1046 3231 1142 3273 150.

263 3289 304 3336 8,
348 3288 422 3331 29-
476 3288 738 3330 hortatibus
782 3289 961 3343 implet.
1043 3288 1143 3331 vat.

262 3346 412 3389 Flaec.
435 3345 476 3396 2,
507 3345 600 3388 126.
635 3345 771 3387 Hanc
805 3346 1150 3399 superincendit

249 3403 317 3445 'V
313 3412 428 3444 enus
473 3409 613 3458 atque
645 3403 721 3445 his
752 3403 937 3444 vocibus
973 3404 1148 3457 implet.

1268 2121 1356 2149 ora
1407 2121 1647 2163 vocesque.
1735 2110 1802 2154 Ut
1851 2126 2103 2169 synonyma

1211 2173 1338 2208 notat
1357 2165 1478 2207 Roth
1505 2181 1548 2223 p.
1577 2167 1619 2211 7.
1680 2169 1740 2211 At
1765 2184 1920 2211 sensus
1954 2168 2102 2225 potius

1212 2230 1301 2265 est:
1343 2225 1497 2264 multa
1529 2239 1641 2280 ora,
1685 2240 1749 2268 ex
1782 2226 1946 2281 quibus
1971 2240 2103 2267 voces

1210 2281 1456 2336 prodirent
1477 2280 1520 2322 h.
1538 2299 1576 2325 e.
1602 2300 1694 2326 non
1716 2285 1860 2334 unius,
1889 2283 1964 2325 sed
1989 2283 2102 2326 mul·

1216 2347 1368 2380 torum
1414 2353 1550 2383 voces
1596 2341 1829 2383 seditiosae
1861 2340 2103 2398 ‚audieban-

1216 2403 1304 2437 tur.
1364 2395 1442 2438 Est
1464 2396 1600 2454 igitur
1618 2399 1765 2456 potius
1786 2396 1835 2441 ἓν
1854 2397 1932 2441 διὰ
1956 2398 2104 2442 δυοῖν.

1275 2480 1323 2520 in
1352 2494 1493 2522 suum
1518 2489 1874 2536 cognomentum
1905 2481 2109 2523 adscisci

1218 2537 1540 2591 imperatores.
1601 2539 1708 2582 Scil.
1731 2539 1934 2594 Drusus,
1968 2538 2107 2582 frater

1216 2594 1409 2645 Tiberii,
1435 2597 1624 2639 et])rusi
1647 2597 1784 2647 filius,
1813 2594 2106 2639 Germanicus

1214 2661 1403 2708 uterque
1426 2652 1586 2696 dictus.
1647 2654 1738 2696 Dio
1760 2652 1828 2704 55,
1843 2655 1884 2696 2.
1923 2658 2107 2712 Γερμα-

1216 2705 1342 2757 νικός
1377 2724 1424 2752 τε
1450 2709 1569 2770 μετὰ
1603 2712 1697 2754 τῶν
1722 2712 1905 2754 παίδων
1938 2713 2104 2755 ἐπονο-

1215 2769 1438 2824 μασθεὶς,
1496 2770 1571 2811 καὶ
1614 2767 1750 2825 τιμὰς
1794 2772 1872 2811 καὶ
1915 2765 2109 2812 εἰκόνων

1218 2827 1295 2867 καὶ
1346 2821 1517 2880 ἁψῖδος
1569 2831 1850 2896 κενοταφίου
1897 2842 1943 2870 τε
1995 2825 2110 2884 πρὸς

1220 2881 1344 2938 αὐτῷ
1376 2886 1438 2940 τῷ
1463 2880 1604 2940 Ῥήνῳ
1629 2887 1799 2940 λαβων.
1861 2884 1983 2927 Suet.
2011 2885 2106 2929 Cal.

1221 2957 1263 2984 c.
1291 2943 1330 2982 l.
1366 2943 1520 2985 eadem
1556 2940 1708 2985 refert.
1768 2942 1825 2985 Et
1849 2943 1942 3000 ipse
1968 2941 2108 2984 Tibe-

1220 2998 1310 3040 rius
1354 3015 1522 3042 nomen
1558 2999 1833 3042 Germanici
1874 2999 2108 3057 usurpavit

1222 3056 1272 3099 ἐκ
1295 3057 1389 3098 τῶν
1410 3054 1498 3100 ὑπὸ
1524 3060 1605 3100 τοῦ
1629 3058 1917 3114 Γερμανικοῦ
1955 3072 2108 3114 πραχ-

1216 3115 1407 3158 θέντων.
1480 3115 1721 3172 Perperam
1754 3114 1926 3171 Lipsius
1964 3115 2108 3157 corri-

1218 3172 1368 3228 gebat:
1426 3172 1768 3225 imperaturos,
1813 3179 1859 3213 ut
1895 3170 2108 3230 intellige-

1217 3245 1314 3275 res,
1346 3229 1421 3286 qui
1447 3229 1491 3270 in
1515 3245 1589 3286 spe
1612 3230 1899 3286 principatus.
1961 3228 2108 3273 Immo

1216 3285 1490 3330 vocabulum
1517 3287 1825 3340 imperatores
1845 3301 1976 3328 sensu
1997 3287 2108 3330 auti·

1223 3357 1312 3399 quo
1344 3343 1656 3400 accipiendum
1695 3352 1774 3386 est.
1845 3342 2110 3386 Formulam

1224 3402 1271 3441 in
1287 3400 1485 3442 alicuius
1505 3407 1873 3455 cognomentum
1896 3402 2108 3454 adscisci,

265 3459 325 3504 cf.
368 3459 642 3503 Doederlein
683 3459 730 3502 in
769 3458 961 3502 Seebod.
1004 3462 1153 3504 Neues
1224 3473 1361 3513 quam
1410 3459 1598 3500 miratur
1641 3457 1895 3509 lin-nemius,
1948 3457 2112 3501 Noster

263 3518 450 3561 Archiv.
471 3516 504 3569 l,
528 3519 567 3561 1.
599 3533 642 3576 p.
671 3517 742 3561 78.

1222 3516 1489 3574 frequentat.
1534 3515 1591 3560 cf.
1617 3516 1722 3559 infr.
1745 3516 1786 3567 2,
1812 3514 1883 3559 60.
1914 3514 1956 3565 3,
1980 3515 2052 3560 30.
