2222 4030
1787 215 1826 250 A
1854 214 1905 250 U.
1925 214 2006 252 769.

238 214 358 276 150
434 257 441 263 .
909 188 1416 273 ANNALIUM

1787 257 1907 294 A.c.
1945 261 2007 299 ιο,

239 347 430 404 iubet:
505 344 724 400 scilicet
763 354 830 398 ut
882 342 948 398 in
979 341 1275 400 Libonem
1322 364 1389 398 ex
1437 342 1618 399 servis
1654 344 1814 402 salvo
1857 361 2092 407 senatus

191 439 195 457 ¹
238 431 508 487 consulto
556 439 949 505 quaereretur.
1061 425 1163 483 Ob
1214 448 1362 503 quae
1407 439 1711 505 posterum
1757 431 1914 488 diem
1957 455 2093 491 reus

237 516 462 591 petivit.
561 516 919 589 domumque
955 512 1247 586 digressus
1286 525 1568 569 extremas
1604 535 1803 589 preces
1835 516 1901 577 P.
1943 518 2095 590 Qui·
2168 521 2172 530 “

241 601 375 656 rino
412 599 750 675 propinquo
787 618 892 654 suo
931 599 1005 652 ad
1039 597 1368 683 principem
1402 600 1724 660 mandavit.
1822 601 2098 679 Respon-

242 704 374 742 sum
403 696 517 753 est,
563 695 629 740 ut
659 694 925 739 senatum
956 693 1205 754 rogaret.

384 779 631 842 XXXI.
717 779 1078 852 Cingebatur
1112 779 1351 834 interim
1382 781 1571 838 milite
1597 783 1808 839 domus
1821 805 1838 840 :-
1878 795 2101 860 strepe-

240 869 386 923 bant
426 867 599 923 etiam
645 867 710 921 in
752 864 1072 931 vestibulO,
1126 875 1194 919 ut
1232 866 1457 935 audiri,
1489 878 1582 942 'ut
1614 869 1795 943 aspici
1836 882 2097 944 possent:
2139 931 2141 934 Α

242 972 378 1010 cum
401 950 555 1009 Libo
583 951 725 1026 ipsis
748 968 891 1025 quas
917 948 982 1003 in
1012 948 1395 1004 novissimam
1421 951 1783 1026 voluptatem
1811 951 2100 1012 adhibue-

241 1051 335 1095 rat
356 1037 541 1112 epulis
569 1035 926 1092 excruciatus
952 1047 1162 1089 vocare
1192 1053 1594 1108 percussorem
1611 1083 1626 1106 ‚
1668 1058 1948 1111 prensare
1978 1059 2100 1096 ser-

241 1143 451 1180 vorum
476 1123 731 1188 dextraS,
774 1119 1032 1173 inserere
1055 1119 1338 1192 gladium.
1407 1132 1581 1197 atque
1615 1122 1764 1190 illis,
1805 1123 1949 1180 dum
1983 1135 2102 1193 tre-

240 1208 478 1283 pidant‚
532 1207 674 1283 dum
712 1203 1038 1276 refugiunt,
1094 1205 1493 1262 evertentibus
1531 1207 1868 1281 adpositum
1899 1229 2102 1266 mensa

240 1293 472 1360 lumen,
515 1290 796 1347 feralibus
829 1288 947 1343 iam
975 1288 1089 1344 sibi
1117 1290 1377 1355 tenebris
1417 1290 1565 1346 duos
1601 1292 1749 1348 ictus
1786 1293 1850 1349 in
1879 1294 2103 1351 viscera

241 1378 471 1435 direxit.
568 1370 665 1431 Ad
702 1373 985 1447 gemitum
1025 1373 1370 1431 collabentis
1409 1377 1719 1433 adcurrere
1759 1378 1984 1434 liberti:
2046 1391 2102 1436 et

242 1465 415 1518 caede
453 1460 576 1515 visa
614 1459 783 1514 miles
822 1458 1064 1518 abstitit.
1152 1455 1462 1516 Accusatio
1496 1473 1693 1518 tamen
1727 1464 1882 1537 apud
1903 1475 2104 1539 ,patres

241 1546 682 1604 adseveratione
724 1544 926 1599 eadem
963 1556 1229 1619 peracta,
1275 1546 1605 1623 iuravitque
1645 1546 1923 1605 Tiberius
1953 1550 2104 1625 peti-

240 1763 508 1808 Accuratius
544 1762 598 1806 de
636 1763 723 1807 hoc
755 1762 858 1808 loco
896 1761 1138 1820 disputavit
1208 1764 1396 1814 bebant‚
1443 1771 1494 1807 ut
1529 1764 1716 1809 domum
1748 1765 2005 1826 cingerent,
2055 1776 2107 1812 ut

241 1822 420 1880 Lipsius
445 1822 492 1865 in
519 1822 705 1872 exc.F.;
727 1838 860 1879 quem
893 1821 1039 1864 virum
1064 1837 1135 1862 sa·
1210 1821 1362 1881 potius
1394 1823 1657 1866 vestibulum
1701 1825 1832 1868 etiam
1867 1826 2107 1876 intrarent,

245 1879 297 1923 tis
329 1879 512 1922 indocte
546 1879 808 1922 criminatur
832 1877 1059 1921 Weikert
1085 1877 1138 1920 ad
1211 1896 1296 1923 nee
1348 1880 1494 1922 solum
1545 1880 1790 1934 intrarent,
1846 1883 1923 1926 sed
1976 1884 2109 1927 etiam

241 1937 286 1981 h.
312 1935 341 1978 l.
370 1937 516 1994 quasi,
548 1937 654 1994 quid
687 1936 741 1978 sit
765 1946 890 1980 actor
922 1935 1142 1994 publicus,
1180 1977 1183 1980 ,
1213 1945 1466 1995 streperent
1508 1938 1585 1982 ihi.
1664 1939 1974 1983 Herrmannus
2023 1957 2108 2000 pro

241 1993 519 2037 nescivisset.
582 1994 680 2051 lpse
710 2010 814 2038 vero
848 1994 996 2049 inepta
1031 2009 1139 2050 pro·
1213 1997 1357 2037 etiam
1389 1995 1486 2038 vult
1517 2003 1562 2038 et
1581 1998 1704 2048 iam,
1746 1997 1870 2054 quasi
1895 1999 2036 2040 etiam
2062 1998 2109 2042 in

243 2051 349 2094 fert.
1211 2051 1288 2094 tali
1321 2061 1531 2096 contextu
1567 2069 1662 2095 non
1695 2053 1750 2097 sit
1774 2062 1819 2096 et
1846 2057 1957 2097 iam.
2017 2056 2105 2100 Ce-

299 2109 469 2151 scilicet
528 2115 578 2149 ut
629 2138 641 2149 .
669 2140 680 2151 .
705 2139 717 2151 .
745 2139 757 2151 .
815 2115 1138 2164 quaereretur.
1212 2118 1356 2152 terum
1381 2109 1480 2152 edd.
1505 2110 1553 2152 Li
1590 2126 1623 2152 s.
1649 2110 1782 2154 Grut.
1813 2114 2107 2166 strepebant-

246 2164 457 2209 Oberlin.
492 2166 538 2208 in
579 2174 672 2207 not.
709 2173 905 2222 postum.
980 2165 1141 2217 „Haec
1213 2181 1298 2222 que
1337 2168 1496 2209 etiam.
1599 2167 1754 2210 ichena
1791 2185 1838 2211 ex
1874 2170 1997 2211 unxit
2026 2185 2111 2226 que

243 2224 379 2266 verba
401 2255 414 2274 ,
484 2231 640 2280 utpote
696 2223 962 2279 interpolata
985 2256 997 2276 ,
1065 2240 1138 2264 ex·
1213 2223 1479 2266 auctoritate
1511 2224 1614 2268 cod.
1641 2225 1743 2268 MS.
1773 2226 1825 2269 ed
1862 2259 1873 2269 .
1897 2226 2110 2272 Beroald.

244 2289 409 2338 puncta
435 2281 554 2338 cupi.
600 2280 842 2322 Mendoza.
896 2280 950 2320 V.
979 2277 1138 2322 Burin.
1212 2280 1358 2323 Rhen.
1385 2279 1490 2323 Ald.

246 2336 346 2394 syll.
382 2337 561 2395 epistol.
602 2345 636 2381 t.
667 2338 713 2381 2.
763 2353 807 2395 p.
846 2337 956 2379 59.”
1036 2338 1139 2379 Non
1270 2339 1582 2383 excruciatus.
1643 2339 1715 2383 Sc.
1738 2349 1920 2398 aspectu
1949 2350 1992 2385 et
2026 2358 2107 2386 au—

247 2394 402 2439 credo.
1214 2395 1310 2438 ditu
1332 2394 1482 2438 militis
1498 2397 1544 2440 in
1562 2397 1807 2454 perniciem
1827 2415 1952 2442 suam
1969 2400 2110 2445 missi.

303 2451 358 2494 P.
391 2453 600 2510 Quirino,
661 2452 737 2495 Sic
766 2451 867 2495 cod.
898 2451 1001 2495 MS.
1038 2451 1141 2494 edd.
1212 2453 1379 2508 Epulis
1403 2461 1467 2495 est
1489 2453 1620 2497 ablat.
1649 2456 1881 2510 temporis.
1909 2453 1911 2457 ’

245 2508 348 2551 Ber.
369 2509 511 2553 Rhen.
540 2508 647 2553 Ald.
708 2508 759 2552 P.
790 2509 1007 2566 Quirinio
1039 2509 1143 2552 edd.

243 2566 365 2625 Lips.
394 2568 520 2610 1574.
547 2582 644 2624 sqq.
703 2566 917 2610 Veterem
946 2567 1140 2622 scriptu-

247 2640 346 2667 ram
380 2625 573 2668 restituit
608 2623 805 2681 Ryckius
880 2625 1144 2681 robavitque

248 2683 520 2740 argumentis
561 2681 748 2724 idoneis.
826 2642 941 2725 §am
987 2681 1143 2737 Quiri-

247 2753 339 2781 nus
377 2747 442 2782 est
473 2739 590 2798 apud
613 2738 737 2781 Suet.
760 2739 859 2782 Tib.
893 2756 932 2783 c.
957 2738 1056 2786 49..
1096 2738 1144 2780 in

248 2797 448 2839 nummis
504 2806 547 2839 et
599 2796 832 2853 lapidibus.
928 2799 1145 2854 Κυρίνιος

244 2854 456 2899 scribunt
481 2853 598 2905 Dio,
643 2854 803 2896 Strabo
841 2861 883 2896 et
919 2853 1145 2911 Iosephus.

250 2909 453 2954 Externis
477 2913 596 2954 enim
615 2910 829 2954 usitatum
847 2911 944 2962 fuit,
970 2927 1143 2967 cogno-

251 2967 373 3009 mina
414 2968 728 3011 Romanorum
770 2969 815 3011 in
850 2969 923 3010 ius
957 2969 1146 3011 subinde

253 3025 432 3075 efferre,
464 3026 527 3067 uti
562 3035 717 3068 monet
741 3024 954 3091 Ryckius.
1014 3026 1145 3075 Eius-

255 3081 359 3124 dem
401 3082 498 3126 vitii
542 3083 742 3141 exempla
786 3100 833 3126 m
877 3091 978 3126 vett.
1023 3083 1148 3126 libris

254 3146 359 3182 sunt
389 3139 638 3182 innumera.

316 3194 427 3238 CAP.
464 3196 533 3239 31.
607 3199 872 3252 strepebant
915 3198 1059 3240 etiam
1101 3199 1148 3238 in

258 3254 498 3297 vestibulo.
589 3252 817 3298 Gronovii
872 3255 1150 3298 emendatio-

258 3326 388 3354 nem:
427 3313 781 3365 stupebantque
809 3314 908 3353 iam
933 3313 982 3354 in
1003 3328 1069 3362 v.,
1111 3320 1152 3353 et

258 3366 456 3411 Heinsii:
487 3370 582 3410 iam
605 3368 715 3409 etin
737 3384 799 3416 v„
834 3370 1036 3412 inutilem
1061 3384 1153 3412 esse

260 3433 396 3482 puto;
428 3442 532 3468 nam
554 3426 701 3467 bonus
732 3441 885 3468 sensus
912 3426 1025 3468 inest
1048 3427 1151 3469 vul-

261 3482 386 3538 gatis.
447 3484 729 3535 Strepebant
750 3483 892 3526 etlam
914 3485 961 3524 in
987 3499 1024 3526 υ.
1046 3484 1153 3525 bre-

266 3538 377 3581 viter
410 3539 579 3583 dictum
603 3546 667 3583 est
693 3551 800 3596 prox
829 3556 921 3582 non
948 3541 1050 3583 satis
1072 3542 1150 3582 ha-

1266 2525 1516 2564 prensare.
1578 2512 1692 2554 Edd.
1723 2513 1932 2556 Beroald.
1965 2513 2109 2559 Rhen.

1215 2566 1320 2610 Ald.
1349 2567 1469 2625 Lips.
1504 2567 1635 2611 Grut.
1664 2573 1961 2622 prehensure.
2022 2572 2111 2616 Sed

1215 2641 1339 2681 supr.
1380 2627 1418 2673 1,
1448 2626 1502 2667 21
1540 2635 1582 2668 et
1613 2626 1685 2668 68.
1731 2627 1866 2670 iidem
1915 2629 2110 2672 editores

1214 2681 1381 2724 h'abent
1424 2698 1678 2737 prensare.
1761 2684 1918 2740 Quare
1959 2696 2000 2730 et
2039 2687 2114 2730 hie

1215 2739 1320 2781 inde
1356 2755 1380 2782 a
1412 2740 1607 2784 Pichena
1646 2740 1819 2785 editum
1861 2751 1925 2786 est
1961 2759 2112 2799 pren-

1214 2811 1341 2839 sare.

1274 2855 1541 2908 adpositum
1582 2871 1747 2899 mensa
1780 2859 1954 2902 lumen.
2036 2859 2111 2903 Nil

1221 2927 1334 2968 opus
1372 2922 1436 2955 est
1467 2913 1780 2957 emendatione
1815 2931 2007 2959 mensae
2036 2917 2110 2961 vel

1221 2970 1269 3010 in
1303 2984 1468 3011 mensa
1501 2970 1818 3027 (Groslotius),
1858 2989 2004 3031 neque
2037 2974 2115 3017 in-

1219 3026 1355 3084 telligi
1378 3036 1556 3083 oportet
1578 3029 1624 3070 in
1649 3029 1874 3084 (Ernest.).
1933 3031 2111 3074 Ablati-

1220 3099 1306 3127 vus
1338 3099 1508 3126 mensa
1538 3085 1801 3142 simpliciter
1838 3087 2006 3131 indicat
2039 3089 2112 3131 in—

1221 3149 1547 3193 strumentum,
1582 3158 1664 3198 per
1692 3144 1813 3199 quod
1849 3145 2001 3187 lumen
2031 3145 2113 3188 ad-

1222 3198 1416 3256 positum
1443 3214 1534 3241 esse
1559 3199 1742 3250 dieitur,
1772 3210 1814 3242 et
1838 3200 1896 3244 ita
1921 3203 2112 3260 genuina

1222 3271 1300 3297 sua
1335 3256 1478 3297 utitur
1510 3257 1572 3300 vi.
1632 3255 1689 3299 cf.
1723 3258 1792 3300 De
1815 3257 1944 3302 Orat.
1978 3275 2018 3303 e.
2040 3261 2114 3304 ΞΟ.

1223 3314 1326 3366 ipsa
1347 3313 1610 3355 studiorum
1631 3315 1790 3357 incude
1806 3319 1958 3370 positi.

1290 3372 1480 3412 abstitit.
1571 3370 1649 3414 Sic
1691 3372 1790 3415 edd.
1843 3372 2116 3417 recentiores

1224 3426 1328 3469 inde
1364 3443 1386 3468 a
1426 3428 1591 3484 Lipsio.
1661 3431 1842 3472 adstitit
1882 3431 1982 3473 cod.
2013 3430 2115 3473 MS.

1225 3492 1323 3585 {5¹55-
1355 3484 1444 3528 lac.
1472 3484 1673 3530 Gronov.
1707 3487 1807 3532 edd.
1839 3486 1941 3531 Ber.
1971 3486 2115 3531 Rhen.
