2222 4030
1845 236 1897 271 A.
1913 237 1964 272 U.
1983 238 2061 271 767.

1845 278 1897 314 A.
1919 278 1964 317 C.
2003 282 2062 318 14.

308 243 387 301 76
966 204 1480 300 mmmmm

305 391 418 449 que
461 388 621 426 arma
658 371 988 443 rapuerant.
1087 388 1276 444 neque
1314 367 1535 441 legatus
1572 378 1673 426 aut
1706 368 1980 428 tribunus
2018 394 2149 429 mo·-

303 458 538 513 derator
560 452 770 510 adfuit:
814 453 1093 528 permissa
1114 454 1290 525 vulgo
1316 453 1551 509 licentia
1578 464 1750 528 atque
1782 455 1928 511 ultio
1963 468 2018 513 et
2056 478 2148 513 sa-

298 541 486 598 tietas,
570 536 717 593 Mox
755 537 1045 610 ingressus
1072 549 1255 593 castra
1284 535 1702 606 Germaniam,
1745 558 1869 594 non
1902 526 2148 598 medici-
2193 598 2197 602 ,

301 646 442 682 nam
476 622 627 678 illud
666 623 937 697 plurimis
974 643 1108 678 cum
1137 621 1393 677 lacrimis
1434 623 1535 677 sed
1574 623 1798 678 cladem
1832 624 2147 698 appellans,

301 708 548 767 cremari
598 727 844 783 corpora
896 708 1075 765 iubet.
1186 703 1425 762 .Truces
1491 707 1667 765 etiam
1734 720 1863 765 tum
1921 710 2149 766 animos

300 793 515 869 cupido
547 793 775 848 involat
811 792 992 848 eundi
1027 791 1092 846 in
1117 786 1376 860 hostem,
1416 792 1716 867 piaculum
1751 794 1996 849 furoris:
2040 815 2148 850 nec

297 880 654 954 aliterposse
682 877 901 953 placari
931 875 1402 932 commilitonum
1424 896 1643 946 maneS,
1676 898 1854 953 quam
1875 879 1925 934 si
1947 891 2148 954 pecto-

297 964 463 1021 ribus
498 962 702 1037 impiis
740 958 986 1018 honesta
1007 960 1253 1016 vulnera
1277 961 1646 1035 accepissent.
1734 962 2015 1038 Sequitur
2052 984 2147 1020 ar-

296 1051 504 1106 dorem
537 1047 800 1104 militum
831 1044 1073 1113 Caesar,
1124 1046 1441 1120 iunctoque
1474 1058 1653 1119 ponte
1688 1047 1962 1106 tramittit
1996 1049 2146 1105 duo—

295 1134 482 1191 decim
508 1132 696 1188 millia
722 1151 751 1186 e
778 1130 1138 1204 legionibUS,
1180 1149 1276 1184 sex
1311 1140 1369 1185 et
1399 1129 1612 1202 viginti
1647 1131 1829 1186 socias
1863 1128 2147 1203 cohortes,

294 1230 424 1288 octo
449 1218 712 1296 equitum
738 1217 885 1284 alaS‚
929 1235 1180 1290 quarum
1217 1234 1280 1269 ea
1317 1214 1607 1271 seditione
1638 1214 1980 1294 intemerata
2017 1237 2146 1274 mo-

294 1301 477 1362 destia
504 1302 636 1360 fuit.
1366 1354 1369 1356 .

340 1398 344 1401 ’
460 1387 530 1446 L.
629 1384 798 1442 Laeti
836 1404 1028 1460 neque
1060 1384 1268 1458 procul
1306 1381 1595 1440 Germani
1631 1384 1957 1457 agitabant,
2001 1386 2143 1443 dum

293 1473 515 1531 iustitio
570 1471 647 1528 ob
699 1470 978 1526 amissum
1021 1463 1385 1542 Augustum,
1458 1481 1591 1544 post
1646 1470 1955 1543 discordiis
2009 1471 2146 1527 atti-

290 1579 523 1617 nemur.
637 1551 719 1613 At
769 1553 1079 1618 Romanus
1131 1554 1364 1627 agmine
1419 1575 1673 1630 propero
1734 1555 1944 1611 silvam
1997 1552 2145 1612 Cae-

291 1644 436 1700 siam
498 1641 864 1716 limitemque
928 1661 963 1697 a
1016 1638 1262 1700 Tiberio
1324 1651 1595 1714 coeptum
1651 1640 1891 1696 scindit:
1959 1652 2145 1698 castra

1250 1848 1440 1896 silvam,
1464 1845 1558 1904 ipse
1580 1844 1775 1890 coniecit
1789 1848 1982 1890 scandit.
2025 1847 2142 1892 Con-

1252 1905 1383 1948 sentit
1417 1903 1762 1961 Freinshemius.
1844 1905 1877 1948 Ι.
1912 1905 1988 1948 Fr.
2029 1903 2142 1947 Gro-

1252 1962 1415 2008 novius
1466 1962 1630 2004 scindit
1681 1962 1842 2021 accipit
1899 1961 1952 2004 de
2019 1961 2140 2004 limi-

1252 2028 1326 2070 te,
1402 2027 1450 2062 ut
1516 2019 1572 2062 sit
1632 2018 1838 2118 alperire,
1907 2035 2144 2078 rumpere,

1251 2091 1571 2135 perrumpere3
1671 2092 1693 2117 e
1756 2077 1893 2127 silva,
1964 2085 2012 2119 ut
2087 2077 2142 2119 sit

1253 2135 1476 2186 dividere,
1522 2132 1718 2190 aperire,
1758 2133 1953 2192 perviam
1995 2134 2141 2177 facere

1252 2191 1389 2236 caesis
1430 2190 1680 2233 arboribus.
1754 2190 2061 2256 Adquiescunt
2097 2191 2143 2234 in

345 1851 532 1893 licentia
565 1857 705 1905 atque
736 1847 852 1890 ultio
887 1855 932 1890 et
969 1849 1179 1890 satietas.

286 1907 411 1953 Belle
446 1923 556 1966 pro:
601 1908 784 1949 licentia
818 1907 1008 1955 ¹ultionis
1040 1920 1181 1960 usque

287 1970 352 2011 ad
369 1969 648 2010 satietatem.
687 1964 745 2006 cf.
766 1962 899 2006 Roth.
921 1979 966 2021 p.
983 1961 1053 2006 32.
1101 1961 1180 2006 Est

287 2040 393 2067 vero
411 2022 485 2066 hie
504 2020 554 2065 ἓν
579 2019 657 2065 διὰ
679 2024 833 2077 τριῶν.

340 2081 580 2135 piaculum
604 2079 805 2134 furoris.
880 2077 950 2120 De
984 2075 1072 2119 boc
1106 2076 1180 2119 ad·

287 2137 521 2197 positionis
546 2152 712 2195 genere
735 2134 822 2178 vid.
850 2143 946 2177 not.
973 2134 1026 2177 ad
1054 2133 1179 2175 027.

342 2195 638 2248 accepissent.
711 2193 942 2234 Muretus:
972 2193 1180 2245 excepis-

284 2261 403 2305 sent.
443 2251 668 2310 ‚Namque
695 2250 740 2292 in
765 2249 886 2292 libris
914 2248 1179 2306 quibusdam

285 2327 332 2354 se
377 2309 602 2355 invenisse
643 2308 848 2351 adfirmat
895 2307 1179 2360 eccepissent.

285 2369 346 2412 At
377 2366 479 2410 libri
508 2365 572 2409 illi
602 2381 697 2408 non
729 2363 907 2407 aliunde
931 2371 1178 2421 potueru'nt

316 2424 490 2475 todire,
522 2422 606 2467 nisi
627 2439 650 2465 e
669 2421 769 2466 cod.
785 2420 888 2463 MS.
910 2419 1072 2472 unico,
1102 2419 1178 2477 qui

283 2442 384 2533 ljest.
406 2479 599 2534 Picbena
621 2479 752 2524 habet
777 2479 1076 2532 accepissent,
1109 2477 1178 2520 uti

282 2539 387 2584 edd.
415 2547 528 2584 vett.
994 2590 996 2593 v

340 2603 430 2652 sex
449 2604 494 2651 et
514 2595 687 2651 viginti.
748 2593 866 2638 Edd.
898 2600 1007 2640 vett.
1042 2591 1178 2635 inter·

284 2653 492 2714 pungunt
521 2662 624 2712 post
653 2667 764 2700 sex,
797 2652 994 2709 eumque
1019 2665 1178 2691 nume·

283 2719 388 2757 rum
409 2710 592 2756 trahunt
613 2709 962 2765 adglegiom'bus.
1008 2706 1178 2749 Melius

282 2770 390 2822 loco
418 2767 648 2812 consuluit
669 2767 860 2826 Lipsius.

342 2825 457 2870 CAP.
491 2826 563 2870 50.
641 2828 938 2880 limitemque.
1017 2821 1178 2865 Muni-

284 2892 435 2929 menta
469 2885 678 2927 adversus
711 2881 991 2926 incursiones
1022 2879 1177 2923 barba·

275 2956 456 2983 rorum.
504 2940 563 2984 cf.
588 2940 694 2983 infr.
716 2940 759 2988 2,
783 2939 825 2981 7.
875 2938 1030 2982 Germ.
1053 2936 1177 2980 c.29.

284 2996 400 3049 Hist.
431 2999 471 3050 Ξ,
501 2998 572 3041 24.
601 2998 674 3040 42.
729 2997 770 3046 3,
805 2998 878 3039 21.
952 2994 1176 3053 Spartian.

266 3054 420 3106 ”Hadn
446 3072 484 3099 c.
506 3056 577 3099 12.
627 3054 854 3098 Ammian.
878 3053 1025 3098 Marc.
1049 3051 1118 3099 30,
1135 3053 1178 3094 9.

341 3128 374 3156 a
403 3111 583 3156 Tiberio
614 3121 842 3167 coeptum.
903 3109 964 3153 cf.
991 3108 1107 3151 vell.
1136 3110 1179 3159 2,

287 3171 383 3214 120.
457 3170 678 3224 Coeptum
719 3169 881 3212 dicitur
912 3169 970 3211 ab
1005 3167 1177 3221 aliquo,

285 3227 410 3289 quod
443 3228 583 3285 abveo
612 3227 832 3284 originem
863 3225 1012 3276 traxit,
1055 3224 1178 3278 quod

285 3284 459 3344 primus
486 3282 702 3334 instituit,
729 3284 822 3325 sine
848 3282 940 3325 ulla
963 3281 1178 3338 suspicio-

285 3359 344 3386 ne
383 3357 479 3386 non
517 3338 724 3401 perfecti.
807 3339 865 3382 cf.
905 3339 993 3382 An.
1027 3340 1100 3387 11,
1141 3339 1178 3381 1.

285 3403 445 3443 hortos
482 3414 516 3441 α
548 3397 741 3440 Lucullo
776 3405 982 3452 coeptos,-
1033 3396 1074 3444 6,
1108 3395 1179 3441 30.

286 3458 585 3514 adfinitatem
607 3462 832 3509 coeptam.

343 3514 522 3558 scindit.
583 3510 739 3567 Quum
764 3510 852 3554 hoc
874 3512 1061 3554 verbum
1079 3510 1178 3567 Lip-

289 3571 354 3616 sio
394 3587 488 3618 non
530 3570 758 3616 videretur
801 3574 953 3626 aptum
987 3569 1044 3612 ob
1075 3583 1178 3613 voc.

1252 2265 1303 2291 ea
1322 2247 1689 2305 interpretatione
1714 2257 2005 2291 recentiores.
2047 2246 2141 2290 Ob·

1251 2314 1368 2348 stant
1420 2315 1572 2347 tamen
1625 2304 1768 2362 plura.
1849 2305 1904 2347 Et
1944 2305 2142 2363 primum

1251 2364 1455 2421 quidem,
1486 2363 1586 2420 quis
1605 2377 1660 2404 eo
1681 2377 1814 2406 sensu
1840 2362 1994 2406 silvam
2027 2362 2142 2405 limi-

1249 2431 1432 2478 temque
1472 2419 1638 2463 scindit
1673 2434 1874 2474 propero
1924 2421 2146 2479 qgmine?

1250 2479 1506 2536 Properum
1532 2492 1707 2533 ¹agmen
1753 2477 1955 2520 celeriter
1998 2477 2141 2534 regio-

1250 2551 1354 2578 nem
1376 2534 1594 2593 pervadit,
1610 2550 1705 2577 ,nec
1726 2543 1932 2578 moratur
1956 2536 2141 2578 caeden-

1251 2593 1317 2635 dis
1342 2593 1593 2636 arboribus.
1654 2590 1745 2635 Ubi
1773 2593 1990 2636 obstantia
2013 2591 2141 2637 silva-

1249 2666 1354 2691 rum
1388 2659 1492 2692 sunt
1527 2648 1800 2700 amovenda,
1831 2657 2046 2707 praeeunt
2074 2666 2141 2691 ex-

1249 2706 1422 2765 peditae
1464 2705 1694 2757 cohortes,
1741 2714 1790 2749 ut
1834 2722 1935 2748 mox
1976 2706 2140 2750 videbi-

1250 2779 1366 2806 mus.
1450 2762 1626 2805 Deinde
1668 2763 1812 2805 miror
1858 2779 1940 2821 per
1985 2763 2140 2806 silvam

1251 2819 1451 2865 Caesiam
1481 2829 1578 2863 tum
1603 2820 1748 2863 adhuc
1779 2819 1995 2862 eiusmodi
2027 2821 2140 2864 viam
2211 2822 2214 2827 '

1248 2877 1384 2920 fuisse
1416 2877 1717 2934 aperiendam.
1779 2877 1893 2932 Quis
1919 2879 2036 2920 enim
2059 2877 2141 2920 sibi

1248 2935 1554 2993 persuadebit,
1586 2933 1740 2976 silvam
1774 2936 1836 2979 cis
1870 2934 2056 2978 limitem
2087 2935 2140 2978 si·

1248 3002 1340 3036 tam
1382 2993 1587 3035 nondum
1628 2992 1788 3035 itinera
1828 2993 1930 3036 satis
1970 3001 2062 3035 tuta
2099 3001 2141 3035 et

1248 3050 1396 3093 lucida
1429 3050 1670 3093 habuisse?
1744 3048 2006 3093 Gronovius
2045 3049 2139 3107 qui-

1251 3108 1352 3150 dem
1387 3106 1547 3151 silvam
1570 3105 1770 3149 Caesiam
1804 3107 1917 3148 ultra
1950 3107 2138 3149 limitem

1249 3164 1402 3222 ponit,
1442 3163 1564 3222 quasi
1589 3181 1614 3206 a
1638 3163 1779 3205 limite
1812 3180 1907 3205 eam
1947 3164 2139 3221 aperuis-

1249 3229 1370 3271 sent,
1418 3236 1611 3278 eumque
1645 3236 1843 3262 errorem
1874 3228 1916 3263 et
1950 3220 2139 3264 Wolfio

1251 3277 1426 3330 indidit,
1452 3278 1526 3336 qui
1550 3280 1697 3321 saltus
1721 3279 1930 3320 obscuros
1956 3277 2001 3320 in
2015 3295 2139 3336 seqq.

1251 3335 1305 3377 de
1326 3335 1419 3393 ipsa
1449 3335 1563 3381 silva
1597 3334 1747 3377 Caesia
1781 3334 2001 3392 intelligit.
2078 3337 2140 3380 At

1251 3402 1345 3434 tum
1368 3393 1532 3435 Noster
1560 3391 1674 3434 haud
1705 3392 1838 3435 dubie
1870 3393 2138 3450 scripsisset:

1250 3452 1440 3492 limitem
1475 3453 1730 3505 silvamque
1765 3450 2002 3498 Caesiam,
2043 3468 2137 3495 non

1251 3507 1313 3550 uti
1338 3524 1458 3550 nunc
1480 3507 1690 3566 legimus:
1721 3508 1895 3549 siluam
1920 3508 2139 3551 Caesiam

1249 3566 1548 3624 limitemque.
1630 3563 1758 3620 Quae
1803 3580 1905 3608 cum
1947 3565 2003 3609 ita
2038 3566 2138 3618 sint,
