2222 4030
1782 231 1830 267 A.
1851 230 1900 268 U.
1919 229 1997 267 767.

1778 275 1832 310 A.
1854 275 1900 310 C.
1941 277 2000 311 14.

240 242 321 298 70
918 232 1336 294 ANNALIU
1352 234 1421 290 Μ

213 367 557 446 ·,‚peratoris
582 364 761 421 vestri
781 363 938 421 vallo
963 375 1018 420 et
1038 364 1217 420 armis
1239 363 1726 420 circumsedistis‘?
1789 364 1890 424 An
1915 369 2088 438 cive5‚

236 454 490 531 „quihus
525 463 646 508 tam
682 448 938 526 proiecta
979 460 1212 505 senatus
1251 449 1602 504 auctoritas?
1643 445 1904 507 hostium
1932 455 2089 529 'quo-

238 559 388 615 „que
423 538 513 593 ius
547 546 606 592 et
632 554 794 591 sacra
824 534 1133 607 legationis
1163 544 1221 588 et
1246 533 1332 588 fas
1356 534 1618 606 gentium
1641 534 1896 610 rupistis,
1980 524 2090 594 D‘i-

238 643 382 693 „vus
409 619 977 678 Iulius-seditionem
1015 617 1299 674 exercitus
1337 619 1517 674 verbo
1554 639 1676 675 uno
1719 623 2091 695 compescuit,

238 706 537 779 „Quirites
575 705 840 761 vocando
887 703 990 778 qui
1024 713 1452 758 sacramentum
1503 703 1627 759 eius
1678 705 2114 767 detrectabant„

240 791 466 862 „Divus
496 786 805 862 'Augustus
836 789 1006 844 vultu
1037 798 1094 842 et
1128 797 1364 860 aspectu
1399 782 1665 844 Actiacas
1702 790 1959 863 legiones
1998 812 2096 847 ex-

239 868 501 946 „terruitss
573 894 711 943 noS‚
752 885 821 929 ut
852 873 1123 928 nondum
1157 871 1432 946 eosdem,
1463 873 1543 929 ita
1570 893 1636 929 ex
1673 874 1790 930 illis
1814 887 2004 944 ortOS,
2047 876 2097 932 si

240 960 593 1037 „Hispaniae
628 958 905 1035 Syriaeve
945 957 1114 1012 miles
1149 968 1585 1030 aspernaretur,
1643 970 1839 1015 tamen
1875 961 2097 1017 mirum

236 1058 332 1116 „et
374 1045 688 1118 indignum
725 1053 865 1102 erat.
950 1039 1228 1097 Primane
1265 1052 1323 1096 et
1356 1041 1632 1098 vicesima
1667 1044 1951 1115 legioneS‚
1995 1046 2098 1101 illa

242 1131 456 1204 „signis
492 1150 524 1186 a
559 1127 802 1186 Tiberio
844 1126 1120 1199 acceptis»,
1165 1137 1229 1182 tu
1265 1135 1352 1181 tot
1383 1126 1744 1199 proeliorum
1787 1129 1970 1197 socia,
2013 1141 2101 1186 tot

242 1214 552 1291 „praemiis
584 1223 782 1279 aucta,
826 1210 1114 1283 egregiam
1153 1208 1292 1266 duci
1325 1222 1519 1266 vestro
1558 1212 1801 1284 gratiam
1835 1215 2102 1270 refertis?

242 1297 437 1371 „hunc
480 1317 583 1372 ego
617 1296 897 1356 nuntium
935 1294 1088 1370 patri
1131 1295 1281 1353 laeta
1311 1296 1510 1353 omnia
1547 1296 1677 1354 aliis
1716 1317 1746 1353 e
1782 1299 2101 1374 provinciis

300 1507 430 1548 vallo
479 1511 523 1548 et
567 1503 720 1547 armis
760 1501 1143 1546 circumsedistaek?

243 1562 458 1607 Wolfius
503 1568 631 1621 putat
671 1559 783 1604 haee
831 1566 1032 1617 spectare
1084 1558 1138 1610 ad

244 1638 285 1665 c.
318 1620 389 1669 39,
436 1619 588 1678 ibique
626 1633 905 1662 concursum
939 1616 993 1660 ad
1029 1615 1140 1659 Ger-

244 1677 411 1722 manici
438 1677 625 1720 domum
652 1673 836 1718 factum.
896 1673 1141 1717 Maluerim

244 1735 490 1779 formulam
533 1734 657 1775 vallo
691 1738 736 1774 et
763 1732 913 1780 armis
942 1732 1140 1774 circum-

242 1794 404 1842 sedere
435 1806 568 1840 sensu
597 1788 789 1847 figurato
819 1787 1049 1843 accipere,
1093 1796 1143 1831 ut

232 1849 301 1893 vsit
333 1849 381 1892 in
407 1848 667 1891 universum
690 1862 775 1902 pro
798 1846 922 1889 hoste
945 1844 1143 1904 aliquem

246 1914 450 1955 tractare,
478 1903 697 1952 hostiliter
716 1905 926 1950 adversus
946 1903 1142 1961 aliquem

247 1979 390 2021 agere.
449 1962 564 2005 Nam
594 1960 715 2005 vallo
743 1960 902 2004 saltem
924 1960 1143 2004 rebellan-

245 2029 311 2067 tes
332 2019 657 2070 Germanicum
679 2017 866 2077 proprio
891 2034 1026 2061 sensu
1048 2032 1144 2067 non

247 2077 608 2123 circumdedere*
774 2080 778 2085 '

305 2160 512 2205 hostium
535 2173 715 2216 quoque
737 2158 811 2201 tas
837 2165 883 2202 et
908 2172 1050 2204 sacra,
1077 2160 1146 2199 Ie-

247 2218 459 2272 gatiom's
484 2216 623 2275 etsas
641 2217 870 2272 gentiam.
925 2215 1013 2258 Hic
1034 2231 1146 2274 quo·

249 2292 337 2335 que
371 2274 507 2318 Roth.
542 2277 606 2332 (p.
629 2273 718 2328 45.)
748 2272 927 2319 invenit
957 2272 1146 2330 figuram

249 2335 300 2378 ἓν
341 2331 419 2383 διὰ
455 2332 589 2376 δυοῖν
625 2330 718 2379 eius
762 2330 960 2388 generis,
1021 2328 1147 2387 quod

250 2391 449 2438 succedit
507 2390 554 2432 'in
615 2387 769 2431 locum
833 2386 1146 2444 adpositionis.

248 2448 402 2503 „Nam
425 2447 489 2495 fas
512 2445 736 2505 gentium,
765 2445 848 2493 ait,
881 2444 956 2487 illa
981 2445 1147 2502 priora,

250 2508 320 2551 ius
343 2504 538 2550 hostium
559 2513 603 2547 et
623 2519 747 2545 sacra
771 2502 1002 2560 legationis
1023 2518 1147 2546 com.-

205 2576 222 2585 “·
251 2561 520 2623 plectitur.”
598 2559 782 2602 Rectius
826 2559 1005 2604 dixisset
1056 2559 1146 2602 duo

251 2620 530 2682 posteriora,
562 2632 707 2660 sacra
725 2619 814 2670 leg.
849 2624 893 2658 et
924 2617 997 2658 ius
1028 2631 1148 2670 gen-

255 2679 374 2723 tiam
399 2677 629 2744 pertinere
662 2674 714 2716 ad
746 2674 815 2717 ius
844 2673 1064 2724 hostium,
1106 2681 1150 2715 et

255 2733 550 2794 adposltionis
596 2731 701 2775 loco
745 2740 986 2788 utrumque
1030 2729 1149 2776 addi.

255 2784 372 2835 Nam
403 2790 624 2841 sententia
653 2798 740 2831 est:
788 2787 996 2847 rupistis,
1037 2802 1150 2844 quae

257 2848 375 2894 inter
398 2848 546 2892 hostes
574 2861 755 2906 quoque
788 2853 940 2890 sancta
979 2844 1147 2888 haben-⁷

257 2914 354 2972 tur,
402 2921 527 2955 sacra
575 2903 815 2963 legationis
858 2911 900 2946 et
941 2902 1006 2946 sas
1040 2918 1151 2959 gen-

261 2972 388 3011 tuum,

318 3047 458 3091 verbo
479 3061 570 3088 uno
589 3045 889 3099 compescuit,
921 3042 978 3100 Q.
1003 3059 1044 3091 υ,
1093 3042 1153 3091 cf.

259 3104 383 3146 Suet.
406 3102 490 3144 lul.
523 3119 561 3144 c.
585 3103 653 3144 70.
699 3102 888 3160 Appiau.
913 3102 982 3144 92.
1036 3101 1156 3143 Plut.

262 3161 388 3207 Caes.
414 3160 482 3202 51.
521 3158 602 3200 Pol
626 3175 735 3202 ’aeu-
760 3158 885 3210 8,23‚
904 3158 972 3201 15.
1013 3159 1157 3201 Fron·

262 3218 344 3266 tin.
367 3219 406 3273 1,
425 3217 468 3267 9,
494 3216 538 3263 4.
643 3215 686 3257 io
707 3217 776 3267 42,
797 3215 867 3261 53.
927 3215 1095 3263 Lucan.
1119 3215 1158 3265 5,

321 3356 661 3400 detrectabant.
722 3355 835 3402 Edd.
868 3355 1077 3405 Bere-ald.
1118 3366 1156 3398 e?

265 3411 469 3463 Rhenan.
495 3414 842 3460 detractabant.

326 3500 559 3552 Augustus
589 3527 601 3538 .
619 3527 629 3539 .
651 3527 661 3537 .
682 3526 693 3537 .
727 3499 974 3540 exterruit.
1036 3500 1159 3544 Suel.

269 3554 384 3604 Ocu·
411 3569 452 3598 c.
490 3554 558 3598 17.
620 3552 710 3595 Dio
743 3554 812 3604 49,
842 3553 912 3601 54.
945 3564 989 3598 et
1022 3559 1087 3609 51,
1121 3559 1162 3603 8.

1210 1500 1304 1544 Liv.
1331 1500 1436 1560 epit.
1475 1500 1573 1545 131.
1635 1500 1754 1545 Nihil
1790 1509 1940 1545 tamen
1965 1502 2104 1547 ibide

1211 1559 1340 1605 vultu
1364 1568 1406 1603 et
1427 1568 1633 1617 aspectu,
1663 1575 1754 1615 quo
1776 1561 2004 1610 exterruit.

1267 1645 1374 1682 nos,
1406 1637 1462 1674 με’
1485 1634 1693 1673 nondum
1723 1634 1923 1674 eosdem.
1994 1631 2106 1674 Bro-

1212 1686 1348 1730 terius
1417 1695 1508 1731 utat
1540 1685 1862 1731 Germanicum
1898 1687 2108 1746 loqui'de

1213 1761 1259 1787 se
1291 1754 1333 1787 et
1396 1761 1418 1788 e
1448 1744 1649 1789 Tiberio.
1708 1745 1846 1788 Male.
1905 1745 2020 1789 Nam
2054 1747 2109 1790 de

1214 1801 1312 1849 solo
1339 1801 1612 1846 Germanico
1634 1801 1743 1845 haec
1763 1802 1925 1851 valent.

1273 1873 1359 1916 illa
1398 1874 1548 1927 signis
1585 1889 1617 1914 a
1648 1873 1851 1917 Tiberio.
1933 1873 2109 1918 Etenim

1213 1939 1315 1989 post
1374 1930 1548 1974 cladem
1609 1930 1845 1974 Varianam
1899 1930 2109 1976 Tiberius

1215 1987 1375 2031 missus
1398 1997 1462 2032 est
1487 1989 1540 2031 ad
1576 1989 1915 2031 restaurandum
1947 1990 2110 2032 exerci-

1214 2054 1309 2090 tum
1337 2045 1414 2100 (cf.
1430 2045 1546 2093 Vell.
1565 2046 1605 2102 2,
1630 2045 1743 2100 120.)
1769 2053 1811 2088 et
1833 2054 1928 2092 tum
1951 2047 2108 2090 fortas-

1215 2119 1261 2146 se
1299 2103 1424 2152 illam
1466 2102 1689 2160 legionem
1724 2117 1891 2150 reeens!
1915 2106 2109 2159 conscri-

1249 2169 1339 2204 tam
1369 2159 1609 2207 ordinavit.
1680 2158 1783 2203 vid.
1816 2160 1951 2204 etiam
1985 2161 2108 2206 Suet.

1216 2177 1319 2268 zib,
1361 2234 1402 2260 c.
1438 2217 1639 2261 16-18,
1707 2216 1798 2260 Dio
1834 2218 1902 2269 55,
1927 2219 1985 2264 23
2015 2235 2110 2286 sqq.

1218 2276 1272 2319 de
1299 2274 1568 2321 Germanica
1593 2273 1871 2331 expeditione
1893 2276 2083 2327 Tiberil.

1276 2345 1511 2400 egregiam
1555 2346 1664 2388 duci
1703 2353 1858 2388 vestro
1900 2350 2115 2402 gratiam

1219 2400 1440 2459 refertis?
1509 2401 1586 2446 Sic
1611 2402 1711 2446 edd.
1733 2403 1942 2453 Beroald,
1967 2405 2113 2451 Rhen.

1219 2476 1319 2519 sqq.
1389 2459 1640 2503 Oberlinus
1663 2459 1838 2517 signum
1852 2463 1908 2518 (ἲ)
1929 2465 2115 2507 mutavit

1221 2520 1266 2562 in
1288 2519 1361 2574 (ὓς
1389 2516 1617 2560 Bekkerus
1639 2519 1788 2576 posuit
1804 2520 1866 2575 (.).
1926 2520 1988 2563 At
2010 2537 2114 2564 cum

1221 2575 1338 2619 haud
1372 2575 1505 2618 dubie
1539 2575 1856 2632 interrogando
1885 2577 1995 2622 haec
2026 2579 2116 2622 sint

1223 2632 1495 2676 enuntianda
1525 2640 1566 2674 et
1597 2633 1779 2698 quidem
1803 2650 1883 2692 per
1909 2634 2116 2685 ironiam,

1222 2689 1400 2747 reposui
1434 2696 1565 2732 vetus
1595 2706 1789 2747 mgnum.
1859 2690 1998 2746 Quod
2028 2692 2118 2735 Er-

1224 2745 1396 2790 nestius
1432 2745 1614 2792 volebat
1645 2747 1745 2791 addi
1781 2754 1905 2800 tam,
1955 2748 2117 2810 Wop-

1225 2804 1403 2848 kensius
1422 2805 1570 2854 hanc,
1600 2819 1695 2848 non
1725 2819 1837 2862 opus
1864 2814 1942 2849 est..
2002 2807 2117 2852 Nam

1225 2861 1462 2916 egregiam
1485 2862 1700 2912 gratiam
1725 2860 1798 2905 vel
1832 2863 1926 2906 sine
1951 2865 2119 2910 addita-

1226 2926 1380 2962 mento
1421 2916 1717 2975 intelligimus
1746 2917 1886 2972 hanc,
1937 2922 1992 2965 de
2033 2939 2120 2979 qua

1229 2992 1352 3020 nunc
1412 2990 1563 3020 sermo
1634 2983 1711 3018 est.
1811 2975 2121 3023 Heri-mannus

1229 3033 1460 3078 emendat:
1504 3032 1670 3085 prima
1699 3048 1793 3076 nae
1826 3042 1871 3076 et
1901 3038 2122 3079 vicesima

1229 3091 1456 3144 legiones,
1502 3089 1652 3146 quod,
1695 3089 1731 3132 si
1779 3089 1850 3133 cui
1889 3092 2120 3150 placuerit,

1229 3163 1321 3191 non
1352 3146 1577 3190 invidebo:
1638 3147 1843 3190 Fortasse
1876 3148 2004 3194 locus
2031 3168 2121 3194 me-

1231 3204 1318 3247 lius
1351 3202 1575 3260 legeretur
1601 3204 1688 3246 sic:
1716 3205 1880 3259 prima
1901 3221 1958 3248 ne
1979 3217 2023 3251 et
2047 3211 2121 3251 υἱ·-

1228 3261 1402 3304 eesima
1431 3260 1637 3313 legiones
1663 3292 1673 3303 .
1697 3293 1707 3303 .
1735 3294 1744 3304 .
1767 3293 1779 3304 .
1807 3270 1875 3305 tot
1890 3267 2124 3317 praemiis

1229 3319 1412 3360 aucta?
1469 3320 1702 3372 egregiam
1744 3323 1789 3361 d.
1834 3336 1873 3363 υ.
1915 3327 2122 3376 graciam

1230 3375 1426 3431 refertis.
1486 3374 1607 3419 Tum
1637 3384 1738 3433 post
1765 3386 1908 3419 aucta
1939 3378 2065 3423 locus
2100 3398 2123 3424 e

1232 3433 1603 3491 praecedentibus
1635 3434 1909 3491 supplendus
1935 3445 2022 3488 est,
2053 3454 2119 3479 ex-

1232 3489 1475 3549 primitque
1497 3488 1754 3534 Germanici
1781 3492 2075 3538 mirationem.

1291 3562 1398 3604 duci
1418 3568 1592 3604 uestro.
1655 3562 1730 3605 Sc.
1751 3561 1949 3605 Tiberio.
