2222 4030
1772 225 1823 264 A.
1837 227 1889 264 U.
1915 228 1996 265 709.

1772 273 1824 306 A.
1844 268 1891 309 C.
1937 274 1998 311 10.

231 223 352 299 128
829 246 835 254 «
901 217 1411 295 ANNALIUM

227 353 435 415 oravit.
531 346 680 408 Erat
719 350 769 408 is
802 350 869 409 in
904 353 1187 423 exercitU,
1244 363 1632 432 cognomento
1663 351 1933 433 Flavius,
1986 358 2083 415 in·-

219 439 408 514 signis
433 437 547 493 fide
574 447 630 493 et
657 435 866 511 amisso
896 459 1003 514 per
1027 440 1244 495 vulnus
1281 439 1452 495 oculo
1486 440 1690 514 paucis
1726 452 1860 497 ante
1892 445 2082 513 annis,

225 528 374 585 duce
411 521 676 581 Tiberio.
770 535 898 580 tum
931 524 1311 599 permissum,
1362 544 1819 601 progressusque
1863 527 2082 584 saluta-

224 623 323 668 tur
357 610 431 665 ab
462 602 766 674 Arminio:
822 608 928 684 qui
975 608 1186 664 amotis
1236 608 1642 683 stipatoribUS,
1698 622 1765 667 ut
1799 611 2083 684 sagittarii

223 706 425 751 nostra
452 713 560 768 pro
591 692 722 768 ripa
756 693 1026 767 dispositi
1054 693 1459 764 abscederent,
1500 696 1787 770 postulat,
1829 707 1884 752 et
1920 708 2086 771 post-

225 800 405 857 quam
458 778 731 852 digressi,
795 779 957 834 unde
1017 798 1084 833 ea
1147 778 1486 837 deformitas
1537 781 1696 848 oris?
1762 781 2086 854 interrogat

222 868 486 933 fratrem.
579 863 684 919 illo
731 863 929 919 locum
976 873 1034 918 et
1072 863 1368 937 proelium
1401 866 1711 924 referente:
1779 867 2084 942 quodnam

221 950 553 1027 praemium
578 946 927 1022 recepisset?
963 947 1231 1024 exquirit.
1306 947 1547 1007 Flavius
1579 964 1745 1008 aucta
1774 952 2083 1026 stipendia,

221 1048 495 1112 torquem
520 1044 577 1090 et
599 1053 879 1089 coronam
902 1032 1131 1108 aliaque
1155 1033 1437 1091 militaria
1461 1035 1619 1101 dona
1641 1048 1945 1107 memorat,
1985 1036 2083 1095 in.-

222 1111 456 1179 ridente
482 1114 757 1176 Arminio
787 1117 931 1173 vilia
963 1118 1188 1176 servitii
1213 1120 1422 1194 pretia.

390 1256 465 1316 X.
521 1253 681 1312 Exin
706 1255 924 1311 diversi
956 1255 1297 1312 ordiuntur:
1337 1253 1435 1314 hic
1460 1257 1930 1331 magnitudinem
1955 1256 2086 1316 Ro-

222 1363 492 1413 manam,
536 1361 675 1416 opes
699 1338 963 1398 Caesaris
992 1352 1049 1398 et
1078 1341 1249 1398 victis
1282 1361 1484 1415 graves
1519 1341 1770 1419 poenaS,
1814 1343 1879 1397 in
1916 1344 2085 1399 dedi-

221 1430 448 1489 tionem
486 1426 751 1483 venienti
785 1437 1051 1500 paratam
1093 1427 1494 1485 clementiam:
1538 1421 1737 1504 'neque
1773 1427 2085 1501 coniugem

221 1527 279 1573 et
300 1515 493 1571 filium
525 1511 648 1568 eius
672 1507 968 1568 hostiliter
992 1508 1224 1568 haberi:
1278 1513 1380 1570 ille
1418 1514 1514 1569 fas*
1539 1514 1791 1589 patriae,
1839 1514 2086 1570 liberta-

220 1613 341 1660 tem
375 1599 620 1667 avitam,
670 1597 990 1672 penetralis
1029 1595 1387 1656 Germaniae
1428 1599 1601 1668 deOS,
1653 1611 1901 1656 matrem
1946 1619 2084 1673 pre-

220 1706 357 1745 cum
402 1682 650 1752 sociam,
704 1702 780 1738 ne
833 1683 1312 1760 propinquorum
1361 1696 1417 1741 et
1457 1683 1774 1754 adfinium,
1829 1685 2084 1761 denique

219 1769 409 1846 gentis
466 1787 602 1825 suae
653 1767 918 1824 desertor
955 1781 1013 1827 et
1056 1769 1330 1844 proditor
1374 1789 1552 1847 quam
1598 1769 1919 1844 imperator
1963 1789 2084 1825 esse

217 1856 440 1914 mallet.
537 1850 834 1913 Paulatim
868 1853 1008 1910 inde
1041 1855 1116 1911 ad
1154 1854 1343 1928 iurgia
1375 1854 1668 1931 prolapsi,
1725 1875 1842 1931 quo
1886 1854 2086 1910 minus

216 1959 481 2018 pugnam
517 1951 918 2009 consererent,
961 1959 1038 1995 ne
1078 1939 1326 1996 flumine
1360 1940 1602 2017 quidem
1631 1939 1937 2001 interiecto
1986 1960 2085 1996 co·-

218 2023 608 2092 hibebantur,
652 2024 718 2080 ni
747 2023 1066 2082 Stertinius
1101 2026 1422 2084 adcurrens
1453 2026 1700 2100 plenum
1731 2025 1854 2081 irae
1891 2044 2084 2081 arma-

217 2131 337 2190 que
383 2121 441 2167 et
486 2126 705 2185 equum
741 2122 1079 2183 poscentem
1111 2107 1387 2168 Flavium
1425 2110 1774 2169 attinuisset.
1876 2128 2084 2166 cerne-

219 2198 399 2256 batur
443 2204 649 2253 contra
685 2195 1138 2253 minitabundus
1174 2191 1486 2252 Arminius
1531 2195 1941 2271 proeliumque
1981 2194 2084 2250 de—

289 2412 402 2457 Cu».
434 2412 479 2456 9.

218 2487 378 2517 onmes
422 2468 510 2514 nisi
557 2470 681 2527 quod
725 2470 793 2513 ed.
836 2470 940 2515 Ald.
985 2470 1116 2515 habet

215 2529 422 2578 Fauiam
453 2543 560 2570 mox
583 2528 740 2570 eadem
752 2527 967 2573 Flauius.
1001 2527 1115 2572 Cod.

215 2586 319 2632 MS.
343 2586 539 2630 Flavus,
602 2585 690 2628 Sed
722 2585 828 2628 infr.
858 2588 924 2635 11,
952 2589 1019 2632 16.
1046 2587 1114 2630 bis

216 2653 282 2690 est
299 2643 516 2694 Flavius,
546 2658 694 2701 neque
719 2643 951 2702 proditum
978 2643 1113 2689 codd.

214 2701 354 2746 MSS.
378 2699 568 2747 variare.

272 2768 378 2804 tum
405 2759 706 2812 permissum.
772 2758 849 2804 Sic
877 2758 981 2803 cod.
1006 2757 1109 2806 MS.

215 2817 320 2862 edd.
344 2823 453 2862 vett.
476 2824 520 2859 et
542 2825 730 2861 recentt.
780 2817 965 2860 Frustra
975 2815 1112 2859 Hein-

217 2876 333 2920 sius:
367 2881 577 2926 tamma
597 2876 904 2929 permissum5
944 2873 1112 2918 frustra

215 2931 284 2975 vir
308 2933 467 2975 doctus
493 2932 611 2990 apud
634 2931 673 2975 R
710 2931 886 2976 ckium:
929 2933 979 2974 id
1007 2939 1113 2974 tum

209 2989 525 3045 permissum,·
594 3005 665 3033 ma
691 3007 714 3034 e
776 2990 1114 3034 Heri-mannus:

216 3050 331 3092 duce
375 3046 560 3089 Tiberio
614 3055 732 3092 tum.
822 3047 1117 3090 Permissum

218 3113 306 3150 etc.
365 3102 482 3146 Nam
505 3111 607 3147 tum
628 3103 702 3149 hic
726 3114 790 3150 est
822 3101 925 3148 τότε
954 3107 1045 3164 μέν
1079 3121 1115 3148 S.

218 3158 324 3206 τότε
360 3161 453 3219 μὲν
489 3154 597 3216 οὖν,
655 3163 779 3220 quod
823 3162 986 3207 Graeci
1027 3160 1115 3204 fre-

219 3226 442 3279 quentant
465 3225 748 3281 ,transeuntes
779 3221 835 3264 ad
858 3220 991 3264 aliam
1017 3235 1116 3262 nar·

219 3275 408 3322 rationis
444 3283 632 3333 partem.
707 3278 764 3321 cf.
794 3278 900 3322 infr.
937 3279 1015 3326 11,
1045 3275 1115 3319 31.

219 3334 343 3377 Tum
361 3333 658 3388 pottissimum
682 3350 909 3392 quemque
934 3335 1113 3377 amico-

221 3407 334 3434 rum
365 3398 502 3434 vocat
529 3399 615 3435 ete.
685 3392 726 3442 4,
758 3394 826 3436 10.
858 3410 915 3437 ea
932 3392 1116 3448 fraude

221 3457 324 3493 tum
342 3463 513 3493 senem.

283 3507 396 3553 CAP.
416 3508 484 3550 10.
533 3505 711 3549 diversi
729 3507 991 3550 ordiuntur.
1041 3507 1113 3549 di-

221 3566 370 3613 versi.
422 3564 649 3618 ἐναντίοι,
702 3578 847 3620 gegen
889 3567 1115 3608 einander

569 2411 785 2460 Flavius.
873 2412 951 2458 Sic
1011 2412 1129 2457 edd.'

1187 2414 1401 2458 stehend.
1472 2413 1532 2458 cf.
1568 2413 1676 2457 infr.
1717 2412 1785 2465 13,
1818 2413 1886 2456 57.
1922 2413 2084 2455 diver·—

1187 2484 1292 2514 sam
1313 2471 1478 2514 aciem.
1542 2470 1610 2522 14,
1631 2470 1702 2514 30.
1746 2470 1812 2522 15,
1837 2470 1902 2513 15.
1933 2471 2087 2513 nostri

1183 2543 1272 2583 per
1293 2529 1533 2572 diversum
1555 2531 1694 2571 inere.
1756 2529 1823 2576 16,
1845 2526 1917 2571 30.
1939 2534 2083 2571 stete·-

1187 2593 1393 2642 runtque
1417 2587 1601 2630 diversi.
1660 2586 1770 2643 Agr.
1807 2601 1847 2629 c.
1873 2587 1939 2628 11.
1963 2600 2083 2636 pro-

1186 2644 1475 2686 currentibus
1485 2644 1534 2684 in
1546 2645 1730 2686 diuersa
1745 2643 1895 2686 terris.
1931 2642 2079 2686 Wol-

1185 2698 1269 2742 fius
1292 2716 1388 2743 non
1408 2702 1511 2744 satis
1536 2709 1684 2744 recte:
1723 2699 1958 2757 „Uterque
1982 2716 2083 2744 cau·

1183 2773 1252 2800 sas
1279 2774 1379 2800 suas
1407 2766 1450 2800 et
1476 2757 1662 2801 consilia
1686 2756 1892 2816 proferre
1922 2758 2083 2813 coepit,

1185 2814 1361 2859 diversa
1387 2814 1505 2858 inter
1530 2831 1575 2858 se
1601 2823 1644 2856 et
1672 2815 1943 2858 contraria.”
1991 2814 2081 2858 Or-

1184 2872 1382 2915 diuntur
1413 2888 1475 2916 sc.
1511 2871 1662 2930 loqui,
1714 2871 1941 2929 colloqui,
1994 2873 2080 2916 dis·

1185 2945 1347 2972 serere.
1407 2929 1483 2973 Sic
1512 2931 1550 2981 1,
1570 2930 1640 2973 41.
1669 2933 1798 2984 apud
1826 2930 2085 2986 c1'rcumfu-

1187 3001 1266 3030 sos
1287 2988 1356 3029 ita
1374 2988 1547 3041 coepit;
1575 2988 1613 3038 1,
1637 2987 1707 3031 34.
1733 3004 1765 3030 a
1787 2990 2084 3030 veneratione

1188 3045 1395 3098 Augusti
1412 3059 1557 3087 orsus.

1241 3103 1501 3156 penetralis
1530 3102 1583 3146 G.
1606 3104 1730 3144 deos.
1791 3101 1848 3145 cf.
1875 3101 1980 3145 infr.
2015 3103 2083 3154 11,

1191 3162 1259 3204 16.
1280 3174 1375 3201 non
1399 3160 1544 3201 alium
1567 3159 1788 3214 infinsius
1809 3173 1953 3201 arma
1972 3175 2080 3202 con-

1188 3228 1266 3262 tra
1317 3218 1534 3268 patriam
1592 3232 1649 3259 ac
1707 3219 1820 3259 deos
1866 3217 2083 3269 Penates,

1188 3289 1332 3332 quam
1378 3281 1628 3326 parentem
1680 3275 1774 3316 eius
1817 3274 2082 3331 (Flavium)

1187 3332 1467 3376 exercuisse.
1543 3331 1824 3373 Penetrales
1855 3331 2082 3382 dicuntur,

1188 3390 1293 3450 quia
1323 3397 1428 3432 sunt
1467 3404 1624 3432 rerum
1665 3388 1872 3431 custodes
1905 3388 2082 3432 intima-

1187 3464 1305 3493 rum.
1366 3445 1425 3489 cf.
1451 3447 1547 3491 Cic.
1571 3445 1626 3489 N.
1648 3446 1708 3489 D.
1736 3446 1779 3498 2,
1802 3446 1872 3489 27.-

1244 3504 1602 3555 cohibebantur,
1640 3505 1695 3546 ni
1711 3535 1723 3548 .
1738 3535 1748 3546 .
1762 3535 1774 3549 .
1797 3503 2080 3558 attinw'sset.

1187 3562 1245 3607 cf.
1268 3569 1365 3605 not.
1389 3561 1445 3605 ad
1465 3563 1503 3613 1,
1527 3561 1598 3606 35.
