2222 4030
177 214 515 340 'gggfflfgg
631 259 805 322 Lm.
839 223 944 322 lv.
1029 255 1223 321 CAP.
1252 263 1351 325 33.
1377 262 1478 326 34.
1853 272 1980 335 323

0 442 1 454 2
110 414 227 474 que
271 405 330 452 et
374 390 751 470 optimatium
796 387 1035 464 ingenia
1078 388 1185 467 qui
1226 393 1481 453 maxime
1523 397 1978 474 perdidicerant³

0 489 18 530 ’.
76 500 79 501 ’
109 481 313 539 callidi
333 491 669 556 temporum
694 487 752 533 et
782 475 1072 551 sapientes
1108 474 1526 538 credebantur:
1568 483 1653 541 sic
1689 502 1973 546 converso

109 578 265 626 statu
300 583 495 642 neque
539 561 657 619 alia
695 581 760 618 re
795 557 1104 631 Romana,
1156 581 1336 638 quam
1379 564 1428 620 si
1464 586 1623 625 unus
1662 567 1975 646 imperitet,

107 649 251 710 haec
289 647 565 727 conquiri
601 646 873 723 tradique
914 645 979 702 in
1015 665 1144 702 rem
1176 646 1386 718 fuerit,
1444 652 1580 727 quia
1620 656 1797 729 pauci
1830 677 1978 733 pm.

106 736 310 795 dentia
344 732 592 794 honesta
629 732 705 788 ab
742 730 1163 803 deterioribus,
1203 732 1376 791 utilia
1413 735 1488 792 ab
1524 739 1720 795 noxiis
1754 741 1976 800 discer-

105 833 279 892 nunt,
314 821 516 897 plures
539 817 798 875 aliorum
824 817 1050 874 eventis
1074 818 1378 879 docentur.
1465 832 1722 881 ceterum
1743 838 1812 885 ut
1830 847 1974 903 pro-

102 909 304 967 futura
348 906 432 963 ita
469 903 790 961 minimum
821 902 1233 960 oblectationis
1267 904 1563 968 adferunt.
1647 929 1790 967 nam
1823 913 1972 972 situs

102 993 402 1068 gentium,
442 990 753 1047 varietates
782 988 1178 1065 proeliorum,
1220 989 1366 1047 clari
1398 991 1618 1050 ducum
1659 995 1845 1054 exitus
1877 1018 1974 1057 re-

100 1080 298 1137 tinent
320 1087 388 1134 ac
410 1075 817 1149 redintegrant
839 1074 1162 1148 legentium
1187 1075 1477 1134 animum:
1517 1098 1628 1135 nos
1655 1099 1825 1139 saeva
1849 1084 1974 1142 ius-
2009 1136 2026 1150 ,

101 1184 194 1235 sa,
234 1162 547 1221 continuas
570 1160 995 1229 accusationes,
1035 1160 1272 1218 fallaces
1297 1162 1610 1235 amicitias,
1646 1167 1974 1241 perniciem

100 1248 512 1307 innocentium
542 1258 600 1303 et
624 1247 857 1303 easdem
892 1245 1054 1303 exitu
1085 1266 1286 1304 causas
1310 1247 1751 1324 coniungimUS,
1794 1253 1974 1311 obvia

97 1353 303 1393 rerum
347 1331 739 1390 similitudine
790 1342 849 1388 et
891 1330 1170 1391 satietate.
1282 1330 1444 1391 Tum
1496 1335 1658 1412 quod
1712 1338 1974 1416 antiquis

98 1419 486 1496 scriptoribus
532 1436 703 1474 rarus
752 1417 1111 1475 obtrectator
1152 1436 1347 1496 neque
1390 1420 1569 1479 refert
1609 1420 1973 1501 cuiusquam,

95 1505 352 1564 Punicas
375 1502 754 1563 Romanasve
778 1502 930 1559 acies
955 1501 1166 1559 laetius
1199 1503 1500 1562 extuleris:
1544 1517 1604 1564 at
1625 1508 1974 1582 multorum,

96 1593 203 1670 qui
242 1590 491 1649 Tiberio
530 1599 768 1663 regente
806 1607 1062 1664 poenam
1102 1588 1199 1645 vel
1233 1588 1509 1648 infamias
1545 1591 1806 1665 subiere,
1861 1603 1975 1672 'po-

96 1678 239 1736 steri
270 1686 534 1734 manent.
619 1684 805 1751 utque
838 1673 1099 1730 familiae
1137 1672 1297 1750 ipsae
1331 1675 1450 1732 iam
1483 1678 1800 1737 exstinctae
1836 1682 1973 1752 sint,

94 1763 353 1841 reperies
391 1761 498 1839 qui
532 1759 612 1816 ob
653 1758 1107 1817 similitudinem
1148 1779 1389 1816 morum
1425 1762 1620 1820 aliena
1663 1765 1971 1825 malefacta

71 1850 211 1908 ‚sibi
247 1846 533 1907 obiectari
566 1856 796 1920 putent.
903 1845 1082 1902 etiam
1132 1845 1320 1918 gloria
1370 1867 1438 1904 ac
1473 1848 1664 1907 virtus
1708 1851 1974 1910 infensos

16 1991 26 2011 [-
92 1931 273 1994 habet
304 1946 372 1992 ut
401 1932 580 1989 nimis
619 1950 687 1987 ex
725 1930 1065 2007 propinquo
1101 1930 1333 1988 diversa
1370 1951 1639 2007 arguens.
1740 1934 1859 1994 Sed
1896 1938 1973 1995 ad

95 2022 328 2098 incepta
368 2020 567 2076 redeo,

265 2114 549 2177 XXXIV.
644 2113 925 2174 Cornelio
971 2113 1183 2187 Cosso,
1249 2111 1463 2174 Asinio
1511 2113 1778 2196 Agrippa
1826 2141 1971 2185 coss,

89 2204 430 2266 Cremutius
449 2199 683 2261 Cordus
718 2201 1054 2277 postulatur
1086 2222 1243 2258 novo
1280 2222 1346 2259 ac
1384 2213 1526 2259 tunc
1564 2205 1826 2281 primum
1863 2229 1972 2267 au-

92 2293 218 2352 dito
242 2290 519 2370 crimine,
561 2288 724 2365 quod
748 2287 920 2344 editis
951 2287 1270 2344 annalibus
1293 2287 1652 2366 laudatoque
1665 2289 1753 2353 M.
1775 2289 1967 2353 Bruto

91 2470 409 2531 queetopeu'm.
421 2466 615 2522 ingenia
627 2470 713 2508 etc.
744 2462 873 2507 Vana
887 2477 992 2507 sane
1064 2462 1135 2507 45.
1156 2463 1346 2519 glorias.
1399 2461 1580 2508 Etenim
1606 2464 1838 2522 infamiae
1860 2477 1965 2514 sunt

88 2529 376 2576 coniectura,
413 2539 557 2584 quum
583 2521 712 2565 locus
739 2520 794 2565 sit
819 2520 992 2565 sanissi-
1064 2521 1277 2566 infamiae
1300 2521 1494 2580 species,
1527 2538 1641 2580 quae
1667 2532 1795 2569 erant
1845 2526 1966 2573 lux-es

89 2603 209 2632 mus.
242 2584 300 2629 cf.
314 2591 408 2628 not.
421 2581 477 2626 ad
496 2581 616 2630 l,15.
657 2580 740 2623 sub
752 2595 792 2622 v.
810 2585 962 2636 utque.
1064 2588 1108 2622 et
1129 2579 1288 2622 variae.
1338 2577 1397 2621 cf.
1413 2577 1547 2623 Roth.
1577 2579 1769 2637 Quaest.
1836 2598 1961 2629 ram.

147 2658 298 2701 neque
335 2642 518 2739 ala'adge
548 2638 790 2736 Romagzla.
875 2634 991 2681 cod.
1063 2638 1233 2736 (Neges
1246 2635 1475 2748 daegnies.
1491 2636 1611 2681 Phil.
1626 2653 1670 2682 u.
1685 2638 1805 2683 Ρᾶἀ.
1834 2639 1961 2690 1830.

88 2703 440 2815 ffifi'e‘ffifssifif:
490 2709 791 2816 {223⁶un
802 2708 991 2793 ssffi‘zffl
1063 2708 1166 2792 ”ria
1186 2708 1343 2794 Σιῗιὶηέ.
1404 2750 1519 2795 cod.
1544 2750 1650 2796 MS.
1673 2760 1769 2798 test.
1793 2753 1961 2809 piche-

90 2831 262 2868 πωπω,
296 2828 430 2872 quam
467 2807 831 2852 emendanonem
863 2822 989 2851 nunc
1060 2822 1116 2850 na
1140 2814 1192 2849 ut
1212 2807 1400 2851 am'mn‘s.
1460 2806 1596 2853 Unde
1620 2817 1724 2855 vett.
1749 2811 1851 2856 edd.
1875 2829 1958 2858 au-

91 2889 247 2921 omnes
285 2870 495 2932 probant.
577 2865 808 2909 Acidalia„
842 2862 986 2908 male-
1060 2873 1185 2908 ctore
1206 2863 1430 2908 Beroaldo
1470 2874 1522 2908 ue
1549 2868 1754 2914 animus.
1814 2870 1960 2931 Egre-

89 2935 192 2979 bat:
239 2929 315 2975 Sea:
344 2938 567 2971 converso
599 2937 751 2980 neque
784 2924 880 2966 alio
909 2936 985 2964 re·
1059 2921 1130 2981 gie
1153 2921 1352 2991 Lipsius:
1381 2929 1432 2965 ut
1453 2924 1613 2968 nimis.

87 3006 196 3037 rum
219 2995 363 3033 statu.
421 2981 646 3043 Ryckim:
688 2979 766 3024 Sic
791 2994 986 3024 conver·-
1118 2982 1184 3022 σά
1222 2987 1419 3035 trecenta.
1498 2979 1578 3025 Sic
1606 2982 1709 3027 edd.
1743 2984 1958 3031 Beroald.

87 3063 141 3095 eo
157 3054 286 3093 statu
305 3057 452 3100 neque
476 3041 574 3084 alio
598 3053 775 3082 rer-um.
1057 3035 1262 3080 Rhenani
1290 3052 1391 3096 sqq.
1453 3036 1568 3083 cod.
1603 3040 1705 3086 MS.
1736 3052 1958 3100 ancepta,

145 3103 451 3151 similitudine
498 3105 543 3141 ec
594 3097 831 3140 satietate.
921 3094 983 3140 cs.
1058 3094 1180 3154 quod
1209 3094 1295 3137 lae.
1322 3094 1586 3141 Gronovius
1611 3106 1737 3157 putat
1765 3116 1859 3145 esse
1891 3106 1958 3146 ad

88 3163 224 3210 Roth,
255 3177 299 3221 p,
320 3160 393 3204 52.
1055 3162 1235 3207 coepta.
1287 3151 1375 3196 Sed
1399 3152 1752 3202 meliana-»dicis
1769 3159 1882 3203 vesti
1916 3159 1956 3204 ‘a

144 3223 192 3266 in
212 3220 384 3262 amnas.
470 3211 585 3257 cod.
619 3209 723 3255 MS.
757 3209 860 3255 edd.
891 3210 980 3254 Be..
1088 3209 1490 3255 ressitneroatdus.
1527 3215 1594 3255 ad
1615 3214 1828 3270 incoepta
1850 3231 1872 3259 e
1909 3217 1954 3261 d.

88 3295 168 3324 roa
188 3278 231 3322 d.
251 3276 449 3332 aliaeque
469 3279 578 3316 vett.
601 3271 842 3328 infamias.
885 3267 984 3335 Ljp-
1054 3226 1090 3311 B

87 3337 234 3382 sienae
267 3331 548 3390 insanum,
624 3327 713 3371 uod
754 3335 995 3383 recent-05
1113 3324 1226 3369 (IAP.
1247 3323 1319 3369 34.
1375 3329 1724 3381 postulatur...
1749 3333 1952 3386 quod...

88 3410 158 3439 res
205 3392 504 3437 retinuerunt.
590 3346 835 3443 Briginem
886 3383 985 3428 vitii
1053 3384 1255 3426 dixisset
1286 3391 1374 3427 etc.
1433 3383 1505 3429 cf.
1540 3384 1594 3427 de
1624 3386 1780 3430 eadem
1810 3386 1957 3433 histo-

88 3450 273 3510 explicat
289 3444 533 3491 Ernestius.
591 3443 821 3503 Scriptum
846 3441 983 3485 fuisse
1055 3440 1120 3484 ria
1144 3440 1232 3483 Dio
1255 3439 1323 3490 57,
1343 3440 1415 3485 24.
1473 3440 1658 3486 Sueton.
1683 3442 1785 3488 Tib.
1819 3461 1859 3491 c.
1881 3445 1953 3492 61,

87 3509 314 3567 infamia,
354 3505 489 3563 idque
525 3501 747 3545 attraxisse
788 3499 979 3543 litteram
1056 3497 1282 3542 Plutarch.
1313 3499 1357 3543 in
1382 3496 1506 3543 Cass.
1539 3515 1583 3558 p.
1607 3500 1732 3544 1005.

86 3582 110 3611 ι
130 3583 154 3611 e
179 3563 319 3611 verbo
342 3579 363 3606 ο
398 3594 409 3606 .
470 3559 626 3617 Neque
660 3567 807 3601 tamen
836 3556 981 3600 son-ma
1112 3556 1248 3598 editis
1271 3557 1542 3601 annalibus.
1602 3558 1662 3602 cf.
1685 3558 1812 3606 Suet.
1840 3559 1950 3610 Oct.

365 3577 593 3662 latinitate
605 3615 830 3659 abhorret.
863 3613 922 3657 cf.
943 3613 982 3663 8,
1055 3611 1179 3655 ‹·,.85.
1230 3612 1326 3656 Cal.
1354 3629 1394 3657 c.
1419 3614 1487 3657 16.
1542 3613 1701 3659 Senec.
1726 3615 1864 3662 Com.
1890 3623 1931 3663 1.

1302 3676 1440 3732 Χ2

88 3624 314 3680 itvsamfoae
334 3638 357 3663 a

1096 3267 1183 3313 ich.
1195 3266 1327 3312 Grut.
1341 3283 1440 3327 sqq.
1472 3269 1767 3327 adincaepta
1782 3273 1955 3319 ed.Alc.
2046 3312 2055 3316 -
