<?xml version="1.0" encoding="UTF-8"?>
<!DOCTYPE html PUBLIC "-//W3C//DTD XHTML 1.0 Transitional//EN"
    "http://www.w3.org/TR/xhtml1/DTD/xhtml1-transitional.dtd">
<html xmlns="http://www.w3.org/1999/xhtml" xml:lang="en" lang="en">
 <head>
  <title>
</title>
<meta http-equiv="Content-Type" content="text/html;charset=utf-8" />
  <meta name='ocr-system' content='tesseract 3.04.00' />
  <meta name='ocr-capabilities' content='ocr_page ocr_carea ocr_par ocr_line ocrx_word'/>
</head>
<body>
  <div class='ocr_page' id='page_1' title='image "./operarecensuitet01taciuoft/operarecensuitet01taciuoft_0253.png"; bbox 0 0 2222 4030; ppageno 0'>
   <div class='ocr_carea' id='block_1_1' title="bbox 0 0 27 1153">
    <p class='ocr_par' dir='ltr' id='par_1_1' title="bbox 0 0 27 1153">
     <span class='ocr_line' id='line_1_1' title="bbox 0 0 27 1153; baseline 0 0"><span class='ocrx_word' id='word_1_1' title='bbox 0 0 27 1153; x_wconf 95' lang='lat' dir='ltr'><strong> </strong></span> 
     </span>
    </p>
   </div>
   <div class='ocr_carea' id='block_1_2' title="bbox 179 187 1952 271">
    <p class='ocr_par' dir='ltr' id='par_1_2' title="bbox 179 187 1952 271">
     <span class='ocr_line' id='line_1_2' title="bbox 179 187 1952 271; baseline 0.007 -29"><span class='ocrx_word' id='word_1_2' title='bbox 179 187 408 271; x_wconf 50' lang='lat'><strong>23⁷3}</strong></span> <span class='ocrx_word' id='word_1_3' title='bbox 580 190 754 253; x_wconf 83' lang='lat' dir='ltr'><strong>LIB.</strong></span> <span class='ocrx_word' id='word_1_4' title='bbox 792 191 893 255; x_wconf 42' lang='lat' dir='ltr'><strong>11.w</strong></span> <span class='ocrx_word' id='word_1_5' title='bbox 932 189 1152 253; x_wconf 81' lang='lat' dir='ltr'><strong>cAP.</strong></span> <span class='ocrx_word' id='word_1_6' title='bbox 1189 191 1481 255; x_wconf 80' lang='lat'><strong>78-80.</strong></span> <span class='ocrx_word' id='word_1_7' title='bbox 1825 197 1952 267; x_wconf 62' lang='lat'><strong>203</strong></span> 
     </span>
    </p>
   </div>
   <div class='ocr_carea' id='block_1_3' title="bbox 14 313 1956 810">
    <p class='ocr_par' dir='ltr' id='par_1_3' title="bbox 14 313 1956 810">
     <span class='ocr_line' id='line_1_3' title="bbox 91 313 1956 398; baseline 0.001 -16"><span class='ocrx_word' id='word_1_8' title='bbox 91 336 287 383; x_wconf 79' lang='lat' dir='ltr'><strong>remes</strong></span> <span class='ocrx_word' id='word_1_9' title='bbox 322 325 647 381; x_wconf 77' lang='lat' dir='ltr'><strong>desertores</strong></span> <span class='ocrx_word' id='word_1_10' title='bbox 680 341 789 396; x_wconf 88' lang='lat' dir='ltr'><strong>per</strong></span> <span class='ocrx_word' id='word_1_11' title='bbox 819 321 1155 398; x_wconf 82' lang='lat' dir='ltr'><strong>manipulos</strong></span> <span class='ocrx_word' id='word_1_12' title='bbox 1188 313 1519 398; x_wconf 85' lang='lat' dir='ltr'><strong>componit,</strong></span> <span class='ocrx_word' id='word_1_13' title='bbox 1573 335 1764 397; x_wconf 75' lang='lat' dir='ltr'><strong>armat</strong></span> <span class='ocrx_word' id='word_1_14' title='bbox 1786 324 1956 384; x_wconf 84' lang='lat' dir='ltr'><strong>lixas</strong></span> 
     </span>
     <span class='ocr_line' id='line_1_4' title="bbox 14 406 1956 487; baseline 0 -19"><span class='ocrx_word' id='word_1_15' title='bbox 14 479 15 482; x_wconf 7' lang='grc' dir='ltr'><strong>Ἴ</strong></span> <span class='ocrx_word' id='word_1_16' title='bbox 91 409 465 487; x_wconf 79' lang='lat' dir='ltr'><strong>traiectisque</strong></span> <span class='ocrx_word' id='word_1_17' title='bbox 507 407 574 473; x_wconf 87' lang='lat' dir='ltr'><strong>in</strong></span> <span class='ocrx_word' id='word_1_18' title='bbox 615 408 1017 464; x_wconf 89' lang='lat' dir='ltr'><strong>continentem</strong></span> <span class='ocrx_word' id='word_1_19' title='bbox 1058 406 1312 465; x_wconf 85' lang='lat' dir='ltr'><strong>navibus</strong></span> <span class='ocrx_word' id='word_1_20' title='bbox 1359 409 1641 467; x_wconf 85' lang='lat' dir='ltr'><strong>vexillum</strong></span> <span class='ocrx_word' id='word_1_21' title='bbox 1682 410 1956 474; x_wconf 79' lang='lat' dir='ltr'><strong>tironum</strong></span> 
     </span>
     <span class='ocr_line' id='line_1_5' title="bbox 91 491 1953 572; baseline 0.002 -22"><span class='ocrx_word' id='word_1_22' title='bbox 91 494 158 550; x_wconf 93' lang='lat' dir='ltr'><strong>in</strong></span> <span class='ocrx_word' id='word_1_23' title='bbox 188 493 425 572; x_wconf 81' lang='lat' dir='ltr'><strong>Syriam</strong></span> <span class='ocrx_word' id='word_1_24' title='bbox 465 491 734 550; x_wconf 81' lang='lat' dir='ltr'><strong>euntium</strong></span> <span class='ocrx_word' id='word_1_25' title='bbox 778 493 1107 569; x_wconf 74' lang='lat' dir='ltr'><strong>intercipitt</strong></span> <span class='ocrx_word' id='word_1_26' title='bbox 1190 493 1410 566; x_wconf 79' lang='lat' dir='ltr'><strong>regulis</strong></span> <span class='ocrx_word' id='word_1_27' title='bbox 1449 491 1731 565; x_wconf 91' lang='lat' dir='ltr'><strong>Cilicum,</strong></span> <span class='ocrx_word' id='word_1_28' title='bbox 1790 507 1861 554; x_wconf 86' lang='lat' dir='ltr'><strong>ut</strong></span> <span class='ocrx_word' id='word_1_29' title='bbox 1888 515 1953 554; x_wconf 81' lang='lat' dir='ltr'><strong>se</strong></span> 
     </span>
     <span class='ocr_line' id='line_1_6' title="bbox 89 574 1955 651; baseline 0.002 -15"><span class='ocrx_word' id='word_1_30' title='bbox 89 580 327 636; x_wconf 81' lang='lat' dir='ltr'>auxiliis</span> <span class='ocrx_word' id='word_1_31' title='bbox 372 581 671 646; x_wconf 89' lang='lat' dir='ltr'><strong>iuvarent,</strong></span> <span class='ocrx_word' id='word_1_32' title='bbox 739 578 970 646; x_wconf 86' lang='lat' dir='ltr'><strong>scribit,</strong></span> <span class='ocrx_word' id='word_1_33' title='bbox 1033 574 1194 636; x_wconf 89' lang='lat' dir='ltr'><strong>haud</strong></span> <span class='ocrx_word' id='word_1_34' title='bbox 1234 577 1447 651; x_wconf 85' lang='lat' dir='ltr'><strong>ignavo</strong></span> <span class='ocrx_word' id='word_1_35' title='bbox 1501 581 1577 635; x_wconf 91' lang='lat' dir='ltr'><strong>ad</strong></span> <span class='ocrx_word' id='word_1_36' title='bbox 1624 575 1955 640; x_wconf 86' lang='lat' dir='ltr'><strong>ministeria</strong></span> 
     </span>
     <span class='ocr_line' id='line_1_7' title="bbox 88 661 1953 742; baseline 0.002 -21"><span class='ocrx_word' id='word_1_37' title='bbox 88 665 233 721; x_wconf 89' lang='lat' dir='ltr'><strong>belli</strong></span> <span class='ocrx_word' id='word_1_38' title='bbox 277 666 491 722; x_wconf 88' lang='lat' dir='ltr'><strong>iuvene</strong></span> <span class='ocrx_word' id='word_1_39' title='bbox 539 661 789 732; x_wconf 84' lang='lat' dir='ltr'><strong>Pisone,</strong></span> <span class='ocrx_word' id='word_1_40' title='bbox 854 679 1196 742; x_wconf 82' lang='lat' dir='ltr'>quanquam</span> <span class='ocrx_word' id='word_1_41' title='bbox 1242 663 1685 739; x_wconf 83' lang='lat' dir='ltr'><strong>suscipiendum</strong></span> <span class='ocrx_word' id='word_1_42' title='bbox 1724 666 1953 725; x_wconf 90' lang='lat' dir='ltr'><strong>bellum</strong></span> 
     </span>
     <span class='ocr_line' id='line_1_8' title="bbox 88 750 1897 810; baseline 0.003 -4"><span class='ocrx_word' id='word_1_43' title='bbox 88 750 408 810; x_wconf 79' lang='lat' dir='ltr'><strong>abnuisset.</strong></span> <span class='ocrx_word' id='word_1_44' title='bbox 1283 763 1288 767; x_wconf 81' lang='grc'><strong>“</strong></span> <span class='ocrx_word' id='word_1_45' title='bbox 1479 750 1485 755; x_wconf 69' lang='grc'><strong>’</strong></span> <span class='ocrx_word' id='word_1_46' title='bbox 1894 779 1897 782; x_wconf 49' lang='lat'><strong>⁴</strong></span> 
     </span>
    </p>
   </div>
   <div class='ocr_carea' id='block_1_4' title="bbox 0 854 1961 2287">
    <p class='ocr_par' dir='ltr' id='par_1_4' title="bbox 0 854 1961 2287">
     <span class='ocr_line' id='line_1_9' title="bbox 251 854 1951 938; baseline 0.002 -19"><span class='ocrx_word' id='word_1_47' title='bbox 251 859 532 920; x_wconf 89' lang='lat' dir='ltr'><strong>LXXIX.</strong></span> <span class='ocrx_word' id='word_1_48' title='bbox 615 858 806 935; x_wconf 83' lang='lat' dir='ltr'>Igitur</span> <span class='ocrx_word' id='word_1_49' title='bbox 829 879 995 917; x_wconf 90' lang='lat' dir='ltr'><strong>oram</strong></span> <span class='ocrx_word' id='word_1_50' title='bbox 1016 857 1232 937; x_wconf 87' lang='lat' dir='ltr'><strong>Lyciae</strong></span> <span class='ocrx_word' id='word_1_51' title='bbox 1265 878 1332 916; x_wconf 92' lang='lat' dir='ltr'><strong>ac</strong></span> <span class='ocrx_word' id='word_1_52' title='bbox 1352 854 1747 937; x_wconf 68' lang='lat' dir='ltr'><strong>&#39;Pamphyliae</strong></span> <span class='ocrx_word' id='word_1_53' title='bbox 1778 883 1951 938; x_wconf 86' lang='lat' dir='ltr'><strong>prae.-</strong></span> 
     </span>
     <span class='ocr_line' id='line_1_10' title="bbox 85 942 1949 1022; baseline 0.002 -19"><span class='ocrx_word' id='word_1_54' title='bbox 85 947 343 1021; x_wconf 84' lang='lat' dir='ltr'><strong>legentes</strong></span> <span class='ocrx_word' id='word_1_55' title='bbox 394 946 586 1004; x_wconf 81' lang='lat' dir='ltr'><strong>obviis</strong></span> <span class='ocrx_word' id='word_1_56' title='bbox 633 946 920 1015; x_wconf 79' lang='lat' dir='ltr'><strong>navibuS,</strong></span> <span class='ocrx_word' id='word_1_57' title='bbox 990 965 1139 1022; x_wconf 89' lang='lat' dir='ltr'><strong>quae</strong></span> <span class='ocrx_word' id='word_1_58' title='bbox 1188 942 1582 1021; x_wconf 84' lang='lat' dir='ltr'><strong>Agrippinam</strong></span> <span class='ocrx_word' id='word_1_59' title='bbox 1633 942 1949 1020; x_wconf 83' lang='lat' dir='ltr'><strong>vehebant,</strong></span> 
     </span>
     <span class='ocr_line' id='line_1_11' title="bbox 83 1030 1951 1109; baseline 0.002 -20"><span class='ocrx_word' id='word_1_60' title='bbox 83 1032 383 1109; x_wconf 87' lang='lat' dir='ltr'><strong>utrimque</strong></span> <span class='ocrx_word' id='word_1_61' title='bbox 430 1032 648 1088; x_wconf 87' lang='lat' dir='ltr'><strong>infensi</strong></span> <span class='ocrx_word' id='word_1_62' title='bbox 692 1051 854 1088; x_wconf 90' lang='lat' dir='ltr'><strong>arma</strong></span> <span class='ocrx_word' id='word_1_63' title='bbox 901 1030 1096 1107; x_wconf 90' lang='lat' dir='ltr'><strong>primo</strong></span> <span class='ocrx_word' id='word_1_64' title='bbox 1150 1031 1482 1107; x_wconf 85' lang='lat' dir='ltr'><strong>expediere:</strong></span> <span class='ocrx_word' id='word_1_65' title='bbox 1554 1030 1695 1087; x_wconf 90' lang='lat' dir='ltr'><strong>dein</strong></span> <span class='ocrx_word' id='word_1_66' title='bbox 1739 1045 1951 1093; x_wconf 86' lang='lat' dir='ltr'><strong>mutua</strong></span> 
     </span>
     <span class='ocr_line' id='line_1_12' title="bbox 82 1114 1950 1198; baseline 0.003 -25"><span class='ocrx_word' id='word_1_67' title='bbox 82 1118 405 1174; x_wconf 83' lang='lat' dir='ltr'><strong>formidine</strong></span> <span class='ocrx_word' id='word_1_68' title='bbox 430 1137 554 1174; x_wconf 92' lang='lat' dir='ltr'><strong>non</strong></span> <span class='ocrx_word' id='word_1_69' title='bbox 592 1117 750 1174; x_wconf 85' lang='lat' dir='ltr'><strong>ultra</strong></span> <span class='ocrx_word' id='word_1_70' title='bbox 783 1117 1041 1191; x_wconf 82' lang='lat' dir='ltr'><strong>iurgium</strong></span> <span class='ocrx_word' id='word_1_71' title='bbox 1071 1128 1409 1192; x_wconf 88' lang='lat' dir='ltr'><strong>processum</strong></span> <span class='ocrx_word' id='word_1_72' title='bbox 1443 1127 1553 1174; x_wconf 87' lang='lat' dir='ltr'><strong>est:</strong></span> <span class='ocrx_word' id='word_1_73' title='bbox 1595 1114 1950 1198; x_wconf 83' lang='lat' dir='ltr'><strong>Marsusque</strong></span> 
     </span>
     <span class='ocr_line' id='line_1_13' title="bbox 82 1201 1950 1272; baseline 0.003 -16"><span class='ocrx_word' id='word_1_74' title='bbox 82 1201 297 1258; x_wconf 85' lang='lat' dir='ltr'><strong>Vibius</strong></span> <span class='ocrx_word' id='word_1_75' title='bbox 337 1203 636 1259; x_wconf 84' lang='lat' dir='ltr'><strong>nuntiavit</strong></span> <span class='ocrx_word' id='word_1_76' title='bbox 669 1201 908 1272; x_wconf 88' lang='lat' dir='ltr'><strong>Pisoni,</strong></span> <span class='ocrx_word' id='word_1_77' title='bbox 960 1201 1219 1260; x_wconf 87' lang='lat' dir='ltr'>Romam</span> <span class='ocrx_word' id='word_1_78' title='bbox 1256 1203 1331 1258; x_wconf 91' lang='lat' dir='ltr'><strong>ad</strong></span> <span class='ocrx_word' id='word_1_79' title='bbox 1364 1202 1675 1259; x_wconf 85' lang='lat' dir='ltr'><strong>dicendam</strong></span> <span class='ocrx_word' id='word_1_80' title='bbox 1713 1223 1950 1262; x_wconf 91' lang='lat' dir='ltr'><strong>causam</strong></span> 
     </span>
     <span class='ocr_line' id='line_1_14' title="bbox 80 1286 1948 1366; baseline 0.004 -24"><span class='ocrx_word' id='word_1_81' title='bbox 80 1287 325 1346; x_wconf 85' lang='lat' dir='ltr'><strong>veniret.</strong></span> <span class='ocrx_word' id='word_1_82' title='bbox 391 1286 500 1343; x_wconf 89' lang='lat' dir='ltr'><strong>Ille</strong></span> <span class='ocrx_word' id='word_1_83' title='bbox 529 1288 774 1343; x_wconf 89' lang='lat' dir='ltr'><strong>eludens</strong></span> <span class='ocrx_word' id='word_1_84' title='bbox 797 1288 1106 1363; x_wconf 88' lang='lat' dir='ltr'><strong>respondit</strong></span> <span class='ocrx_word' id='word_1_85' title='bbox 1139 1289 1510 1359; x_wconf 87' lang='lat' dir='ltr'><strong>adfuturum,</strong></span> <span class='ocrx_word' id='word_1_86' title='bbox 1551 1288 1660 1346; x_wconf 85' lang='lat' dir='ltr'><strong>ubi</strong></span> <span class='ocrx_word' id='word_1_87' title='bbox 1692 1301 1948 1366; x_wconf 85' lang='lat' dir='ltr'><strong>praetor,</strong></span> 
     </span>
     <span class='ocr_line' id='line_1_15' title="bbox 80 1372 1948 1450; baseline 0.003 -21"><span class='ocrx_word' id='word_1_88' title='bbox 80 1372 185 1448; x_wconf 88' lang='lat' dir='ltr'><strong>qui</strong></span> <span class='ocrx_word' id='word_1_89' title='bbox 238 1373 311 1429; x_wconf 90' lang='lat' dir='ltr'><strong>de</strong></span> <span class='ocrx_word' id='word_1_90' title='bbox 355 1372 654 1429; x_wconf 87' lang='lat' dir='ltr'><strong>veneficiis</strong></span> <span class='ocrx_word' id='word_1_91' title='bbox 707 1384 1042 1450; x_wconf 85' lang='lat' dir='ltr'><strong>quaereret,</strong></span> <span class='ocrx_word' id='word_1_92' title='bbox 1117 1393 1219 1429; x_wconf 89' lang='lat' dir='ltr'><strong>reo</strong></span> <span class='ocrx_word' id='word_1_93' title='bbox 1278 1384 1453 1449; x_wconf 86' lang='lat' dir='ltr'><strong>atque</strong></span> <span class='ocrx_word' id='word_1_94' title='bbox 1512 1375 1948 1434; x_wconf 87' lang='lat' dir='ltr'><strong>accusatoribus</strong></span> 
     </span>
     <span class='ocr_line' id='line_1_16' title="bbox 0 1455 1951 1534; baseline 0.004 -20"><span class='ocrx_word' id='word_1_95' title='bbox 0 1469 1 1474; x_wconf 78' lang='grc'>’</span> <span class='ocrx_word' id='word_1_96' title='bbox 38 1489 43 1494; x_wconf 84' lang='lat'><strong>·</strong></span> <span class='ocrx_word' id='word_1_97' title='bbox 78 1458 236 1515; x_wconf 87' lang='lat' dir='ltr'><strong>diem</strong></span> <span class='ocrx_word' id='word_1_98' title='bbox 268 1458 668 1534; x_wconf 85' lang='lat' dir='ltr'><strong>praedixisset.</strong></span> <span class='ocrx_word' id='word_1_99' title='bbox 754 1455 1003 1515; x_wconf 91' lang='lat' dir='ltr'><strong>Interim</strong></span> <span class='ocrx_word' id='word_1_100' title='bbox 1025 1457 1323 1515; x_wconf 88' lang='lat' dir='ltr'><strong>Domitius</strong></span> <span class='ocrx_word' id='word_1_101' title='bbox 1352 1457 1707 1516; x_wconf 86' lang='lat' dir='ltr'><strong>Laodiceam</strong></span> <span class='ocrx_word' id='word_1_102' title='bbox 1735 1462 1951 1521; x_wconf 89' lang='lat' dir='ltr'><strong>urbem</strong></span> 
     </span>
     <span class='ocr_line' id='line_1_17' title="bbox 77 1540 1951 1622; baseline 0.002 -21"><span class='ocrx_word' id='word_1_103' title='bbox 77 1542 285 1621; x_wconf 90' lang='lat' dir='ltr'><strong>Syriae</strong></span> <span class='ocrx_word' id='word_1_104' title='bbox 326 1544 639 1619; x_wconf 79' lang='lat' dir='ltr'><strong>adpulsuS,</strong></span> <span class='ocrx_word' id='word_1_105' title='bbox 702 1564 835 1601; x_wconf 90' lang='lat' dir='ltr'><strong>cum</strong></span> <span class='ocrx_word' id='word_1_106' title='bbox 875 1540 1127 1601; x_wconf 89' lang='lat' dir='ltr'><strong>hiberna</strong></span> <span class='ocrx_word' id='word_1_107' title='bbox 1175 1555 1366 1600; x_wconf 83' lang='lat' dir='ltr'><strong>sextae</strong></span> <span class='ocrx_word' id='word_1_108' title='bbox 1414 1544 1664 1618; x_wconf 83' lang='lat' dir='ltr'><strong>legionis</strong></span> <span class='ocrx_word' id='word_1_109' title='bbox 1708 1557 1951 1622; x_wconf 85' lang='lat' dir='ltr'><strong>peteret,</strong></span> 
     </span>
     <span class='ocr_line' id='line_1_18' title="bbox 77 1629 1961 1704; baseline 0.004 -19"><span class='ocrx_word' id='word_1_110' title='bbox 77 1630 239 1704; x_wconf 92' lang='lat' dir='ltr'><strong>quod</strong></span> <span class='ocrx_word' id='word_1_111' title='bbox 287 1649 418 1686; x_wconf 91' lang='lat' dir='ltr'><strong>eam</strong></span> <span class='ocrx_word' id='word_1_112' title='bbox 453 1629 710 1685; x_wconf 91' lang='lat' dir='ltr'><strong>maxime</strong></span> <span class='ocrx_word' id='word_1_113' title='bbox 746 1630 919 1686; x_wconf 84' lang='lat' dir='ltr'><strong>novis</strong></span> <span class='ocrx_word' id='word_1_114' title='bbox 957 1629 1219 1687; x_wconf 88' lang='lat' dir='ltr'><strong>consiliis</strong></span> <span class='ocrx_word' id='word_1_115' title='bbox 1260 1629 1539 1695; x_wconf 76' lang='lat' dir='ltr'><strong>idoneam</strong></span> <span class='ocrx_word' id='word_1_116' title='bbox 1582 1630 1854 1704; x_wconf 82' lang='lat' dir='ltr'><strong>rebatur,</strong></span> <span class='ocrx_word' id='word_1_117' title='bbox 1910 1640 1961 1692; x_wconf 67' lang='lat' dir='ltr'><strong>a&#39;</strong></span> 
     </span>
     <span class='ocr_line' id='line_1_19' title="bbox 74 1711 1948 1793; baseline 0.003 -23"><span class='ocrx_word' id='word_1_118' title='bbox 74 1711 334 1772; x_wconf 90' lang='lat' dir='ltr'><strong>Pacuvio</strong></span> <span class='ocrx_word' id='word_1_119' title='bbox 370 1715 560 1789; x_wconf 84' lang='lat' dir='ltr'><strong>legato</strong></span> <span class='ocrx_word' id='word_1_120' title='bbox 599 1715 996 1790; x_wconf 82' lang='lat' dir='ltr'><strong>praevenitur.</strong></span> <span class='ocrx_word' id='word_1_121' title='bbox 1085 1713 1154 1772; x_wconf 94' lang='lat' dir='ltr'><strong>Id</strong></span> <span class='ocrx_word' id='word_1_122' title='bbox 1187 1714 1427 1773; x_wconf 88' lang='lat' dir='ltr'><strong>Sentius</strong></span> <span class='ocrx_word' id='word_1_123' title='bbox 1455 1712 1664 1772; x_wconf 90' lang='lat' dir='ltr'><strong>Pisoni</strong></span> <span class='ocrx_word' id='word_1_124' title='bbox 1701 1737 1808 1793; x_wconf 88' lang='lat' dir='ltr'><strong>per</strong></span> <span class='ocrx_word' id='word_1_125' title='bbox 1844 1719 1948 1777; x_wconf 86' lang='lat' dir='ltr'><strong>lit-</strong></span> 
     </span>
     <span class='ocr_line' id='line_1_20' title="bbox 62 1801 1947 1880; baseline 0.004 -25"><span class='ocrx_word' id='word_1_126' title='bbox 62 1810 228 1871; x_wconf 86' lang='lat' dir='ltr'><strong>teras</strong></span> <span class='ocrx_word' id='word_1_127' title='bbox 249 1801 443 1877; x_wconf 89' lang='lat' dir='ltr'><strong>aperit</strong></span> <span class='ocrx_word' id='word_1_128' title='bbox 462 1812 808 1877; x_wconf 89' lang='lat' dir='ltr'><strong>monetque,</strong></span> <span class='ocrx_word' id='word_1_129' title='bbox 853 1821 930 1857; x_wconf 86' lang='lat' dir='ltr'><strong>ne</strong></span> <span class='ocrx_word' id='word_1_130' title='bbox 954 1811 1140 1858; x_wconf 85' lang='lat' dir='ltr'><strong>castra</strong></span> <span class='ocrx_word' id='word_1_131' title='bbox 1173 1801 1652 1876; x_wconf 82' lang='lat' dir='ltr'><strong>corruptoribus,</strong></span> <span class='ocrx_word' id='word_1_132' title='bbox 1690 1823 1769 1860; x_wconf 86' lang='lat' dir='ltr'><strong>ne</strong></span> <span class='ocrx_word' id='word_1_133' title='bbox 1802 1824 1947 1880; x_wconf 84' lang='lat' dir='ltr'><strong>pro-</strong></span> 
     </span>
     <span class='ocr_line' id='line_1_21' title="bbox 73 1884 1946 1963; baseline 0.005 -22"><span class='ocrx_word' id='word_1_134' title='bbox 73 1885 333 1943; x_wconf 86' lang='lat' dir='ltr'><strong>vinciam</strong></span> <span class='ocrx_word' id='word_1_135' title='bbox 367 1886 527 1943; x_wconf 89' lang='lat' dir='ltr'><strong>bello</strong></span> <span class='ocrx_word' id='word_1_136' title='bbox 563 1897 774 1945; x_wconf 88' lang='lat' dir='ltr'><strong>tentet:</strong></span> <span class='ocrx_word' id='word_1_137' title='bbox 829 1906 1095 1963; x_wconf 89' lang='lat' dir='ltr'><strong>quosque</strong></span> <span class='ocrx_word' id='word_1_138' title='bbox 1134 1884 1479 1944; x_wconf 88' lang='lat' dir='ltr'><strong>Germanici</strong></span> <span class='ocrx_word' id='word_1_139' title='bbox 1516 1907 1806 1946; x_wconf 89' lang='lat' dir='ltr'><strong>memores</strong></span> <span class='ocrx_word' id='word_1_140' title='bbox 1842 1902 1946 1950; x_wconf 87' lang='lat' dir='ltr'><strong>aut</strong></span> 
     </span>
     <span class='ocr_line' id='line_1_22' title="bbox 75 1965 1946 2049; baseline 0.004 -23"><span class='ocrx_word' id='word_1_141' title='bbox 75 1970 332 2029; x_wconf 88' lang='lat' dir='ltr'><strong>inimicis</strong></span> <span class='ocrx_word' id='word_1_142' title='bbox 369 1971 494 2029; x_wconf 91' lang='lat' dir='ltr'><strong>eius</strong></span> <span class='ocrx_word' id='word_1_143' title='bbox 533 1973 814 2029; x_wconf 89' lang='lat' dir='ltr'><strong>adversos</strong></span> <span class='ocrx_word' id='word_1_144' title='bbox 847 1983 1233 2046; x_wconf 83' lang='lat' dir='ltr'><strong>cognoverat,</strong></span> <span class='ocrx_word' id='word_1_145' title='bbox 1277 1965 1605 2043; x_wconf 75' lang='lat' dir='ltr'><strong>contrahit,</strong></span> <span class='ocrx_word' id='word_1_146' title='bbox 1645 1975 1946 2049; x_wconf 87' lang='lat' dir='ltr'><strong>magnitu-</strong></span> 
     </span>
     <span class='ocr_line' id='line_1_23' title="bbox 71 2056 1944 2132; baseline 0.004 -20"><span class='ocrx_word' id='word_1_147' title='bbox 71 2056 277 2113; x_wconf 91' lang='lat' dir='ltr'><strong>dinem</strong></span> <span class='ocrx_word' id='word_1_148' title='bbox 315 2056 689 2132; x_wconf 89' lang='lat' dir='ltr'><strong>imperatoris</strong></span> <span class='ocrx_word' id='word_1_149' title='bbox 720 2056 1047 2114; x_wconf 89' lang='lat' dir='ltr'><strong>identidem</strong></span> <span class='ocrx_word' id='word_1_150' title='bbox 1081 2056 1353 2131; x_wconf 86' lang='lat' dir='ltr'><strong>ingerens</strong></span> <span class='ocrx_word' id='word_1_151' title='bbox 1389 2067 1445 2113; x_wconf 92' lang='lat' dir='ltr'><strong>et</strong></span> <span class='ocrx_word' id='word_1_152' title='bbox 1475 2076 1603 2112; x_wconf 88' lang='lat' dir='ltr'><strong>rem</strong></span> <span class='ocrx_word' id='word_1_153' title='bbox 1639 2059 1944 2132; x_wconf 89' lang='lat' dir='ltr'><strong>publicam</strong></span> 
     </span>
     <span class='ocr_line' id='line_1_24' title="bbox 72 2142 1943 2222; baseline 0.004 -25"><span class='ocrx_word' id='word_1_154' title='bbox 72 2142 253 2198; x_wconf 85' lang='lat' dir='ltr'><strong>armis</strong></span> <span class='ocrx_word' id='word_1_155' title='bbox 286 2142 435 2219; x_wconf 89' lang='lat' dir='ltr'><strong>peti:</strong></span> <span class='ocrx_word' id='word_1_156' title='bbox 499 2142 780 2219; x_wconf 89' lang='lat' dir='ltr'><strong>ducitque</strong></span> <span class='ocrx_word' id='word_1_157' title='bbox 817 2143 1081 2199; x_wconf 88' lang='lat' dir='ltr'><strong>validam</strong></span> <span class='ocrx_word' id='word_1_158' title='bbox 1114 2162 1363 2199; x_wconf 89' lang='lat' dir='ltr'><strong>manum</strong></span> <span class='ocrx_word' id='word_1_159' title='bbox 1408 2152 1465 2198; x_wconf 90' lang='lat' dir='ltr'><strong>et</strong></span> <span class='ocrx_word' id='word_1_160' title='bbox 1501 2143 1732 2218; x_wconf 90' lang='lat' dir='ltr'><strong>proelio</strong></span> <span class='ocrx_word' id='word_1_161' title='bbox 1767 2166 1943 2222; x_wconf 83' lang='lat' dir='ltr'><strong>para-</strong></span> 
     </span>
     <span class='ocr_line' id='line_1_25' title="bbox 71 2236 1907 2287; baseline 0.004 -4"><span class='ocrx_word' id='word_1_162' title='bbox 71 2236 212 2287; x_wconf 77' lang='lat' dir='ltr'><strong>tam.</strong></span> <span class='ocrx_word' id='word_1_163' title='bbox 1902 2247 1907 2250; x_wconf 69' lang='grc'><strong><em>’</em></strong></span> 
     </span>
    </p>
   </div>
   <div class='ocr_carea' id='block_1_5' title="bbox 69 2332 1944 2584">
    <p class='ocr_par' dir='ltr' id='par_1_5' title="bbox 69 2332 1944 2584">
     <span class='ocr_line' id='line_1_26' title="bbox 238 2332 1944 2418; baseline 0.002 -21"><span class='ocrx_word' id='word_1_164' title='bbox 238 2336 490 2398; x_wconf 87' lang='lat' dir='ltr'><strong>LXXX.</strong></span> <span class='ocrx_word' id='word_1_165' title='bbox 574 2337 696 2396; x_wconf 92' lang='lat' dir='ltr'><strong>Nec</strong></span> <span class='ocrx_word' id='word_1_166' title='bbox 730 2337 898 2411; x_wconf 79' lang='lat' dir='ltr'><strong>Piso,</strong></span> <span class='ocrx_word' id='word_1_167' title='bbox 948 2361 1287 2418; x_wconf 87' lang='lat' dir='ltr'><strong>quanquam</strong></span> <span class='ocrx_word' id='word_1_168' title='bbox 1327 2352 1530 2418; x_wconf 88' lang='lat' dir='ltr'><strong>coepta</strong></span> <span class='ocrx_word' id='word_1_169' title='bbox 1566 2360 1730 2398; x_wconf 90' lang='lat' dir='ltr'><strong>secus</strong></span> <span class='ocrx_word' id='word_1_170' title='bbox 1768 2332 1944 2401; x_wconf 85' lang='lat' dir='ltr'><strong>cade-</strong></span> 
     </span>
     <span class='ocr_line' id='line_1_27' title="bbox 69 2424 1940 2503; baseline 0.003 -23"><span class='ocrx_word' id='word_1_171' title='bbox 69 2424 245 2493; x_wconf 90' lang='lat' dir='ltr'><strong>bant,</strong></span> <span class='ocrx_word' id='word_1_172' title='bbox 309 2424 510 2482; x_wconf 90' lang='lat' dir='ltr'><strong>omisit</strong></span> <span class='ocrx_word' id='word_1_173' title='bbox 564 2425 855 2483; x_wconf 88' lang='lat' dir='ltr'><strong>tutissima</strong></span> <span class='ocrx_word' id='word_1_174' title='bbox 904 2446 936 2480; x_wconf 93' lang='lat' dir='ltr'><strong>e</strong></span> <span class='ocrx_word' id='word_1_175' title='bbox 978 2427 1418 2503; x_wconf 82' lang='lat' dir='ltr'><strong>praesentibuS‚</strong></span> <span class='ocrx_word' id='word_1_176' title='bbox 1488 2427 1588 2483; x_wconf 87' lang='lat' dir='ltr'><strong>sed</strong></span> <span class='ocrx_word' id='word_1_177' title='bbox 1635 2429 1940 2486; x_wconf 91' lang='lat' dir='ltr'><strong>castellum</strong></span> 
     </span>
     <span class='ocr_line' id='line_1_28' title="bbox 69 2506 1938 2584; baseline 0.003 -17"><span class='ocrx_word' id='word_1_178' title='bbox 69 2506 312 2568; x_wconf 86' lang='lat' dir='ltr'><strong>Ciliciae</strong></span> <span class='ocrx_word' id='word_1_179' title='bbox 336 2509 639 2568; x_wconf 86' lang='lat' dir='ltr'><strong>munitum</strong></span> <span class='ocrx_word' id='word_1_180' title='bbox 663 2512 1021 2582; x_wconf 89' lang='lat' dir='ltr'><strong>admodum,</strong></span> <span class='ocrx_word' id='word_1_181' title='bbox 1061 2512 1158 2570; x_wconf 90' lang='lat' dir='ltr'><strong>cui</strong></span> <span class='ocrx_word' id='word_1_182' title='bbox 1191 2533 1412 2570; x_wconf 88' lang='lat' dir='ltr'><strong>nomen</strong></span> <span class='ocrx_word' id='word_1_183' title='bbox 1426 2510 1796 2584; x_wconf 81' lang='lat' dir='ltr'><strong>CelenderiS‚</strong></span> <span class='ocrx_word' id='word_1_184' title='bbox 1836 2535 1938 2572; x_wconf 90' lang='lat' dir='ltr'><strong>oc-</strong></span> 
     </span>
    </p>
   </div>
   <div class='ocr_carea' id='block_1_6' title="bbox 63 2724 1942 3597">
    <p class='ocr_par' dir='ltr' id='par_1_6' title="bbox 66 2724 1942 3288">
     <span class='ocr_line' id='line_1_29' title="bbox 127 2724 1937 2799; baseline 0.004 -28"><span class='ocrx_word' id='word_1_185' title='bbox 127 2724 243 2771; x_wconf 70' lang='lat' dir='ltr'><strong>CAP.</strong></span> <span class='ocrx_word' id='word_1_186' title='bbox 265 2726 338 2771; x_wconf 84' lang='lat'><strong>79.</strong></span> <span class='ocrx_word' id='word_1_187' title='bbox 401 2728 734 2781; x_wconf 68' lang='lat' dir='ltr'><strong>praedixisset.</strong></span> <span class='ocrx_word' id='word_1_188' title='bbox 801 2728 965 2773; x_wconf 82' lang='lat' dir='ltr'><strong>Mure·</strong></span> <span class='ocrx_word' id='word_1_189' title='bbox 1037 2730 1087 2782; x_wconf 81' lang='grc'><strong>3,</strong></span> <span class='ocrx_word' id='word_1_190' title='bbox 1123 2731 1178 2775; x_wconf 78' lang='lat'><strong>12</strong></span> <span class='ocrx_word' id='word_1_191' title='bbox 1220 2738 1263 2774; x_wconf 79' lang='lat' dir='ltr'><strong>et</strong></span> <span class='ocrx_word' id='word_1_192' title='bbox 1303 2731 1371 2775; x_wconf 83' lang='lat'><strong>14.</strong></span> <span class='ocrx_word' id='word_1_193' title='bbox 1423 2729 1576 2775; x_wconf 84' lang='lat' dir='ltr'><strong>eadem</strong></span> <span class='ocrx_word' id='word_1_194' title='bbox 1635 2725 1937 2799; x_wconf 78' lang='lat' dir='ltr'><strong>appellatione</strong></span> 
     </span>
     <span class='ocr_line' id='line_1_30' title="bbox 69 2782 1936 2846; baseline 0.004 -17"><span class='ocrx_word' id='word_1_195' title='bbox 69 2793 140 2829; x_wconf 69' lang='lat' dir='ltr'><strong>tus</strong></span> <span class='ocrx_word' id='word_1_196' title='bbox 162 2793 208 2828; x_wconf 75' lang='lat' dir='ltr'><strong>et</strong></span> <span class='ocrx_word' id='word_1_197' title='bbox 229 2782 458 2828; x_wconf 66' lang='lat' dir='ltr'><strong>Acidalia,</strong></span> <span class='ocrx_word' id='word_1_198' title='bbox 478 2784 704 2830; x_wconf 75' lang='lat' dir='ltr'><strong>malebant</strong></span> <span class='ocrx_word' id='word_1_199' title='bbox 723 2787 966 2838; x_wconf 62' lang='lat' dir='ltr'><strong>prodixah-</strong></span> <span class='ocrx_word' id='word_1_200' title='bbox 1036 2787 1328 2846; x_wconf 69' lang='lat' dir='ltr'><strong>significatur.</strong></span> <span class='ocrx_word' id='word_1_201' title='bbox 1374 2787 1558 2832; x_wconf 78' lang='lat' dir='ltr'><strong>Docent</strong></span> <span class='ocrx_word' id='word_1_202' title='bbox 1582 2787 1627 2832; x_wconf 89' lang='lat' dir='ltr'><strong>id</strong></span> <span class='ocrx_word' id='word_1_203' title='bbox 1649 2798 1781 2835; x_wconf 75' lang='lat' dir='ltr'><strong>elnam</strong></span> <span class='ocrx_word' id='word_1_204' title='bbox 1804 2792 1936 2837; x_wconf 82' lang='lat' dir='ltr'><strong>verba</strong></span> 
     </span>
     <span class='ocr_line' id='line_1_31' title="bbox 66 2840 1942 2903; baseline 0.003 -16"><span class='ocrx_word' id='word_1_205' title='bbox 66 2850 154 2887; x_wconf 71' lang='lat' dir='ltr'><strong>cel.</strong></span> <span class='ocrx_word' id='word_1_206' title='bbox 223 2840 320 2886; x_wconf 75' lang='lat' dir='ltr'><strong>cic.</strong></span> <span class='ocrx_word' id='word_1_207' title='bbox 350 2856 438 2900; x_wconf 78' lang='lat' dir='ltr'><strong>pro</strong></span> <span class='ocrx_word' id='word_1_208' title='bbox 473 2841 598 2885; x_wconf 87' lang='lat' dir='ltr'><strong>dom.</strong></span> <span class='ocrx_word' id='word_1_209' title='bbox 636 2858 675 2887; x_wconf 84' lang='lat' dir='ltr'><strong>c.</strong></span> <span class='ocrx_word' id='word_1_210' title='bbox 704 2843 771 2887; x_wconf 86' lang='lat'><strong>17.</strong></span> <span class='ocrx_word' id='word_1_211' title='bbox 800 2845 966 2888; x_wconf 80' lang='lat' dir='ltr'><strong>deinde</strong></span> <span class='ocrx_word' id='word_1_212' title='bbox 1038 2844 1372 2903; x_wconf 72' lang='lat' dir='ltr'><strong>praecedentiaz</strong></span> <span class='ocrx_word' id='word_1_213' title='bbox 1421 2860 1623 2903; x_wconf 77' lang='lat' dir='ltr'><strong>quosque</strong></span> <span class='ocrx_word' id='word_1_214' title='bbox 1667 2846 1942 2893; x_wconf 66' lang='lat' dir='ltr'><strong>Germanioi</strong></span> 
     </span>
     <span class='ocr_line' id='line_1_32' title="bbox 68 2899 1934 2955; baseline 0.004 -13"><span class='ocrx_word' id='word_1_215' title='bbox 68 2915 130 2942; x_wconf 80' lang='lat' dir='ltr'><strong>ne</strong></span> <span class='ocrx_word' id='word_1_216' title='bbox 149 2899 474 2954; x_wconf 61' lang='lat' dir='ltr'><strong>nfitprodicea</strong></span> <span class='ocrx_word' id='word_1_217' title='bbox 494 2900 569 2940; x_wconf 79' lang='lat' dir='ltr'><strong>die</strong></span> <span class='ocrx_word' id='word_1_218' title='bbox 591 2901 690 2955; x_wconf 71' lang='lat' dir='ltr'><strong>quis</strong></span> <span class='ocrx_word' id='word_1_219' title='bbox 709 2909 964 2947; x_wconf 69' lang='lat' dir='ltr'><strong>accusetur.</strong></span> <span class='ocrx_word' id='word_1_220' title='bbox 1037 2916 1283 2946; x_wconf 66' lang='lat' dir='ltr'><strong>ructuaret.</strong></span> <span class='ocrx_word' id='word_1_221' title='bbox 1360 2903 1530 2948; x_wconf 76' lang='lat' dir='ltr'><strong>Contra</strong></span> <span class='ocrx_word' id='word_1_222' title='bbox 1564 2903 1597 2947; x_wconf 86' lang='grc' dir='ltr'><strong>Ι.</strong></span> <span class='ocrx_word' id='word_1_223' title='bbox 1633 2902 1708 2952; x_wconf 76' lang='lat' dir='ltr'><strong>Fr.</strong></span> <span class='ocrx_word' id='word_1_224' title='bbox 1745 2903 1934 2952; x_wconf 85' lang='lat' dir='ltr'><strong>Grono-</strong></span> 
     </span>
     <span class='ocr_line' id='line_1_33' title="bbox 68 2956 1935 3023; baseline 0.005 -22"><span class='ocrx_word' id='word_1_225' title='bbox 68 2957 168 3004; x_wconf 80' lang='lat' dir='ltr'><strong>Liv.</strong></span> <span class='ocrx_word' id='word_1_226' title='bbox 192 2956 326 3008; x_wconf 79' lang='lat'><strong>3,17.</strong></span> <span class='ocrx_word' id='word_1_227' title='bbox 363 2958 412 3000; x_wconf 83' lang='lat' dir='ltr'><strong>in</strong></span> <span class='ocrx_word' id='word_1_228' title='bbox 441 2970 677 3000; x_wconf 77' lang='lat' dir='ltr'><strong>carcerem</strong></span> <span class='ocrx_word' id='word_1_229' title='bbox 709 2965 779 3001; x_wconf 71' lang='lat' dir='ltr'><strong>ese</strong></span> <span class='ocrx_word' id='word_1_230' title='bbox 812 2961 966 3003; x_wconf 82' lang='lat' dir='ltr'><strong>conie-</strong></span> <span class='ocrx_word' id='word_1_231' title='bbox 1037 2959 1139 3005; x_wconf 73' lang='lat' dir='ltr'><strong>vius</strong></span> <span class='ocrx_word' id='word_1_232' title='bbox 1182 2967 1225 3002; x_wconf 80' lang='lat' dir='ltr'><strong>et</strong></span> <span class='ocrx_word' id='word_1_233' title='bbox 1260 2958 1459 3019; x_wconf 77' lang='lat' dir='ltr'><strong>Ryckius</strong></span> <span class='ocrx_word' id='word_1_234' title='bbox 1493 2961 1553 3005; x_wconf 66' lang='lat' dir='ltr'><strong>de‘</strong></span> <span class='ocrx_word' id='word_1_235' title='bbox 1578 2959 1765 3006; x_wconf 83' lang='lat' dir='ltr'><strong>Tiberio</strong></span> <span class='ocrx_word' id='word_1_236' title='bbox 1804 2965 1935 3023; x_wconf 78' lang='lat' dir='ltr'><strong>cogi-</strong></span> 
     </span>
     <span class='ocr_line' id='line_1_34' title="bbox 67 3014 1931 3072; baseline 0.004 -13"><span class='ocrx_word' id='word_1_237' title='bbox 67 3024 167 3059; x_wconf 71' lang='grc' dir='ltr'><strong>σιω</strong></span> <span class='ocrx_word' id='word_1_238' title='bbox 186 3016 314 3070; x_wconf 72' lang='lat' dir='ltr'><strong>et&#39;que</strong></span> <span class='ocrx_word' id='word_1_239' title='bbox 335 3014 551 3057; x_wconf 73' lang='lat' dir='ltr'><strong>tribunus</strong></span> <span class='ocrx_word' id='word_1_240' title='bbox 578 3015 703 3059; x_wconf 76' lang='lat' dir='ltr'><strong>de‘em</strong></span> <span class='ocrx_word' id='word_1_241' title='bbox 733 3017 965 3071; x_wconf 74' lang='lat' dir='ltr'><strong>prodixit.</strong></span> <span class='ocrx_word' id='word_1_242' title='bbox 1038 3025 1148 3061; x_wconf 77' lang='lat' dir='ltr'><strong>tant.</strong></span> <span class='ocrx_word' id='word_1_243' title='bbox 1215 3016 1593 3072; x_wconf 76' lang='lat' dir='ltr'><strong>Magnitudinem</strong></span> <span class='ocrx_word' id='word_1_244' title='bbox 1626 3018 1743 3064; x_wconf 80' lang='lat' dir='ltr'><strong>inter</strong></span> <span class='ocrx_word' id='word_1_245' title='bbox 1776 3029 1931 3067; x_wconf 77' lang='lat' dir='ltr'><strong>retan-</strong></span> 
     </span>
     <span class='ocr_line' id='line_1_35' title="bbox 70 3072 1931 3128; baseline 0.004 -11"><span class='ocrx_word' id='word_1_246' title='bbox 70 3072 135 3117; x_wconf 82' lang='lat' dir='ltr'><strong>ld.</strong></span> <span class='ocrx_word' id='word_1_247' title='bbox 155 3072 200 3126; x_wconf 84' lang='grc'><strong>6,</strong></span> <span class='ocrx_word' id='word_1_248' title='bbox 217 3073 290 3116; x_wconf 66' lang='lat' dir='ltr'><strong>m.</strong></span> <span class='ocrx_word' id='word_1_249' title='bbox 308 3072 527 3126; x_wconf 76' lang='lat' dir='ltr'><strong>prodicta</strong></span> <span class='ocrx_word' id='word_1_250' title='bbox 547 3073 640 3115; x_wconf 75' lang='lat' dir='ltr'><strong>die.</strong></span> <span class='ocrx_word' id='word_1_251' title='bbox 699 3072 788 3117; x_wconf 86' lang='lat' dir='ltr'><strong>Sed</strong></span> <span class='ocrx_word' id='word_1_252' title='bbox 802 3073 966 3118; x_wconf 70' lang='lat' dir='ltr'><strong>Noster</strong></span> <span class='ocrx_word' id='word_1_253' title='bbox 1038 3082 1112 3118; x_wconf 77' lang='lat' dir='ltr'><strong>tur</strong></span> <span class='ocrx_word' id='word_1_254' title='bbox 1134 3075 1405 3119; x_wconf 72' lang='lat' dir='ltr'><strong>maiestatem</strong></span> <span class='ocrx_word' id='word_1_255' title='bbox 1420 3109 1430 3125; x_wconf 84' lang='lat'><strong>.</strong></span> <span class='ocrx_word' id='word_1_256' title='bbox 1459 3084 1509 3120; x_wconf 77' lang='lat' dir='ltr'><strong>ut</strong></span> <span class='ocrx_word' id='word_1_257' title='bbox 1530 3075 1571 3128; x_wconf 79' lang='grc'><strong>3,</strong></span> <span class='ocrx_word' id='word_1_258' title='bbox 1592 3075 1662 3121; x_wconf 86' lang='grc'><strong>56.</strong></span> <span class='ocrx_word' id='word_1_259' title='bbox 1765 3078 1838 3123; x_wconf 78' lang='lat' dir='ltr'><strong>ihil</strong></span> <span class='ocrx_word' id='word_1_260' title='bbox 1861 3088 1931 3124; x_wconf 79' lang='lat' dir='ltr'><strong>ta-</strong></span> 
     </span>
     <span class='ocr_line' id='line_1_36' title="bbox 66 3129 1934 3204; baseline 0.005 -31"><span class='ocrx_word' id='word_1_261' title='bbox 66 3146 192 3189; x_wconf 70' lang='lat' dir='ltr'><strong>supr.</strong></span> <span class='ocrx_word' id='word_1_262' title='bbox 225 3146 267 3174; x_wconf 87' lang='lat' dir='ltr'><strong>c.</strong></span> <span class='ocrx_word' id='word_1_263' title='bbox 300 3130 344 3173; x_wconf 88' lang='lat'><strong>6.</strong></span> <span class='ocrx_word' id='word_1_264' title='bbox 382 3129 551 3172; x_wconf 72' lang='lat' dir='ltr'><strong>Insula</strong></span> <span class='ocrx_word' id='word_1_265' title='bbox 586 3131 882 3174; x_wconf 76' lang='lat' dir='ltr'><strong>Batavorum</strong></span> <span class='ocrx_word' id='word_1_266' title='bbox 916 3133 966 3175; x_wconf 84' lang='lat' dir='ltr'><strong>in</strong></span> <span class='ocrx_word' id='word_1_267' title='bbox 1037 3148 1142 3176; x_wconf 73' lang='lat' dir='ltr'><strong>men</strong></span> <span class='ocrx_word' id='word_1_268' title='bbox 1188 3134 1243 3176; x_wconf 83' lang='lat' dir='ltr'><strong>ab</strong></span> <span class='ocrx_word' id='word_1_269' title='bbox 1286 3133 1372 3178; x_wconf 88' lang='lat' dir='ltr'><strong>hoc</strong></span> <span class='ocrx_word' id='word_1_270' title='bbox 1412 3132 1514 3178; x_wconf 80' lang='lat' dir='ltr'><strong>loco</strong></span> <span class='ocrx_word' id='word_1_271' title='bbox 1549 3134 1701 3204; x_wconf 64' lang='lat' dir='ltr'><strong>magis</strong></span> <span class='ocrx_word' id='word_1_272' title='bbox 1734 3135 1934 3183; x_wconf 84' lang='lat' dir='ltr'><strong>alienum</strong></span> 
     </span>
     <span class='ocr_line' id='line_1_37' title="bbox 68 3188 1929 3288; baseline 0.005 -58"><span class='ocrx_word' id='word_1_273' title='bbox 68 3202 215 3288; x_wconf 62' lang='lat' dir='ltr'><strong>ggam</strong></span> <span class='ocrx_word' id='word_1_274' title='bbox 246 3189 544 3231; x_wconf 53' lang='lat' dir='ltr'><strong>convenerant</strong></span> <span class='ocrx_word' id='word_1_275' title='bbox 567 3191 830 3243; x_wconf 76' lang='lat' dir='ltr'><strong>praedicta.</strong></span> <span class='ocrx_word' id='word_1_276' title='bbox 896 3188 964 3238; x_wconf 79' lang='lat'><strong>13,</strong></span> <span class='ocrx_word' id='word_1_277' title='bbox 1036 3205 1128 3233; x_wconf 75' lang='lat' dir='ltr'><strong>esse</strong></span> <span class='ocrx_word' id='word_1_278' title='bbox 1167 3189 1297 3235; x_wconf 78' lang='lat' dir='ltr'><strong>video</strong></span> <span class='ocrx_word' id='word_1_279' title='bbox 1330 3206 1467 3251; x_wconf 73' lang='lat' dir='ltr'><strong>quam</strong></span> <span class='ocrx_word' id='word_1_280' title='bbox 1498 3189 1666 3237; x_wconf 69' lang='lat' dir='ltr'><strong>&#39;siberni</strong></span> <span class='ocrx_word' id='word_1_281' title='bbox 1699 3194 1929 3254; x_wconf 81' lang='lat' dir='ltr'><strong>magnitu-</strong></span> 
     </span>
    </p>

    <p class='ocr_par' dir='ltr' id='par_1_7' title="bbox 63 3245 1929 3597">
     <span class='ocr_line' id='line_1_38' title="bbox 127 3245 1205 3300; baseline 0.002 -12"><span class='ocrx_word' id='word_1_282' title='bbox 127 3274 139 3288; x_wconf 91' lang='lat'><strong>.</strong></span> <span class='ocrx_word' id='word_1_283' title='bbox 173 3258 235 3287; x_wconf 82' lang='lat' dir='ltr'><strong>ne</strong></span> <span class='ocrx_word' id='word_1_284' title='bbox 259 3245 442 3298; x_wconf 74' lang='lat' dir='ltr'><strong>prior-ee</strong></span> <span class='ocrx_word' id='word_1_285' title='bbox 470 3259 686 3300; x_wconf 73' lang='lat' dir='ltr'><strong>pugnam</strong></span> <span class='ocrx_word' id='word_1_286' title='bbox 721 3251 966 3299; x_wconf 80' lang='lat' dir='ltr'><strong>auderent,</strong></span> <span class='ocrx_word' id='word_1_287' title='bbox 1035 3247 1205 3290; x_wconf 78' lang='lat' dir='ltr'><strong>dinem.</strong></span> 
     </span>
     <span class='ocr_line' id='line_1_39' title="bbox 63 3301 1929 3358; baseline 0.007 -16"><span class='ocrx_word' id='word_1_288' title='bbox 63 3302 310 3358; x_wconf 72' lang='lat' dir='ltr'><strong>praedicit.</strong></span> <span class='ocrx_word' id='word_1_289' title='bbox 366 3301 558 3347; x_wconf 78' lang='lat' dir='ltr'><strong>Sueton.</strong></span> <span class='ocrx_word' id='word_1_290' title='bbox 580 3302 738 3347; x_wconf 79' lang='lat' dir='ltr'><strong>Claud.</strong></span> <span class='ocrx_word' id='word_1_291' title='bbox 761 3322 803 3350; x_wconf 90' lang='lat' dir='ltr'><strong>c.</strong></span> <span class='ocrx_word' id='word_1_292' title='bbox 828 3305 871 3350; x_wconf 89' lang='lat'><strong>8.</strong></span> <span class='ocrx_word' id='word_1_293' title='bbox 900 3308 966 3354; x_wconf 77' lang='lat' dir='ltr'><strong>ad</strong></span> <span class='ocrx_word' id='word_1_294' title='bbox 1092 3305 1207 3349; x_wconf 70' lang='lat' dir='ltr'><strong>Cn.</strong></span> <span class='ocrx_word' id='word_1_295' title='bbox 1230 3305 1300 3349; x_wconf 86' lang='lat'><strong>80.</strong></span> <span class='ocrx_word' id='word_1_296' title='bbox 1361 3305 1641 3352; x_wconf 68' lang='lat' dir='ltr'><strong>Celenderis.</strong></span> <span class='ocrx_word' id='word_1_297' title='bbox 1692 3307 1808 3354; x_wconf 81' lang='lat' dir='ltr'><strong>cod.</strong></span> <span class='ocrx_word' id='word_1_298' title='bbox 1828 3308 1929 3355; x_wconf 90' lang='lat' dir='ltr'><strong>MS.</strong></span> 
     </span>
     <span class='ocr_line' id='line_1_40' title="bbox 63 3360 1926 3433; baseline 0.005 -30"><span class='ocrx_word' id='word_1_299' title='bbox 63 3360 355 3428; x_wconf 59' lang='lat' dir='ltr'><strong>praedictam</strong></span> <span class='ocrx_word' id='word_1_300' title='bbox 377 3373 550 3428; x_wconf 59' lang='lat' dir='ltr'><strong>coenae</strong></span> <span class='ocrx_word' id='word_1_301' title='bbox 568 3361 758 3430; x_wconf 44' lang='lat' dir='ltr'><strong>holtam.</strong></span> <span class='ocrx_word' id='word_1_302' title='bbox 915 3419 924 3429; x_wconf 40' lang='lat'><em>⁰</em></span> <span class='ocrx_word' id='word_1_303' title='bbox 1037 3369 1135 3406; x_wconf 72' lang='lat' dir='ltr'><strong>ten.</strong></span> <span class='ocrx_word' id='word_1_304' title='bbox 1166 3362 1358 3408; x_wconf 72' lang='lat' dir='ltr'><strong>piebem</strong></span> <span class='ocrx_word' id='word_1_305' title='bbox 1391 3371 1445 3433; x_wconf 43' lang='lat' dir='ltr'><strong>et·</strong></span> <span class='ocrx_word' id='word_1_306' title='bbox 1467 3364 1571 3410; x_wconf 82' lang='lat' dir='ltr'><strong>edd.</strong></span> <span class='ocrx_word' id='word_1_307' title='bbox 1613 3375 1714 3425; x_wconf 80' lang='lat' dir='ltr'><strong>post</strong></span> <span class='ocrx_word' id='word_1_308' title='bbox 1739 3365 1926 3413; x_wconf 73' lang='lat' dir='ltr'><strong>pichen.</strong></span> 
     </span>
     <span class='ocr_line' id='line_1_41' title="bbox 67 3418 1928 3540; baseline 0.001 -22"><span class='ocrx_word' id='word_1_309' title='bbox 67 3421 960 3535; x_wconf 52' lang='lat' dir='ltr'><strong>...zzm.“z¹.‘⁰6a...:.&#39;rf²:22:5‡:·:</strong></span> <span class='ocrx_word' id='word_1_310' title='bbox 1033 3418 1928 3540; x_wconf 44' lang='lat' dir='ltr'><strong>ssssssssr‘cfizizzdgxs.¹32.3.{aaa}</strong></span> 
     </span>
     <span class='ocr_line' id='line_1_42' title="bbox 67 3531 1928 3597; baseline 0.007 -22"><span class='ocrx_word' id='word_1_311' title='bbox 67 3531 222 3577; x_wconf 68' lang='lat' dir='ltr'><strong>semul</strong></span> <span class='ocrx_word' id='word_1_312' title='bbox 237 3531 294 3577; x_wconf 75' lang='lat' dir='ltr'><strong>nd</strong></span> <span class='ocrx_word' id='word_1_313' title='bbox 309 3531 661 3587; x_wconf 71' lang='lat' dir='ltr'><strong>Germanicum,</strong></span> <span class='ocrx_word' id='word_1_314' title='bbox 688 3535 767 3595; x_wconf 85' lang='lat' dir='ltr'><strong>qui</strong></span> <span class='ocrx_word' id='word_1_315' title='bbox 793 3543 836 3581; x_wconf 75' lang='lat' dir='ltr'><strong>et</strong></span> <span class='ocrx_word' id='word_1_316' title='bbox 854 3534 963 3581; x_wconf 72' lang='lat' dir='ltr'><strong>infr.</strong></span> <span class='ocrx_word' id='word_1_317' title='bbox 1030 3536 1358 3590; x_wconf 50' lang='lat' dir='ltr'><strong>tendet-inmuni</strong></span> <span class='ocrx_word' id='word_1_318' title='bbox 1371 3553 1462 3597; x_wconf 84' lang='lat' dir='ltr'><strong>quo</strong></span> <span class='ocrx_word' id='word_1_319' title='bbox 1475 3538 1699 3585; x_wconf 70' lang='lat' dir='ltr'><strong>consentit</strong></span> <span class='ocrx_word' id='word_1_320' title='bbox 1713 3554 1928 3588; x_wconf 69' lang='lat' dir='ltr'><strong>nummus</strong></span> 
     </span>
    </p>
   </div>
  </div>
 </body>
</html>
