2222 4030
765 190 1377 281 PRAEFATlo.
1480 190 1488 199 ’
1590 233 1603 299 3
1915 233 2011 278 vn

131 362 295 433 δριω
322 325 956 420 πεπεήωὲὶέεοσιέτεις.’
1018 333 1868 422 Incipiebatautem'dignitas
1903 368 1995 406 se-

128 437 360 494 natoria
396 457 432 494 a
473 446 826 514 quaesturas
868 445 926 491 et
952 427 1110 490 hanc
1137 429 1335 489 Taciti
1371 431 1736 506 temporibus
1773 452 1839 489 ea
1878 453 1995 511 qua
2068 496 2074 502 x
2162 456 2165 458 ·

128 520 444 580 Maecenas
497 521 629 578 vult
684 520 872 577 aetate
926 517 1079 574 iniri
1131 517 1366 574 solitam
1409 528 1666 590 arguunt
1684 520 1993 594 'exempla.
2085 559 2088 560 ν

125 603 407 682 Agricola
430 606 619 676 enim,
661 624 828 662 socer
849 601 1076 673 Taciti,
1118 603 1330 660 ambiit
1358 613 1765 679 quaesturam,
1804 624 1994 680 quum

124 702 322 765 ageret
352 711 577 748 annum
608 690 954 748 vicesimum
981 689 1278 766 quintum.
1361 689 1434 747 cf.
1458 685 1648 747 Tacit.
1670 684 1819 763 Agr.
1845 708 1901 748 c.
1929 688 1990 751 6.
2070 760 2073 762 ,

122 776 328 854 ibique
359 772 612 836 Walch.
675 811 685 813 >
721 774 864 833 Tito
901 772 1249 851 Vespasiani
1281 769 1406 829 filio
1443 783 1676 829 matura
1720 773 1991 849 petendis

123 856 458 919 honoribus
491 857 579 938 (h.
607 881 658 921 e.
684 860 1018 919 tribunatui
1053 871 1155 917 aut
1186 857 1500 915 aedilitati:
1542 877 1684 913 nam
1714 848 1998 935 quaestuff
2025 867 2028 872 ’

121 966 250 1003 ram
278 945 454 1004 Titus
484 947 651 1023 prius
673 942 954 1025 gesserat)
986 945 1238 1004 iuventa.>
1259 943 1551 1001 tribuitur
1585 940 1804 1020 (Tacit.
1832 942 1988 1006 Hist.

119 1029 201 1101 Il,
229 1029 343 1111 1.)‚
399 1053 587 1110 quum
623 1044 773 1090 esset
806 1042 1027 1108 septem
1061 1043 1118 1088 et
1154 1029 1369 1103 viginti
1405 1040 1595 1086 'annos
1635 1039 1827 1090 natus,
1914 1030 1989 1091 cf.
2045 1058 2049 1062 ·
2131 1097 2145 1108 Γ
2191 1095 2208 1117 ζ

119 1115 366 1178 sueton.
392 1116 515 1178 Tit.
541 1137 591 1178 c.
624 1118 678 1178 1.
763 1114 1046 1196 Aliquam
1077 1118 1253 1178 etiam
1281 1116 1355 1172 de
1377 1113 1571 1173 Taciti
1607 1125 1794 1171 aetate
1829 1115 1992 1173 noti-

0 1205 16 1220 ·
119 1202 265 1258 tiam
298 1203 492 1259 adfert
525 1202 691 1260 locus
731 1198 1028 1272 Ann.111,
1055 1202 1153 1262 16.
1185 1202 1291 1260 sed
1327 1219 1556 1275 vagam.

293 1285 347 1364 ξ.
374 1286 435 1368 3.
487 1281 593 1344 De
612 1294 792 1368 patre
818 1283 1046 1345 Taciti.
1132 1286 1295 1345 Haec
1332 1286 1596 1363 quaestio
1630 1286 1822 1343 multo
1859 1305 1990 1344 ma·—

113 1371 203 1447 gis
228 1383 316 1429 est
338 1370 543 1431 dubia.
629 1371 828 1445 Quam
849 1385 918 1430 ut
937 1373 1249 1442 fulcirent,
1267 1377 1273 1383 '
1289 1372 1407 1429 viri
1431 1373 1591 1430 docti
1614 1371 1680 1449 in
1702 1369 1991 1430 auxilium

113 1469 405 1515 vocarunt
429 1457 630 1515 locum
651 1456 838 1514 Plinii
862 1457 939 1517 H.
965 1457 1039 1517 N.
1077 1457 1215 1528 VII,
1246 1458 1342 1517 16.
1376 1454 1740 1515 Invenimus
1766 1455 1831 1513 in
1858 1478 1991 1514 mo—

115 1541 405 1599 nimentis
442 1537 1233 1621 SalamineEutbymenis
1251 1538 1474 1620 filium
1513 1543 1580 1600 in
1615 1542 1742 1599 tria
1783 1541 1988 1614 cubita

115 1626 382 1686 triennio
418 1623 790 1696 adolevisse,
858 1627 1094 1687 incessu
1136 1625 1415 1695 tar-dum,
1482 1649 1666 1687 sensu
1703 1623 1988 1697 hebetem,

114 1722 171 1772 et
222 1712 355 1770 iam
402 1711 683 1790 puberem
721 1713 1006 1796 sactum,
1065 1735 1194 1772 voce
1250 1711 1535 1782 robusta,
1596 1713 1988 1798 absumptum

114 1797 524 1857 contractione
579 1799 984 1857 membrorum
1034 1798 1239 1858 subito
1286 1798 1552 1857 triennio
1611 1799 1988 1858 circumacto.

112 1882 261 1964 Ipsi
286 1902 411 1941 non
445 1878 685 1961 pridem
725 1881 991 1944 vidimus
1028 1882 1235 1944 eadem
1263 1884 1467 1967 ferme
1503 1884 1716 1958 omnia
1748 1893 1990 1966 praeter

109 1967 492 2050 pubertatem
545 1966 616 2024 in
653 1965 808 2045 filio
846 1965 1130 2028 Cornelii
1170 1967 1386 2028 Taciti
1431 1970 1651 2052 equitis
1705 1967 1995 2028 Romani

111 2051 407 2132 Belgicae
437 2048 714 2112 Galliae·
735 2055 1005 2113 rationes
1030 2055 1445 2137 procuranti&
1527 2053 1611 2115 At
1639 2055 1989 2116 Cornelium

112 2139 275 2200 hunc
309 2139 587 2199 Tacitum
620 2141 802 2198 fuisse
840 2142 1035 2200 Taciti
1073 2143 1262 2200 nostri
1296 2154 1528 2218 patrem
1565 2144 1779 2201 desunt
1813 2145 1990 2220 plane

112 2230 506 2296 documenta,
551 2226 769 2303 quibus
803 2229 1123 2303 probetur,
1178 2248 1291 2285 nec
1322 2229 1486 2287 ullus
1515 2248 1767 2306 usquam
1806 2236 1990 2288 exs'tat

112 2314 408 2372 locusaut
426 2313 893 2384 monimentum,
934 2316 1096 2371 uude
1119 2314 1485 2384 divinemuS,
1530 2335 1650 2392 quo
1683 2317 1988 2389 sanguinis

111 2399 300 2474 gradu
341 2398 491 2456 alter
531 2398 703 2455 alteri
745 2419 1048 2456 connexus
1090 2400 1288 2459 fucrit.
1405 2398 1613 2477 Neque
1659 2401 1794 2477 plus
1835 2403 1984 2458 lucis

112 2482 253 2543 huic
274 2484 364 2542 rei
391 2484 582 2541 adfert
605 2484 947 2559 inscriptiO,
993 2506 1143 2563 quae
1178 2487 1333 2561 apud
1362 2483 1715 2544 Reinesium
1757 2509 1813 2563 p.
1844 2486 1982 2548 103.

111 2570 353 2645 legitur:
422 2563 713 2648 Apollini
749 2566 1194 2629 Rationatoris
1235 2554 1465 2628 Ιιοηοὲε
1505 2592 1730 2630 usurus
1769 2592 2002 2650 secun<

0 2653 8 2668 '
110 2650 257 2713 dum
289 2647 631 2723 Cornelius}
662 2652 865 2716 Verus
898 2653 1162 2714 Tacitus
1204 2655 1394 2714 erexit
1429 2657 1798 2714 munimenti
1821 2655 1982 2715 ‘loca

106 2740 262 2800 Nam
293 2741 386 2800 uti
423 2741 563 2798 satis
605 2742 928 2799 verisimile
967 2755 1055 2802 est
1093 2743 1349 2800 eundem
1394 2743 1480 2800 ibi
1516 2739 1725 2800 haberi
1759 2742 1979 2814 virum,

108 2828 275 2887 cuius
306 2826 543 2884 Plinius
576 2829 940 2885 mentionem
972 2829 1139 2898 fecit,
1182 2829 1264 2885 ita
1300 2828 1511 2884 iisdem
1545 2829 1807 2886 tenebris
1842 2850 1980 2904 pro-—

105 2897 349 2968 tuimur.
392 2909 668 2967 Ceterum
692 2914 851 2969 ende
876 2909 985 2969 bac
1007 2911 1401 2969 rePassovius
1426 2913 1515 2969 in:
1547 2907 1977 2971 Philomathie

37 3070 43 3077 Ι
106 2995 156 3058 1.
180 3016 238 3072 p.
262 2991 393 3066 68..
438 2992 698 3057 Daunou
727 2997 814 3053 in:
843 2992 1233 3076 Biographie
1258 2994 1634 3059 universelle.
1669 2998 1891 3060 T.XL¹
1903 3000 1974 3062 V.

100 3102 160 3160 p.
189 3077 311 3140 165
336 3100 463 3158 sqq.
546 3078 1476 3142 Utl‘liniiCorneliumTacitum
1499 3106 1632 3142 cum
1647 3084 1851 3161 Lipsio
1884 3084 1975 3162 (in

102 3168 224 3228 vita
249 3162 474 3242 Taciti)
504 3161 665 3225 hunc
695 3168 888 3243 ipsum
923 3179 1193 3225 nostrum
1220 3169 1398 3226 fuisse
1421 3181 1623 3245 putcS,
1666 3191 1791 3228 non
1819 3173 1975 3247 pati-

0 3306 8 3327 ,
102 3265 202 3311 tur
226 3263 561 3328 temporum
587 3254 755 3314 ratio,
844 3255 1164 3327 Quomodo
1192 3254 1350 3311 enim
1375 3254 1638 3326 Plinius,
1677 3257 1781 3335 qui
1808 3277 1973 3314 mor-

106 3351 242 3396 tuus
278 3349 362 3394 est
397 3357 492 3396 an.
523 3358 583 3397 u.
610 3338 752 3399 832.
787 3341 982 3416 potnit
1013 3341 1217 3405 videre
1240 3341 1422 3398 trium
1456 3360 1750 3398 annorum
1778 3343 1967 3399 filium

103 3423 251 3492 viri,
293 3422 394 3500 qni
431 3440 527 3483 an.
560 3444 620 3485 u.
651 3424 796 3485 830.
836 3427 1064 3482 iuvenis
1095 3440 1339 3484 uxorem
1377 3429 1663 3506 duxerat?
1755 3428 1965 3485 Wolt-

104 3527 359 3567 mannus
415 3505 618 3582 (Tom.
657 3508 729 3570 V.
787 3532 843 3589 p.
884 3511 1006 3570 217
1052 3511 1205 3590 sqq.)
1272 3512 1551 3589 opinatur
1619 3514 1962 3591 scriptorem
