2222 4030
288 176 413 271 320
935 173 1303 238 ANNALI
1320 176 1377 236 U
1392 176 1463 235 M
1625 267 1636 270 ἒ
1820 175 1955 260 „21¹3
1971 180 2055 262 ⁷2⁷1:

283 307 352 368 hi
372 307 614 386 quidem
645 304 842 390 statim
871 309 1144 384 exempti.
1228 307 1292 362 in
1326 319 1552 382 patrem
1588 327 1658 364 ex
1695 312 1877 370 servis
1912 315 2144 391 quaesi-

282 410 439 465 tum,
491 405 547 450 et
583 392 845 468 quaestio
887 392 1130 450 adversa
1167 393 1490 448 accusatori
1539 394 1670 455 fuit.
1776 399 1881 474 qui
1931 401 2144 458 scelere

281 499 513 548 νεεοτε,
555 477 734 533 simul
761 477 924 551 vulgi
955 497 1194 534 rumore
1223 478 1461 547 territus
1494 479 1682 536 robur
1719 493 1774 538 et
1808 503 2011 540 saxum
2042 497 2144 542 aut

282 564 714 643 parricidarum
751 582 969 638 poenas
1005 562 1442 632 minitantium,
1489 565 1659 621 cessit
1691 566 1857 627 urbe.
1945 573 2012 625 ac
2046 591 2145 626 re-

281 662 501 710 tractus
550 646 847 706 Ravenna
889 647 1124 722 exsequi
1171 649 1601 705 accusationem
1656 651 1941 725 adigitur,
2016 675 2143 712 non

283 735 612 794 occultante
639 731 885 791 Tiberio·
917 744 1084 788 vetus
1118 732 1327 789 odium
1364 734 1641 791 adversus
1677 739 1933 795 exsulem
1970 738 2144 796 Sere-

281 841 449 882 num.
512 870 516 874 .
545 839 685 875 nam
716 830 848 894 post
885 819 1229 875 damnatum
1259 816 1555 876 Libonem
1587 822 1779 878 missis
1818 826 1891 879 ad
1930 822 2143 882 Caesa-

282 927 410 965 rem
457 905 669 963 litteris
718 901 1171 977 exprobraverat
1210 923 1383 961 suum
1423 916 1656 962 tantum
1702 909 1964 966 studium
2014 912 2142 968 sine

279 995 479 1054 fructu
499 990 710 1058 fuisse,
750 987 1170 1064 addideratque
1208 989 1497 1064 quaedam
1529 994 1930 1049 contumacius
1963 1015 2142 1071 quam

279 1089 476 1136 tutum
507 1076 665 1151 apud
701 1092 867 1128 aures
904 1075 1185 1149 superbas
1221 1085 1276 1130 et
1312 1074 1629 1133 offensioni
1660 1078 1988 1151 proniores,
2075 1101 2141 1137 ea

279 1162 497 1222 Caesar
519 1172 646 1218 octo
671 1169 804 1232 post
828 1178 1016 1214 annos
1039 1159 1266 1216 rettulit
1291 1161 1560 1217 medium
1585 1173 1815 1238 tempu-s
1850 1165 2011 1220 varie
2044 1186 2141 1222 ar-

279 1267 492 1324 guenS,
562 1243 789 1300 etiamsi
844 1255 1137 1302 tormenta
1199 1245 1526 1321 pervicacia
1577 1266 1881 1305 servorum
1937 1262 2140 1308 contra

282 1334 626 1392 evenissent.

449 1413 644 1474 XXX..
729 1410 917 1470 Dictis
973 1413 1113 1471 dein
1162 1415 1499 1486 sententiiS‚
1564 1428 1633 1474 ut
1676 1415 1932 1476 Serenus
1973 1440 2139 1476 more

38 1503 571 1581 ‘,r·„·„,„‚maiorum
608 1499 952 1575 puniretur,
995 1521 1111 1576 quo
1145 1501 1408 1559 molliret
1433 1501 1753 1573 invidiam,
1797 1497 2140 1567 intercessit.

52 1580 60 1593 ’
276 1590 488 1649 Gallus
513 1583 759 1644 Asinius
790 1583 991 1663 Gyaro
1019 1597 1120 1642 aut
1137 1583 1382 1643 Donusa
1408 1588 1805 1644 claudendum
1835 1610 1969 1646 cum
2003 1611 2141 1647 cen-

274 1686 455 1744 seret,
497 1673 562 1729 id
603 1691 836 1755 quoque
875 1681 1221 1746 aspernatus<
1252 1684 1365 1742 est,
1415 1692 1658 1746 egenam
1690 1694 1875 1750 aquae
1912 1687 2139 1732 utram-

274 1782 389 1840 que
413 1758 672 1816 insulam
699 1757 956 1812 referens
983 1757 1328 1834 dandosque
1351 1758 1507 1814 vitae
1529 1777 1688 1828 usus,
1729 1761 1824 1816 cui
1847 1761 1968 1818 vita
1995 1782 2140 1819 con-

271 1847 597 1905 cederetur.
684 1842 766 1898 ita
797 1840 1053 1899 Serenus
1085 1838 1414 1917 Amorgum
1447 1855 1798 1921 reportatur.
1883 1843 1965 1903 Et
2000 1848 2139 1924 quia

273 1931 577 1992 Cornutus
606 1947 709 1984 sua
741 1947 926 1984 manu
963 1929 1277 1998 ceciderat,
1322 1940 1516 1985 actum
1555 1931 1627 1986 de
1659 1930 1937 2005 praemiis
1968 1953 2140 1989 accu-

271 2029 535 2075 satorum
558 2013 883 2082 abolendiS,
926 2013 975 2069 si
1000 2014 1131 2090 quis
1155 2014 1475 2072 maiestatis
1497 2016 1824 2090 postulatus
1847 2028 1980 2073 ante
2001 2037 2139 2094 per-

270 2105 490 2162 fectum
526 2099 813 2157 iudicium
851 2118 911 2155 se
944 2099 1066 2174 ipse
1104 2100 1226 2155 vita
1260 2100 1623 2175 privavisset.
1711 2102 2024 2178 ibaturque
2070 2103 2139 2158 in

195 2212 197 2215 ·
273 2209 402 2246 eam
436 2184 815 2254 sententiam,
856 2185 922 2240 ni
963 2185 1171 2245 durius
1208 2196 1527 2262 contraque
1559 2206 1787 2242 morem
1826 2207 1997 2244 suum
2031 2208 2139 2263 pa-

271 2275 393 2332 l'am
415 2292 525 2348 pro
551 2270 985 2327 accusatoribus
997 2269 1212 2327 Caesar
1235 2271 1442 2327 inritas
1466 2271 1649 2346 legeS,
1690 2291 1817 2328 rem
1837 2273 2138 2347 publicam

272 2420 532 2469 Alc.Rhen.
547 2417 843 2477 Ald.Mieyll.
876 2417 937 2462 cf.
954 2416 1170 2462 Graevius
1240 2429 1316 2463 tur
1339 2420 1432 2463 eius
1457 2421 1565 2478 legis
1587 2422 1864 2480 interprete&
1923 2421 2032 2466 Mox
2055 2425 2136 2466 ad·

273 2481 327 2526 ad
340 2477 580 2533 Suetssl'ib.
614 2493 652 2519 c.
680 2475 751 2520 53.
783 2485 826 2519 et
850 2475 943 2521 Cal.
970 2475 1041 2519 35.
1098 2476 1170 2520 De
1241 2492 1398 2519 versus
1425 2479 1553 2522 tacite
1574 2479 1622 2521 Li
1658 2497 1692 2523 s.
1723 2495 1822 2538 sqq.
1877 2483 2135 2523 adversum

270 2547 462 2595 utraque
484 2535 631 2578 forma
655 2533 707 2575 lis
731 2533 876 2578 adhue
902 2543 966 2577 est
992 2535 1073 2577 sub
1098 2534 1171 2577 iu-
1240 2534 1342 2578 edd.
1366 2534 1468 2578 Ber.
1498 2536 1595 2579 Ale.
1617 2495 1759 2580 fihen.
1782 2536 1888 2580 Ald.
1915 2535 2095 2595 Micyll.

272 2596 386 2642 dice.
465 2591 711 2638 Wissowa
766 2591 815 2633 in
852 2591 980 2639 Lect.
1021 2591 1168 2637 Tacit.
1291 2601 1402 2647 post
1440 2596 1725 2636 damnatum
1762 2594 2006 2638 Libonem.
2074 2593 2134 2640 ef.

272 2673 292 2700 s
327 2670 395 2697 ec.
420 2668 508 2695 see.
531 2649 657 2692 1829.
701 2665 744 2707 p.
770 2650 821 2692 11
851 2665 951 2708 sqq.
986 2659 1168 2694 strenue
1237 2649 1280 2701 2,
1300 2649 1370 2692 30.

275 2670 477 2757 ἀιὲῖειιόἰῐ
499 2721 746 2750 accersere.
1298 2706 1413 2750 CAP.
1451 2706 1523 2751 30.
1605 2723 1712 2750 cum
1755 2717 1976 2752 censeret.
2059 2710 2136 2756 Sic

329 2770 487 2811 robur.
562 2763 708 2808 Intell.
752 2763 1041 2808 Tullianum.
1104 2764 1164 2808 cf.
1241 2763 1339 2806 edd.
1373 2763 1578 2810 Oberlin.
1620 2764 1905 2810 Lunemann.
1942 2766 2133 2813 Bekker.

271 2825 453 2870 Sallust.
478 2821 575 2867 Cat.
604 2838 641 2866 e.
667 2821 739 2864 55.
804 2822 948 2866 Varro
968 2821 1020 2865 L.
1043 2821 1090 2864 L.
1124 2823 1168 2871 4,
1240 2823 1453 2865 suadente
1484 2822 1685 2867 Mureto'.
1763 2825 1884 2867 Vett.
1915 2825 2015 2870 edd.
2050 2842 2132 2869 au-

270 2884 342 2928 32.
402 2882 560 2925 Festus
584 2896 618 2922 s.
638 2895 679 2923 V.
699 2880 857 2922 robur.
917 2878 1026 2923 vid.
1050 2879 1097 2921 Li
1105 2896 1168 2938 ps.
1239 2888 1363 2923 etore
1385 2879 1609 2924 Beroaldo
1632 2880 1849 2924 omittunt
1881 2897 1986 2924 cum
2012 2898 2131 2941 pun-

271 2951 316 2984 et
336 2941 515 2983 Ernest.
538 2937 591 2980 ad
615 2936 658 2979 h.
683 2935 713 2978 l.
774 2937 942 2981 Donat.
972 2937 1026 2980 de
1046 2935 1165 2980 Urb.
1241 2945 1313 2979 cto
1352 2937 1500 2994 posito
1534 2948 1636 2996 post
1669 2946 1884 2982 censeret.
1958 2938 2132 2998 Lipsius

269 2998 406 3042 Rom.
433 2997 474 3047 2,-
495 2995 564 3038 19.
628 2993 882 3037 Novissime
910 2995 963 3037 de
985 3009 1168 3037 carcere
1238 3010 1322 3051 pro
1357 3003 1563 3037 censeret
1594 2997 1691 3040 vult
1727 3010 1936 3049 censere,
1990 3005 2039 3040 ut
2075 3000 2131 3042 sit

270 3055 496 3100 Tulliano
524 3051 760 3109 disputavit
796 3051 867 3096 vir
900 3051 1058 3096 doctus
1094 3051 1166 3095 in:
1238 3067 1323 3150 gro
1373 3055 1561 3095 censuit.
1644 3052 1829 3111 Recepit
1878 3053 2129 3099 Broterius.

270 3115 472 3166 Allgem.
495 3109 734 3152 Schulzeit.
763 3108 887 3151 1826.
921 3125 990 3152 nr.
1017 3112 1108 3152 101.
1277 3116 1458 3152 aet-nus:
1501 3118 1552 3151 ut
1581 3109 1746 3153 Gallus
1765 3112 1822 3154 A.
1844 3141 1855 3152 .
1874 3141 1886 3154 .
1904 3143 1915 3153 .
1942 3126 2131 3156 censue-

329 3183 522 3213 saxum.
594 3165 744 3209 Intell.
781 3165 1041 3224 Tarpeium.
1103 3167 1163 3211 cf.
1237 3174 1334 3209 rat.
1428 3167 1786 3210 Freinshemius:
1849 3167 2018 3212 Gallus
2069 3171 2129 3214 A.

271 3227 315 3279 2,
337 3219 407 3270 3⁷2.
431 3239 558 3267 saxo
580 3225 785 3266 deiectus
808 3231 892 3266 est.
1239 3223 1426 3278 Gyaro,
1480 3225 1619 3267 Cotta
1668 3226 1865 3280 Donysa
1907 3227 2131 3270 clauden-

251 3317 259 3324 ,
326 3282 682 3337 parricidarum
700 3295 899 3334 poenas.
952 3280 1166 3324 Vid.X11.
1239 3285 1351 3323 dum
1388 3295 1622 3325 censuere.
1703 3281 1901 3340 Ryekius
1947 3284 2131 3330 coniicit

271 3342 394 3387 tabb.
446 3338 544 3397 Qui
565 3343 813 3390 parentem
848 3339 1055 3380 nee-assit
1084 3355 1165 3381 ca-
1237 3347 1313 3381 aut
1330 3355 1433 3380 cum
1451 3355 1544 3382 esse
1560 3338 1872 3394 recipiendum
1889 3349 1964 3384 aut
1981 3342 2129 3400 legen-

270 3407 355 3455 ραι
390 3396 609 3439 obnubito
647 3399 863 3451 culeoque
900 3397 1079 3439 insutus
1117 3397 1166 3438 in
1237 3395 1370 3438 dum:
1419 3396 1558 3438 Gallo
1577 3398 1745 3439 Asinio
1777 3427 1789 3440 .
1818 3429 1830 3442 .
1859 3429 1869 3441 .
1901 3407 2129 3443 censente.

270 3454 583 3512 profluentem
607 3454 844 3506 mergitor.
899 3453 958 3496 cf.
973 3452 1164 3512 Ruperti
1294 3453 1536 3509 ibaturque
1559 3484 1624 3499 ...
1651 3456 1706 3497 ni
1725 3486 1764 3498 ..
1834 3453 1905 3499 Cf.
1937 3463 2038 3499 not.
2073 3457 2129 3500 ad

274 3514 330 3559 ad
353 3514 510 3560 luten,
532 3510 573 3563 8,
591 3508 690 3554 213.
716 3518 760 3553 et
784 3511 860 3567 qui
882 3510 944 3554 ibi
971 3510 1163 3556 laudan-
1238 3511 1277 3561 1,
1297 3510 1352 3555 23
1375 3520 1418 3556 et
1437 3510 1508 3554 35.
