2222 4030
253 146 390 208 —350

875 137 879 139 ¹
927 147 1445 217 ANNALIUM

1809 160 1932 243 228:
1950 164 2036 245 ⁷22:

265 281 557 346 ctaculum
585 279 961 352 glatiatorum
981 284 1335 354 celebraret,
1377 306 1572 364 neque
1599 291 2123 376 fundamentaper

261 367 519 424 solidum
557 365 825 424 subdidit
857 387 1050 445 neque
1083 370 1267 425 firmis
1305 372 1555 430 nexibus
1587 375 1844 449 ligneam
1884 403 2122 460 comp&

259 472 392 527 gem
428 451 844 524 superstruxit,
897 464 966 510 ut
997 454 1100 530 qui
1135 474 1259 509 non
1293 456 1658 516 abundantia
1694 467 1979 537 pecuniae
2011 490 2119 529 nec

255 535 607 610 municipali
632 535 983 607 ambitione,
1027 539 1129 593 sed
1154 538 1220 593 in
1243 541 1544 599 sordidam
1566 551 1895 607 mercedem
1923 554 1985 610 id
2011 575 2115 612 ne-

253 621 478 695 gotium
501 620 894 696 quaesivisset.
979 617 1298 680 Adfluxere
1325 628 1485 684 avidi
1508 631 1718 688 talium
1745 634 2119 711 imperitante

257 705 504 764 Tiberio
546 706 754 780 procul
786 707 1190 781 voluptatibus
1225 705 1443 782 habiti,
1504 715 1676 774 virile
1718 739 1784 776 ac
1827 725 2118 783 muliebre

255 811 419 848 secus
443 791 843 861 omnis'aetaffi
885 792 963 847 Ob
984 793 1486 871 propinquitatem
1507 799 1624 857 loci
1646 804 1910 864 effusius:
1954 810 2116 868 unde

253 876 491 951 gravior
518 876 696 952 pestis
727 877 868 944 fuit,
913 877 1175 935 conferta
1205 882 1395 951 mole,
1439 885 1579 940 dein
1615 890 1926 963 convulsa,
1969 897 2113 952 dum

248 963 370 1020 ruit
393 962 554 1019 intus
577 974 679 1019 aut
704 962 767 1016 in
791 960 1075 1017 exteriora
1100 964 1454 1038 effunditur,
1494 969 1960 1053 immensamque
1988 981 2114 1037 vim

247 1047 607 1116 mortalium,
635 1046 984 1121 spectacul0,
1008 1047 1269 1108 intentos
1290 1064 1390 1109 aut
1410 1053 1514 1131 qui
1537 1056 1761 1115 circum
1785 1062 2113 1136 adstabant,

245 1153 521 1210 praeceps
545 1128 726 1190 trahit
749 1142 922 1208 atque
943 1134 1153 1207 operit.

242 1350 411 1397 nestius
434 1350 616 1395 coniicit
638 1348 748 1394 haec
767 1351 907 1394 verba
931 1357 1133 1409 transpo-

240 1410 390 1455 nenda
415 1424 506 1452 esse
538 1415 670 1464 atque
703 1408 890 1466 legenda
921 1416 1021 1467 post
1047 1424 1132 1463 ge-

238 1469 378 1512 neris·-
438 1465 588 1517 „Nam
611 1464 646 1506 si
675 1473 815 1517 stant,
845 1465 1016 1524 inquit,
1047 1483 1130 1512 suo

237 1525 368 1576 loco,
393 1520 766 1582 amphitheatrum
792 1539 887 1566 non
910 1522 964 1566 ab
988 1523 1129 1568 Atilio

234 1583 490 1626 institutum
524 1588 612 1631 est,
652 1580 728 1624 sed
750 1581 804 1624 ab
829 1580 973 1624 alio.‘⁸
1039 1582 1131 1626 Sed

234 1640 407 1684 nullam
438 1637 533 1682 eius
555 1637 618 1680 rei
644 1638 954 1682 necessitatem
976 1639 1127 1684 video,

234 1697 403 1741 Eadem
424 1695 556 1754 plane
580 1695 824 1738 verborum
846 1695 963 1740 inter
992 1713 1038 1739 se
1062 1714 1129 1740 ra-

232 1756 296 1799 tio
339 1761 427 1806 est,
475 1754 570 1798 sive
611 1768 693 1795 suo
739 1751 843 1796 loco
881 1762 1000 1798 stent
1033 1754 1130 1799 sive

230 1822 496 1870 transponas
530 1826 636 1855 cum
669 1809 894 1854 Ernestio.
964 1811 1129 1871 Incipit

149 1863 154 1875 s
230 1878 380 1916 autem
435 1867 601 1912 Noster
660 1868 714 1911 ab
769 1871 1128 1923 amphitheatro,

229 1943 325 1972 non
348 1929 402 1971 ab
412 1927 588 1975 Atilio,
609 1925 826 1983 quoniam
851 1926 899 1968 in
921 1927 993 1971 illa
1018 1943 1127 1972 voce

229 1993 436 2030 versatur
505 1983 643 2028 totius
706 1984 977 2028 narrationis
1039 1986 1125 2030 vis.

226 2043 347 2087 Tum
373 2043 721 2097 amphitheatro
742 2042 904 2101 pendet
933 2059 956 2086 e
985 2045 1126 2087 verbo

224 2101 429 2146 subdidit
479 2101 704 2157 tertioque
753 2115 858 2143 casu
899 2100 1123 2159 accipien-

227 2159 337 2204 dum
371 2166 451 2206 est.
513 2156 723 2199 Ceterum
760 2173 888 2200 more
920 2174 1002 2201 suo
1037 2158 1122 2201 Ta-

227 2216 343 2261 citus
386 2215 536 2260 locum
575 2214 622 2256 in
654 2215 835 2259 brevius
877 2216 1123 2268 contraxit;

224 2272 400 2333 plenius
425 2271 620 2315 dixisset:
665 2274 793 2314 Num
818 2275 1120 2327 amphithea-

224 2340 299 2376 tro
314 2365 326 2382 ,
354 2333 478 2387 quod
499 2332 627 2381 apud
654 2328 704 2372 F.
722 2329 899 2371 Atilius
924 2332 1120 2386 quidam

224 2389 429 2432 libertini
481 2387 667 2441 generis
726 2395 970 2439 coeperat,
1030 2404 1117 2444 quo

222 2453 420 2503 spectac.
441 2446 504 2498 gl.
529 2446 784 2487 celebraret
805 2451 892 2488 etc.

274 2506 323 2548 in
363 2505 606 2546 sordidam
650 2505 932 2545 mercedem.
1014 2501 1122 2547 Non

219 2557 415 2605 dubitavi
431 2560 635 2618 recipere
647 2558 871 2602 Pichenae
892 2559 1122 2604 coniectu·

216 2636 314 2664 ram
335 2617 569 2668 Emesfio,
602 2616 834 2668 Broterio,
864 2615 1118 2676 Wopken-

217 2677 285 2721 sio
321 2676 508 2734 aliisque
542 2675 795 2732 probatam.
866 2674 980 2718 Nam
1012 2675 1119 2720 lice:

139 2760 141 2763 v
217 2733 449 2793 vulgatam
478 2733 777 2790 scripturam:
830 2732 878 2775 in
921 2736 1118 2776 sordida

215 2794 428 2835 mercede
493 2790 833 2848 quodammodo
893 2790 1117 2848 explicare

216 2849 361 2918 possis
401 2865 449 2892 ex
484 2863 567 2891 usu
600 2846 910 2899 Graecorum,
953 2847 1029 2906 qui
1066 2849 1117 2893 ἐν

215 2915 275 2955 ita
339 2915 483 2950 onunt
514 2914 561 2948 ut
594 2904 845 2963 significet,
879 2907 1115 2962 quomodo

216 2963 293 3022 qui
348 2963 518 3007 factum
542 2962 623 3014 sit3
646 2963 828 3006 maioris
849 2971 997 3006 tamen
1021 2981 1117 3007 rno-

213 3021 355 3065 menti
389 3037 481 3064 esse
514 3020 727 3065 videntur
760 3021 960 3078 exempla
997 3023 1115 3079 apud

213 3079 435 3124 Nostrum
457 3077 659 3135 aliosque
679 3077 828 3130 obvia,
855 3077 962 3122 infr.
984 3081 1051 3129 11,
1067 3080 1111 3123 6.

218 3135 398 3194 Quodsi
414 3136 464 3177 in
487 3137 665 3178 nullius
689 3139 948 3178 mercedem
975 3151 1110 3191 nego·

213 3195 284 3238 tia
309 3199 558 3244 meantum
598 3192 755 3236 Germ.
783 3209 823 3237 c.
845 3195 916 3237 24.
944 3209 1044 3236 non
1063 3196 1115 3236 in

244 3258 461 3294 uaestum
496 3257 656 3292 lamen
697 3258 784 3293 aut
818 3255 1109 3303 mercedem3

250 3309 310 3354 iv.
334 3308 407 3357 21,
431 3306 504 3351 43.
536 3307 746 3350 Invtzanc
778 3316 879 3350 tam
902 3310 1112 3363 opimum

209 3369 472 3415 mercedem
486 3399 499 3417 ,
536 3364 692 3418 agite,
729 3381 835 3408 cum
874 3368 966 3410 diis
994 3369 1109 3410 bene

210 3424 481 3466 iuvantibus
523 3436 666 3466 arma
704 3426 867 3478 capite.
937 3423 1108 3483 Lapsus

208 3476 354 3526 facilis
391 3481 507 3530 fuit,
561 3480 726 3524 omissa
767 3480 929 3526 lineola
972 3498 1106 3540 super

1240 1149 1295 1194 et
1331 1139 1424 1194 illi
1458 1141 1726 1217 quidem,
1770 1167 1918 1223 quos
1941 1150 2111 1225 prin-

1208 1353 1367 1399 litteris
1401 1356 1609 1412 finalibus
1639 1377 1671 1404 α
1701 1370 1744 1406 et
1769 1378 1808 1407 e.
1852 1364 1909 1408 cf.
1932 1375 2028 1410 not.
2050 1368 2106 1412 ad

1203 1412 1397 1516 {idib-mi,
1434 1417 1503 1461 12.
1549 1419 1634 1462 sub
1673 1436 1744 1465 vv.
1789 1422 1841 1464 in
1882 1424 1936 1467 T.
1971 1426 2109 1469 Vinii

1260 1557 1394 1600 virile
1430 1573 1486 1601 ac
1524 1561 1750 1605 muliebre
1781 1577 1916 1606 secus
1947 1568 2102 1610 omnis

1201 1620 1351 1657 aetas.
1409 1614 1487 1659 Sic
1506 1616 1609 1662 cod.
1632 1618 1734 1662 MS.
1762 1619 1862 1664 edd.
1884 1621 1970 1666 Iac.
1987 1623 2103 1667 Gro-

1201 1687 1311 1716 nov.
1336 1672 1515 1717 Ernest.
1539 1691 1640 1735 sqq.
1700 1675 1932 1723 Bekkerus
1954 1681 2100 1739 virgu-

1199 1727 1290 1772 lam
1321 1731 1472 1791 posuit
1503 1742 1606 1790 post
1637 1749 1795 1784 secus,
1834 1752 1968 1793 quam
2003 1755 2099 1784 non

1199 1785 1364 1830 habent
1386 1789 1585 1847 priores,
1616 1799 1658 1834 et
1679 1792 1722 1835 bi
1743 1794 1925 1839 rectius.
1983 1795 2100 1841 Nam

1199 1844 1314 1888 solet
1332 1845 1379 1888 in
1401 1845 1485 1890 hae
1503 1846 1698 1893 formula
1720 1852 1994 1898 accusativus
2018 1856 2099 1910 (vi-

1197 1904 1284 1945 rile
1311 1919 1366 1946 ac
1390 1905 1616 1949 muliebre
1645 1910 1794 1964 secus)
1825 1910 1935 1967 poni
1969 1928 2098 1958 more

1201 1958 1498 2006 Graecorum.
1533 1963 1593 2008 ef.
1616 1964 1803 2009 Sueton.
1833 1966 1939 2012 Oct.
1965 1969 2099 2015 c.'44.

1197 2019 1505 2062 Athletarum
1548 2036 1660 2064 vero
1690 2028 1954 2077 spectaculo
1986 2026 2095 2070 mu'-

1198 2078 1339 2119 liebre
1367 2092 1501 2120 secus
1532 2095 1700 2123 omnes
1732 2086 1852 2124 adeo
1882 2098 2094 2128 summo-

1196 2133 1283 2185 vit,
1324 2142 1374 2176 ut
1410 2144 1495 2179 etc.
1539 2137 1568 2179 i.
1606 2154 1642 2181 e.
1682 2153 1840 2182 omnes
1875 2142 1929 2184 ad
1964 2159 2025 2186 m.
2059 2160 2096 2189 s.

1194 2192 1487 2250 pertinentes.
1550 2194 1645 2238 Liv.
1658 2196 1727 2244 26,
1738 2196 1808 2239 47.
1834 2198 2096 2244 liberorum

1193 2251 1403 2304 capilum
1424 2253 1556 2295 virile
1574 2267 1703 2296 secus
1724 2257 1789 2296 od
1812 2259 1970 2300 decem
1990 2260 2092 2300 mil·

1190 2309 1259 2349 lia
1286 2316 1441 2364 capta.
1502 2309 1611 2354 Tae.
1636 2310 1749 2354 Hist.
1772 2314 1811 2364 5,
1834 2312 1901 2357 13.
1936 2317 2093 2358 multi·

1192 2366 1403 2408 tudinem
1436 2369 1735 2411 obsessorum
1766 2373 1919 2416 omnis
1951 2381 2091 2416 aeta-

1196 2423 1260 2464 tis
1294 2424 1430 2467 virile
1462 2442 1518 2469 ac
1555 2427 1780 2470 muliebre
1808 2444 1940 2472 secus
1975 2445 2093 2474 sex-

1194 2487 1332 2522 centa
1352 2483 1502 2524 millia
1509 2482 1668 2538 fin'sse
1687 2489 1963 2541 accepimus.
2006 2487 2090 2532 Be·

1193 2536 1376 2581 roaldus
1407 2539 1564 2583 vitiose
1592 2540 1817 2585 ediderat:
1857 2545 2006 2588 virilis
2034 2563 2090 2590 ae

1192 2596 1432 2639 muliebris
1483 2612 1651 2646 sexus,
1722 2601 1882 2643 omnis
1937 2612 2086 2647 aetas.

1190 2651 1387 2697 Pichena
1411 2663 1458 2696 ut
1481 2672 1504 2698 e
1531 2655 1632 2698 eod.
1654 2654 1758 2699 MS.
1782 2657 1929 2702 dedit:
1959 2661 2092 2704 virile

1190 2727 1246 2753 ac
1277 2711 1503 2755 muliebre
1536 2727 1705 2769 sexus·‚
1749 2729 1860 2772 quae
1883 2731 2090 2763 mansere

1188 2767 1244 2812 ad
1282 2769 1313 2811 Ι.
1352 2767 1667 2818 Gronovium‚
1721 2772 1780 2814 ita
1815 2779 1990 2827 tamen,
2039 2784 2089 2819 ut

1188 2825 1263 2868 alii
1284 2826 1509 2884 virgulam
1534 2829 1766 2886 posuerint
1794 2840 1898 2885 post
1927 2837 2086 2884 sexus,

1189 2882 1263 2925 alii
1299 2884 1548 2928 omiserint.
1616 2885 1872 2943 Elegantius
1906 2896 1948 2931 et
1984 2906 2085 2934 cer-

1187 2940 1316 2983 tioris
1342 2941 1568 2986 latinitatis
1580 2941 1883 3001 Wopkensio
1908 2947 2086 2992 videtur

1184 3013 1344 3042 Sexus.
1402 2999 1508 3043 Non
1531 3000 1664 3045 video
1687 3018 1778 3060 quo
1801 3003 1922 3055 iure,
1945 3021 2082 3063 quum

1186 3055 1381 3099 dubitari
1409 3067 1624 3115 nequeat,
1654 3073 1783 3101 secus
1808 3062 2083 3106 vocabulum

1185 3130 1276 3156 esse
1317 3113 1520 3159 latinum.
1597 3115 1711 3158 Mox
1751 3117 1936 3171 effusius
1978 3121 2081 3170 edd.

1187 3171 1307 3230 Lips.
1330 3187 1429 3230 sqq.
1461 3174 1628 3228 effusus
1651 3173 1750 3234 edd.
1771 3183 1880 3219 vett.

1235 3269 1464 3311 praeceps
1500 3258 1660 3299 trahit.
1728 3256 1807 3302 Sic
1843 3261 1944 3304 cod.
1973 3261 2077 3306 MS.

1184 3321 1293 3356 vett.
1329 3313 1428 3356 edd.
1496 3315 1673 3358 Deinde
1703 3315 1887 3373 quidam
1925 3319 2079 3363 edide-

1181 3377 1283 3412 rant
1315 3371 1364 3412 in
1390 3386 1616 3426 praeceps
1629 3402 1647 3419 ,-
1683 3372 1748 3416 uti
1778 3383 1843 3417 est
1879 3374 1926 3418 in
1956 3376 2076 3434 Lips.

1181 3427 1426 3484 prioribus.
1487 3429 1684 3472 Piehena
1720 3439 1844 3474 vetus
1869 3433 2077 3478 restituit.

1180 3484 1240 3528 cf.
1267 3485 1310 3534 6,
1343 3484 1412 3530 1⁷.
