2222 4030
252 156 378 218 368

935 117 1440 230 ANNALiuM

1803 153 1842 189 A
1870 154 1924 191 U.
1942 155 2026 191 782.

1802 199 1856 234 A.
1876 198 1924 249 c.
1962 200 2024 237 29.

248 303 456 364 gerens
478 280 859 351 circumsistit
893 282 1116 354 curiam
1143 283 1421 360 festisque
1458 283 1524 340 in
1549 281 1859 355 Caesarem
1893 292 2113 347 omini—

249 377 363 437 bus
389 370 564 427 falsas
601 367 823 434 litteras
858 377 916 424 et
946 369 1212 444 principe
1251 368 1440 426 invito
1475 369 1721 441 exitium
1751 373 1959 431 domui
1988 378 2112 434 eius

251 453 487 518 intendi
521 452 798 512 clamitat.
830 517 833 520 ,
883 451 967 511 ita
998 450 1154 509 nihil
1181 453 1345 511 triste
1374 454 1479 511 illo
1495 454 1607 522 ,die
1633 467 1948 531 patratum.
2022 463 2111 519 fe-

250 545 537 609 rebantur
592 537 776 594 e'tiam'
821 538 931 595 sub
982 537 1326 601 nominibus
1383 540 1783 598 Consularium
1827 544 1991 602 fictae
2046 547 2113 602 in

251 628 535 688 Seianum
581 622 933 694 sententiae,
988 623 1391 693 exercentibus
1436 626 1733 703 plerisque
1772 648 1878 703 per
1913 632 2112 689 occul-

250 727 381 772 tum
426 721 715 786 atqueeo
755 707 1056 785 procacius
1101 708 1416 766 libidinem
1459 712 1853 786 ingeniorum.

1953 718 2113 773 unde

251 799 346 856 illi
368 798 456 854 ira
479 793 798 865 violentior
829 804 883 849 et
908 793 1179 851 materies
1215 795 1598 854 criminandi:
1643 810 1904 873 spretum
1940 801 2113 859 dolo-

253 1028 374 1071 tium
406 1024 716 1081 poenitentiae
765 1022 915 1069 senis,
980 1036 1145 1065 resur-

250 1099 376 1144 gere.
434 1080 657 1130 Crollius:
691 1080 832 1122 verti.-
846 1093 988 1133 posse
1000 1094 1144 1136 quon-

252 1146 404 1199 doque
443 1137 742 1182 Germanicis
783 1137 937 1179 locum
977 1138 1143 1191 poeni-

254 1201 429 1244 tentiae
466 1196 592 1240 senis
639 1195 789 1236 reddi.
872 1193 1055 1236 Etenim
1095 1194 1144 1237 in

251 1257 358 1303 edd.
394 1252 606 1298 Beroald-
650 1259 693 1294 et
725 1250 888 1295 Alciat.
932 1251 1143 1295 lacunam

249 1313 423 1360 invenis
437 1318 537 1370 post
551 1307 823 1352 vocabulum
844 1310 984 1360 senis,
1006 1326 1143 1367 quam

249 1371 322 1416 illi
361 1385 443 1415 suo
482 1367 622 1410 modo
661 1366 840 1424 explent
878 1382 959 1425 per
997 1367 1144 1416 reddi,

248 1441 504 1484 resurgere.
582 1422 949 1468 Woltmannus:
990 1441 1144 1482 quan-

251 1491 400 1544 doque
429 1482 700 1527 Germanici
726 1496 823 1524 esse
837 1481 1143 1537 filz'umpoe-

251 1543 492 1588 nitentz'ae
534 1539 674 1583 senis,
760 1538 896 1583 Prius
961 1555 1145 1598 expres-

251 1610 368 1646 serat
391 1600 524 1643 haee:
557 1597 698 1640 verti:
718 1611 856 1652 posse
877 1613 919 1654 q.
936 1597 1145 1640 Germa-

251 1658 429 1703 manici
451 1655 614 1712 filium
647 1655 968 1710 poenitentiae
1001 1657 1147 1699 senis.

248 1716 472 1761 Hillerus:
537 1715 817 1768 quandoque
871 1712 1150 1755 Germanici

249 1781 488 1819 lucturam
506 1770 848 1826 poenitenciam
870 1785 1031 1813 senem
1058 1770 1147 1826 (vel

248 1832 515 1878 subituram
526 1843 574 1883 p.
589 1829 726 1883 seni).
780 1826 1004 1871 Ricklefs=
1033 1831 1147 1870 dan·

248 1896 454 1944 dumque
487 1887 535 1928 in
574 1885 850 1928 Germanici
874 1888 1006 1942 prole
1037 1901 1145 1941 spa-

251 1950 374 1992 tium
405 1944 723 2001 poenitentiae
757 1943 896 1986 senis.
966 1943 1148 2001 Ruper-

249 2007 364 2049 tius:
401 2016 541 2058 posse
573 2004 852 2057 quandoque
879 2000 1157 2044 Germanici

251 2063 451 2107 exitium
507 2059 825 2114 poenitentiae
884 2060 988 2102 seni
1037 2073 1147 2102 esse.

250 2118 422 2176 Recepi
451 2116 500 2159 in
533 2115 709 2167 locum,
753 2116 862 2173 quia
892 2116 1002 2160 haec
1066 2132 1146 2159 ro-

250 2177 368 2221 xime
390 2172 611 2218 accedunt
635 2172 691 2216 ad
716 2173 903 2232 vestigia
927 2174 1028 2218 cod.
1077 2173 1147 2217 IS.

251 2248 442 2290 eamque
464 2230 731 2273 sententiam
745 2231 1012 2289 exprimunt,
1036 2247 1149 2290 quae

251 2291 358 2338 satis
392 2287 632 2334 conveniat
654 2286 774 2332 loeo.
833 2287 972 2331 Posui
997 2297 1149 2333 tamen

251 2363 354 2396 esse
380 2345 483 2391 seni
491 2362 506 2397 ,·
543 2360 653 2389 nam
686 2345 805 2388 inter
835 2346 1150 2398 poenitentiae

252 2415 298 2450 et
324 2405 432 2450 seni
451 2397 655 2448 'verbum
687 2416 787 2445 esse
817 2400 1032 2446 facillime
1060 2419 1148 2461 po—

249 2462 336 2508 tuit
376 2458 626 2504 absorberi.
690 2459 858 2502 Littera
886 2474 911 2502 s
936 2459 983 2503 in
1011 2461 1150 2511 senis,

251 2519 376 2579 quod
405 2517 538 2561 habet
565 2515 669 2559 cod.
692 2516 820 2568 MS„
854 2516 1029 2560 videtur
1065 2517 1146 2560 ad-

250 2576 443 2623 haesisse
465 2591 490 2618 e
519 2574 721 2631 sequenti
744 2573 966 2617 vocabulo
991 2576 1148 2617 simul.

253 2632 551 2679 Germanicis
593 2632 749 2673 titium
790 2630 1030 2688 inrepsisse
1066 2647 1149 2690 pro

253 2690 531 2737 Germanici
575 2689 774 2732 exicium
817 2687 936 2732 haud
981 2697 1150 2732 tenuere

251 2748 526 2800 coniiciunt3
570 2762 675 2788 nam
715 2753 736 2787 t
769 2753 813 2788 et
843 2761 883 2789 x
902 2747 1077 2805 saepius
1099 2746 1148 2788 in

248 2805 389 2851 MSS.
441 2803 804 2850 confunduntur.
891 2801 1147 2848 Sententia:

250 2863 460 2907 brevibus
476 2862 722 2904 momentis
735 2876 928 2903 summa
941 2862 1073 2914 verti,
1100 2861 1111 2902 i
1117 2877 1147 2904 n

250 2920 514 2964 universum
556 2918 677 2966 valet
720 2918 969 2976 nititurque
1013 2921 1148 2962 rebus

251 2978 394 3022 factis.
469 2976 592 3020 Haec
627 2975 689 3019 ita
718 2974 817 3018 fieri
848 2976 1023 3019 disserit
1057 2975 1148 3025 ille,

251 3051 348 3079 non
373 3033 470 3077 fieri
492 3049 637 3092 posse.
714 3032 802 3076 Sed
825 3033 1012 3077 coniicit
1043 3033 1150 3076 inde

250 3093 337 3138 tale
363 3091 472 3150 quid
497 3090 630 3132 etiam
654 3090 698 3134 in
724 3105 792 3142 eo,
819 3090 894 3148 qui
920 3100 1017 3134 tum
1043 3100 1149 3143 erat,

250 3165 404 3194 rerum
431 3157 543 3191 statu
569 3147 665 3189 fieri
691 3163 838 3206 posse.
900 3147 967 3191 Ne
1004 3164 1058 3191 ue
1079 3156 1146 3191 ta-

251 3224 357 3251 men
397 3205 532 3249 iubeo
573 3220 658 3261 pro
694 3204 828 3249 unice
858 3164 1148 3251 veraqhaberi

250 3265 367 3309 hanc
397 3260 720 3307 coniecturam.
798 3262 957 3306 Potior
990 3263 1149 3306 saltem

253 3331 296 3364 et
326 3336 431 3379 prae
473 3318 631 3365 ceteris
674 3317 909 3377 deligenda
946 3336 1040 3363 esse
1075 3320 1140 3364 vi-

253 3379 455 3422 debatur.
523 3375 723 3427 Lacuna,
759 3392 890 3432 quain
912 3385 1019 3422 vett.
1046 3375 1148 3420 libri

252 3436 415 3478 habent
439 3441 537 3493 post
557 3433 696 3483 senis,
727 3443 871 3490 potest
897 3434 1037 3492 accipi
1063 3451 1148 3492 pro

256 3493 456 3550 simplice
499 3489 782 3548 corruptelae
816 3500 947 3541 nota,
1002 3507 1148 3550 neque

1217 1024 1364 1076 iubet,
1416 1034 1466 1069 ut
1507 1041 1605 1069 eam
1647 1025 1790 1085 ipsam
1842 1028 2112 1087 expleamus.

1218 1081 1671 1136 QuaeHerrmannus
1692 1101 1838 1144 nuper
1852 1087 2110 1144 proposuit:

1216 1141 1431 1183 brevibus
1463 1157 1527 1184 m.
1560 1155 1598 1184 s.
1631 1158 1672 1184 υ.
1698 1158 1858 1197 posse,
1899 1148 2110 1200 quando-

1215 1212 1302 1253 que
1332 1221 1391 1230 —
1424 1198 1713 1243 Germanicis
1741 1202 1925 1244 initium
1951 1203 2115 1256 poeni-

1215 1254 1390 1298 tentiae
1418 1258 1543 1300 sem's
1570 1260 1653 1311 (sc.
1678 1262 1959 1315 quandoque
1987 1277 2113 1304 suni-

1216 1328 1291 1355 ma
1328 1320 1638 1366 verterentur,
1672 1315 1991 1366 Germanicis,
2025 1318 2110 1361 do-

1216 1369 1312 1413 mui
1333 1387 1368 1413 s.
1393 1369 1546 1415 liberis
1563 1370 1619 1415 G.
1641 1372 1832 1415 initium
1856 1374 1957 1418 fore
1977 1391 2113 1430 poen.

1215 1430 1354 1486 senis)
1378 1428 1536 1472 Tacito
1559 1429 1740 1490 indigna
1761 1439 1883 1475 sunt.

1261 1511 1489 1569 festisque
1510 1513 1560 1556 in
1585 1512 1840 1557 Caesarem
1864 1516 2111 1560 ominibus.

1219 1568 1345 1613 Alibi
1369 1569 1656 1626 suntfausta
1679 1573 1855 1615 omina.
1904 1572 1962 1616 cf.
1988 1572 2112 1617 Suet.

1219 1626 1326 1672 Oct.
1351 1643 1390 1671 c.
1407 1627 1462 1669 57
1475 1635 1516 1670 et
1538 1628 1608 1672 98.
1647 1627 1743 1672 Cal.
1769 1646 1807 1673 c.
1833 1629 1898 1673 13.
1955 1628 2114 1674 Claud.

1219 1701 1261 1730 c.
1284 1685 1356 1728 27.
1414 1684 1581 1728 Noster
1612 1703 1734 1745 supr.
1770 1691 1808 1739 1,
1826 1688 1898 1731 35.
1959 1687 2115 1744 Quare

1219 1751 1262 1786 et
1285 1741 1359 1786 hic
1380 1743 1868 1800 corrigebantfoustis.
1919 1745 2111 1789 ef.Bur-

1218 1815 1375 1843 mann.
1400 1809 1444 1844 et
1465 1799 1676 1844 Heinsius
1698 1801 1752 1845 ad
1774 1801 1911 1847 Ovid.
1927 1804 2115 1848 Metam.

1219 1858 1260 1910 6,
1284 1857 1385 1901 448.
1422 1866 1465 1901 et
1496 1858 1728 1902 Ernestius
1753 1860 1807 1902 ad
1825 1860 1867 1903 h.
1890 1861 1919 1904 l.
1982 1862 2116 1905 Atta-

1219 1931 1326 1958 men
1371 1916 1532 1958 omina
1571 1915 1618 1959 in
1660 1916 1735 1959 tali
1775 1927 1985 1962 contextu
2022 1935 2115 1962 non

1220 1973 1370 2017 stricte
1401 1972 1694 2030 intelligenda
1726 1984 1830 2019 sunt
1853 1975 1907 2019 de
1931 1977 2115 2020 vocibus

1219 2030 1371 2074 futura
1399 2046 1552 2088 praesa
1588 2031 1803 2084 ientibus,
1834 2033 1983 2077 sedin
2009 2034 2114 2077 uni-

1218 2103 1399 2131 versum
1445 2087 1502 2131 de
1543 2047 1675 2131 dictis
1718 2089 1963 2147 factisque,
2015 2091 2116 2149 quis

1220 2145 1469 2190 dicentium
1488 2144 1841 2205 facientiumque
1867 2148 2044 2191 animus
2068 2149 2117 2192 in

1221 2203 1418 2262 aliquem
1451 2203 1760 2261 cognoscitur.
1830 2205 1891 2248 cf.
1922 2205 2037 2250 Hist.
2075 2207 2117 2259 4,

1219 2258 1292 2304 49.
1355 2259 1464 2316 Quo
1492 2277 1622 2303 sensu
1654 2266 1815 2303 omina
1835 2262 1956 2306 haud
1983 2263 2119 2308 dubie

1222 2318 1449 2377 epitheton
1486 2317 1623 2374 festa
1666 2318 1926 2363 admittunt.
2002 2320 2116 2364 Nam

1209 2377 1371 2432 festus
1393 2377 1458 2419 est
1483 2392 1790 2435 synonymum
1820 2378 1919 2421 voci
1951 2380 2116 2424 laetus.

1221 2431 1282 2475 cf.
1298 2433 1412 2476 Ilist.
1440 2434 1480 2481 5,
1503 2433 1544 2475 5.
1557 2433 1716 2488 festos
1733 2437 1969 2490 laetosque
1986 2438 2116 2480 ritus.

1219 2489 1295 2532 Sic
1299 2491 1460 2546 festae
1479 2504 1615 2532 voces
1633 2492 1699 2542 12,
1710 2491 1782 2534 69.
1803 2491 1928 2546 festi
1945 2496 2117 2536 clamo-

1217 2561 1294 2589 res
1315 2546 1432 2590 Plin.
1455 2563 1555 2604 epp.
1578 2548 1620 2598 2,
1647 2548 1712 2591 17.
1761 2549 1887 2604 fisci
1904 2551 2118 2593 ululatus

1220 2603 1359 2650 Ovid.
1386 2605 1575 2648 Metam.
1598 2604 1638 2654 3,
1659 2605 1758 2648 528.

1265 2673 1568 2730 ferebantur.
1661 2675 1737 2718 Sc.
1795 2692 1876 2733 per
1928 2677 2115 2723 famam.

1220 2733 1548 2775 consularium
1576 2747 1639 2775 sc.
1670 2742 1949 2778 senatorum.

1278 2804 1520 2845 libidinem
1552 2803 1861 2857 ingeniorum.
1930 2804 1987 2848 cf.
2021 2813 2117 2850 not.

1219 2861 1275 2906 ad
1312 2863 1351 2911 1,
1375 2860 1447 2904 72.
1508 2858 1763 2904 Sententia:
1806 2861 2024 2907 Homines
2059 2864 2116 2907 de

1220 2919 1354 2961 rebus
1384 2917 1463 2961 illo
1498 2918 1567 2960 die
1592 2918 1640 2961 in
1668 2928 1822 2962 senatu
1856 2918 1966 2963 actis
1998 2935 2113 2964 con-

1220 2975 1470 3019 fabulantes
1495 2974 1720 3033 fingebant
1743 2977 1865 3020 hunc
1891 2975 1961 3019 vel
1986 2977 2116 3021 illum

1222 3033 1505 3076 consularem
1529 3034 1651 3087 (nam
1674 3032 1721 3075 in
1746 3050 1799 3077 eo
1824 3034 1998 3077 summa
2021 3044 2116 3078 erat

1221 3088 1398 3133 fabulae
1429 3089 1517 3140 vis,
1557 3089 1679 3148 quod
1716 3091 1975 3135 consulares
2013 3092 2115 3135 talia

1222 3147 1516 3202 censuissent)
1547 3146 1664 3190 hanc
1697 3147 1764 3190 vel
1786 3148 1906 3191 illam
1930 3157 2112 3192 senten-

1219 3205 1330 3247 tiam
1393 3205 1605 3249 adversus
1664 3203 1878 3247 Seianum
1942 3206 2113 3250 dixisse.

1221 3262 1331 3305 Mox
1367 3262 1472 3305 edd.
1496 3262 1598 3304 Ber.
1630 3262 1730 3305 Alc.
1765 3261 1968 3306 Rhenan.
2005 3264 2112 3307 Ald.

1223 3335 1320 3377 sqq.
1357 3319 1473 3361 male
1508 3318 1860 3376 interpungunt:
1899 3329 2114 3375 spretum

1221 3381 1268 3419 d.
1290 3377 1544 3430 princzpis,
1588 3379 1646 3417 ab
1677 3385 1846 3420 senatu
1874 3381 1992 3421 desc.
2022 3395 2113 3434 po-

1217 3438 1401 3488 pulum.
1485 3433 1691 3477 RIelioris
1730 3434 1916 3477 rationis
1954 3444 2112 3479 auctor

1224 3500 1287 3534 est
1314 3490 1502 3549 Lipsius.
