2222 4030
1813 206 1865 242 A.
1877 209 1931 244 U.
1946 209 2029 247 768.

1812 251 1943 315 A⁰‹⁴C'‘
1967 255 2028 290 15.

260 217 342 275 98
922 207 1436 270 ANNALIUM

261 343 463 420 aequis
491 341 636 398 locis
662 360 879 418 aequos
904 342 1062 400 deos‚
1147 339 1324 396 Hosti
1354 338 1526 394 facile
1565 338 1859 397 excidium
1886 356 2115 420 etpau-

265 449 363 487 cos
411 447 479 484 ac
528 446 844 483 semermos
888 425 1167 499 cogitanti
1208 443 1386 480 sonus
1422 423 1730 493 tubarum,
1781 426 1977 500 fulgor
2019 451 2117 488 ar,-

263 533 528 582 morum,
598 522 817 588 quanto
866 511 1141 586 inopina,
1210 519 1375 565 tanto
1428 508 1652 565 maiora
1695 509 2112 572 offunduntur:

265 599 694 673 cadebantque,
735 606 804 653 ut
843 597 1018 652 rebus
1059 594 1331 650 secundis
1370 593 1558 661 avidi,
1603 594 1685 649 ita
1724 596 1981 653 adversis
2020 600 2115 655 in—

263 683 434 742 cauti.
520 677 829 738 Arminius
861 681 1111 752 integer,
1156 677 1566 752 Inguiomerus
1602 691 1734 753 post
1773 700 1945 753 grave
1983 685 2118 739 vul—

264 788 377 825 nus
413 785 673 842 pugnam
719 767 1054 822 deseruere:
1113 763 1324 836 vulgus
1364 763 1723 820 trucidatum
1759 778 1871 835 est,
1930 767 2119 823 donec

264 854 354 910 ira
384 863 441 909 et
477 852 601 908 dies
638 850 981 927 permansit.
1064 845 1252 905 Nocte
1280 849 1521 904 demum
1549 869 1814 905 reversae
1842 845 2119 925 legiones,

264 936 531 1015 quamvis
567 937 702 1012 plus
738 935 1086 1002 vulnerum,
1158 933 1362 989 eadem
1406 932 1686 990 ciborum>
1728 948 1944 1007 egestas
1979 938 2119 994 fati-

264 1033 456 1097 garet,
506 1022 660 1092 vim,
701 1020 1040 1089 sanitatem,
1096 1017 1327 1094 copiaS,
1379 1029 1589 1074 cuncta
1624 1018 1689 1074 in
1727 1020 1972 1079 victoria
2007 1019 2119 1079 'ha-

261 1110 461 1167 buere.

427 1189 645 1250 LXIX.
726 1188 1074 1247 Pervaserat
1125 1188 1366 1246 interim
1411 1190 1797 1248 circumventi
1838 1191 2123 1248 exercitus

261 1280 448 1346 fama,
506 1288 562 1333 et
601 1275 812 1332 infesto
853 1272 1292 1331 Germanorum
1327 1276 1560 1347 agmine
1589 1273 1815 1333 Gallias
1850 1277 2000 1351 peti:
2056 1298 2121 1334 ac

262 1365 328 1419 ni
354 1358 683 1440 Agrippina
711 1361 1055 1436 impositum
1075 1356 1291 1418 Rheno
1329 1373 1572 1434 pontem
1601 1362 1751 1417 solvi
1777 1357 2122 1437 prohibuis—

263 1461 380 1518 set,
420 1458 587 1503 erant
614 1445 719 1523 qui
745 1445 808 1501 id
842 1446 1134 1519 flagitium
1170 1445 1491 1503 formidine
1516 1448 1818 1505 auderent.
1906 1448 2007 1504 sed
2035 1449 2123 1503 fe'-

261 1534 427 1590 mina
457 1532 664 1604 ingens
687 1531 871 1587 animi
895 1531 1102 1587 munia
1131 1530 1296 1587 ducis
1321 1551 1427 1606 per
1454 1552 1551 1588 eos
1583 1532 1707 1588 dies
1737 1532 1962 1601 induit,
2005 1533 2123 1587 mi-

260 1619 610 1693 litibusque,
655 1629 722 1674 ut
749 1616 880 1692 quis
910 1616 1082 1691 inops
1110 1627 1210 1672 aut
1236 1616 1499 1685 sauciuS,
1533 1630 1754 1674 vestem
1781 1628 1837 1674 et
1860 1618 2122 1674 fomenta

261 1702 534 1776 dilargita
578 1713 680 1761 est.
790 1700 1003 1760 Tradit
1041 1699 1107 1760 C.
1147 1699 1412 1771 Plinius,
1458 1699 1953 1759 Germanicorum
1993 1703 2123 1759 bel-

260 1791 457 1845 lorum
495 1788 774 1862 scriptor,
815 1787 1037 1844 stetisse
1076 1787 1234 1861 apud
1260 1786 1622 1862 principium
1646 1789 1874 1863 pontiS,
1916 1789 2123 1845 laudes

263 1886 319 1931 et
348 1884 536 1947 grates
563 1872 813 1929 reversis
839 1873 1173 1945 legionibus
1202 1867 1537 1932 habentem.
1626 1869 1695 1928 Id
1720 1873 1954 1930 Tiberii
1991 1873 2124 1929 ani-

259 1979 426 2015 mum
471 1958 646 2015 altius
683 1958 1036 2032 penetravit:
1095 1977 1219 2014 non
1261 1958 1421 2012 enim
1462 1958 1756 2033 simplices
1802 1977 1895 2014 eas
1938 1978 2123 2027 curaS,

258 2064 367 2098 nec
416 2043 696 2099 adversus
742 2053 1010 2098 externos
1043 2043 1295 2098 militem
1335 2043 1556 2118 quaeri.
1656 2038 1821 2098 nihil'
1849 2043 2121 2099 relictum

258 2126 742 2203 imperatorib‘uS,
783 2128 890 2186 ubi
927 2127 1148 2183 femina
1188 2128 1526 2202 manipulos
1562 2127 1896 2197 intervisat,
1956 2129 2122 2202 signa

261 2214 459 2282 adeat,
521 2212 896 2284 largitionem
944 2224 1156 2280 tentet,
1224 2223 1506 2287 tanquam
1556 2233 1768 2286 parum
1811 2213 2121 2269 ambitiose

260 2299 449 2355 filium
502 2297 668 2353 ducis
718 2297 940 2371 gregali
1001 2293 1210 2355 habitu
1273 2297 1645 2354 circumferat
1696 2296 2121 2376 Caesaremque

315 2519 444 2561 hosti
457 2517 607 2573 facile
640 2516 898 2559 excidium.
979 2515 1154 2575 Lipsius

261 2575 470 2618 coniicit:
510 2576 684 2624 hostis,
726 2582 774 2616 ut
807 2574 867 2617 ita
906 2575 1153 2630 coniungas

258 2632 404 2675 hostis
442 2635 687 2676 excidium.
771 2631 1012 2688 Vulgatum
1055 2647 1152 2673 me-

187 2708 190 2711 ’
260 2689 346 2732 lius
369 2700 446 2734 est.

318 2755 498 2802 quanto
539 2748 752 2801 inopina.
837 2746 936 2788 Vid.
969 2751 1065 2788 not.
1099 2743 1155 2786 ad

262 2821 301 2847 e.
334 2804 403 2848 57.

319 2862 640 2915 offunduntur.
701 2861 927 2904 Edd-Ber.
950 2859 1152 2901 Rhenau.

262 2918 555 2973 Ald.Miey-ll.
570 2920 880 2973 offenduntur.
910 2917 1152 2959 Rhenanus

260 2985 407 3017 tamen
432 2975 478 3017 in
505 2978 714 3034 castigatt.
730 2976 980 3034 suppeditat
1003 2975 1151 3028 offun-

260 3035 447 3082 duntur,
467 3035 586 3088 quod
600 3042 733 3076 exstat
749 3033 906 3075 in‘edd.
921 3031 1038 3087 Lips.
1057 3047 1151 3088 sqq.

299 3093 461 3138 *donec
510 3092 588 3132 ira
644 3098 690 3132 et
737 3093 834 3133 dies
876 3093 1152 3143 permansit.

257 3146 467 3189 Heinsius
519 3148 753 3190 emendat:
812 3151 956 3189 donec
1013 3147 1154 3187 z'ruti‘s

259 3206 358 3248 dies
371 3205 598 3258 permisit.
629 3207 690 3247 At
708 3205 756 3247 in
775 3205 956 3262 vulgata
979 3219 1065 3246 scr.
1084 3201 1149 3244 nil

260 3269 347 3311 est,
364 3261 502 3318 <quod
523 3261 724 3304 sobrium
747 3255 987 3305 hominem*
1003 3260 1153 3302 offen-

261 3319 367 3361 dere
399 3318 551 3375 possit.
628 3317 752 3362 Dicit
786 3318 934 3368 enim,
972 3318 1148 3360 satieta-

257 3385 347 3418 tem
381 3375 527 3419 caedis
555 3381 599 3417 et
625 3383 805 3418 noctem
832 3375 1013 3418 taudem
1047 3383 1147 3418 tru-

261 3432 475 3476 cidationi
501 3433 636 3474 finem
656 3431 932 3487 imposuisse.

315 3489 426 3533 CAP.
448 3489 519 3532 69.
564 3490 804 3545 fomenta.
865 3490 938 3532 Sc.
968 3487 1144 3532 sauciis.

256 3545 314 3590 cs.
341 3561 381 3591 c.
403 3547 474 3591 65.
501 3548 832 3606 nonsomenta
850 3547 1038 3590 suucc‘z's.

1286 2517 1334 2558 C.
1371 2516 1570 2560 Plinius.
1632 2516 1689 2560 cf.
1723 2517 1907 2560 Sueton.
1946 2515 1999 2560 de
2035 2506 2119 2562 rir-

1223 2572 1390 2674 isslgustr.
1449 2574 1557 2618 Tac.
1586 2576 1674 2618 An.
1708 2573 1774 2626 15,
1802 2574 1871 2618 53.
1933 2573 2047 2618 Hist.
2079 2574 2119 2626 3,

1280 2703 1459 2756 pontis.
1522 2702 1635 2745 Cod.
1659 2702 1760 2745 MS.
1783 2702 1884 2744 edd.
1907 2701 2116 2745 Beroald-

1222 2759 1365 2802 Rhen.
1385 2761 1531 2815 ponti.
1591 2759 1704 2802 Edd.
1722 2761 1822 2803 Ald.
1838 2775 1936 2818 sqq.
1950 2762 2118 2813 pontes,

1224 2816 1288 2859 uti
1313 2817 1541 2860 Victorius
1566 2817 1613 2860 in
1641 2834 1722 2860 suo
1747 2817 1984 2876 exemplari
2008 2834 2119 2861 eor-

1223 2882 1411 2920 rexerat.

1281 2945 1528 2999 simplices.
1590 2944 1761 2987 Graece
1787 2943 1976 2995 ἆπλοῦς,
2005 2949 2116 2989 ehr-

1223 3005 1310 3044 liele
1330 3002 1372 3044 h.
1391 3018 1427 3044 e.
1452 3002 1499 3044 in
1523 3003 1684 3069 quibus
1708 3004 1828 3046 nulla
1850 3004 1983 3056 fraus,
2007 3004 2114 3046 nul-

1225 3060 1293 3102 lus
1321 3058 1466 3101 dolus.
1526 3063 1716 3102 sueton.
1735 3060 1838 3104 Tib.
1869 3077 1908 3102 c.
1930 3061 1999 3103 61.
2026 3062 2112 3103 cri-

1223 3131 1332 3158 men
1345 3131 1609 3169 paucorum
1632 3118 1993 3172 simpliciumque
2011 3133 2112 3161 ver-

1222 3177 1404 3215 borum.
1467 3173 1586 3215 Plin.
1613 3190 1711 3231 epp.
1738 3176 1774 3225 1,
1802 3175 1868 3218 13.
1894 3177 2111 3218 dissimu-

1221 3234 1376 3272 lunter
1411 3238 1454 3271 et
1479 3231 1657 3286 furtim
1699 3248 1802 3291 opp.
1839 3233 2113 3287 simpliciter

1223 3296 1268 3332 et
1287 3289 1442 3330 lib-ere.
2072 3290 2075 3294 ’

1278 3372 1573 3425 largitionem
1605 3381 1766 3416 tentet.
1828 3373 2022 3431 Respicit
2057 3375 2110 3418 ad

1219 3438 1389 3474 vestem
1420 3437 1462 3470 et
1492 3428 1715 3479 fomenta,
1760 3447 1872 3488 quae
1909 3431 2111 3487 dilargita

1219 3495 1298 3529 est.
1356 3486 1439 3530 Ed.
1469 3487 1676 3531 Beroald.
1710 3496 1926 3543 tempcct;
1959 3488 2108 3534 Rhen.

1218 3551 1379 3588 tentet.
