2222 4030
1773 245 1826 281 A.
1844 246 1898 282 U.
1917 246 2000 285 708.

1774 291 1826 325 A.
1845 290 1893 327 C.
1937 292 1997 326 15.

229 252 314 316 94
920 213 1427 312 ANNALIUM

226 383 395 454 fessi,
436 403 514 440 ne
546 394 674 440 tum
701 381 942 458 quidem
968 393 1200 457 sumpta
1221 381 1442 456 quiete,
1483 389 1774 455 quantum
1800 400 2087 457 aquarum

228 471 454 527 circum
508 467 880 541 surgentibus
936 467 1088 541 iugis
1142 466 1359 535 oritur,
1424 477 1651 522 vertere
1693 464 1756 519 in
1802 467 2086 541 subiecta:

228 572 540 630 mersaque
562 549 746 609 humo
772 564 829 610 et
851 553 1094 621 obruto,
1138 551 1299 627 quod
1325 551 1595 607 effectum
1618 549 1844 624 operiS,
1889 551 2088 626 dupli-

229 651 394 697 catus
428 638 605 696 militi
641 639 825 697 labor.
915 636 1444 710 Quadragesimum
1468 636 1532 692 id
1557 635 1918 710 stipendium
1942 633 2091 691 Cae-

231 720 383 781 cina
402 723 651 799 parendi
683 735 785 780 aut
815 721 1196 799 imperitandi
1218 717 1504 791 habebat,
1548 721 1940 777 secundarum
1965 741 2093 776 am-

224 811 663 886 biguarumque
698 829 899 865 rerum
935 807 1124 863 sciens
1159 825 1345 882 eoque
1381 807 1703 865 interritus,
1789 805 1970 880 igitur
1995 806 2093 861 fu—

229 908 366 953 tura
388 895 634 952 volvens
655 914 791 951 -non
823 893 985 948 aliud
1014 891 1303 966 repperit,
1346 913 1524 968 quam
1554 903 1624 949 ut
1660 888 1891 948 hostem
1928 891 2092 946 silvis

230 992 551 1050 coerceret,
597 981 784 1036 donec
813 977 1031 1047 saucii,
1070 987 1477 1053 quantumque
1504 977 1788 1049 gravioris
1822 976 2092 1050 agminiS,

230 1065 542 1124 anteirent.
627 1084 768 1120 nam
793 1063 991 1119 medio
1023 1062 1320 1118 montium
1346 1073 1404 1118 et
1436 1062 1722 1137 paludum
1750 1062 2094 1136 porrigeba-

229 1162 328 1209 tur
368 1149 673 1226 planitieS,
713 1168 864 1225 quae
900 1159 1140 1205 tenuem
1180 1146 1364 1203 aciem
1402 1157 1718 1222 pateretur.
1805 1143 2094 1219 Deligan-

229 1247 330 1296 tur
354 1235 644 1309 legioneS,
689 1234 898 1311 quinta
928 1234 1134 1291 dextro
1162 1233 1359 1303 lateri,
1400 1231 1857 1294 unaetvicesima
1882 1231 1948 1287 in
1973 1231 2096 1286 lae-

183 1316 186 1324 ’
227 1342 402 1391 vum,
444 1319 704 1397 primani
730 1319 1066 1377 ducendum
1092 1318 1169 1375 ad
1195 1337 1424 1391 agmen,
1465 1318 1859 1376 vicesimanus
1884 1317 2096 1374 adver-

226 1424 359 1466 sum
389 1416 708 1465 secuturos.

396 1501 585 1565 LXV.
669 1501 803 1560 Nox
840 1523 949 1582 per
979 1503 1214 1560 diversa
1246 1502 1514 1579 inquieS,
1559 1522 1695 1558 cum
1731 1501 1972 1559 barbari
2007 1501 2098 1557 fe·-

232 1590 334 1646 stis
372 1589 592 1665 epuliS,
656 1588 808 1645 laeto
850 1599 1027 1646 cantu
1062 1600 1163 1646 aut
1203 1588 1357 1646 truci
1409 1607 1622 1644 sonore
1662 1588 1923 1644 subiecta
1967 1587 2098 1643 val-

231 1676 382 1732 lium
429 1695 495 1730 ac
534 1673 874 1731 resultantis
918 1675 1100 1731 saltus
1137 1674 1528 1749 complerent,
1586 1674 1744 1749 apud
1789 1671 2097 1731 Romanos

233 1758 485 1817 invalidi
539 1759 731 1833 igneS‚
798 1759 1163 1835 interruptae
1204 1779 1408 1828 voceS,
1478 1770 1652 1835 atque
1709 1758 1826 1833 ipsi
1878 1758 2098 1833 passim

231 1846 565 1902 adiacerent
599 1846 791 1915 vallo,
841 1846 1189 1902 oberrarent
1224 1843 1524 1914 tentoriis,
1574 1845 1875 1900 insomnes
1915 1843 2099 1916 magis

234 1951 412 2008 quam
453 1930 786 2005 pervigiles,
883 1931 1211 2010 ducemque
1252 1929 1463 1986 terruit
1506 1930 1634 1985 dira
1678 1926 1871 2005 quies,¹
1959 1947 2100 1984 nam

234 2010 602 2089 Quintilium
614 2014 862 2086 Varum,
900 2018 1183 2091 sanguine
1206 2015 1461 2073 oblitum
1487 2027 1543 2072 et
1564 2014 1886 2091 paludibus
1912 2033 2101 2069 emer-

234 2121 392 2170 sum,
449 2120 688 2157 cernere
726 2113 782 2158 et
819 2103 1025 2159 audire
1063 2103 1224 2158 visus
1263 2112 1348 2157 est
1383 2100 1547 2157 velut
1583 2111 1920 2169 vocantem,
1974 2117 2100 2155 non
2180 2173 2181 2179 1

233 2319 487 2362 inclinatas
507 2318 622 2360 iam.
676 2316 816 2372 Quod
840 2333 943 2360 mox
966 2319 1131 2362 iterum

234 2376 435 2420 occurrit
477 2382 604 2427 tum,
659 2375 707 2418 id
740 2390 834 2418 non
873 2376 1038 2418 sufficit
1076 2375 1130 2421 ad

233 2431 568 2477 detrudendum
590 2432 715 2490 prius
735 2441 834 2474 tum
846 2449 862 2485 ‚-
884 2432 987 2476 talia
1011 2434 1131 2476 enim

232 2499 338 2535 sunt
371 2490 488 2548 apud
519 2490 751 2534 Nostrum.
779 2518 838 2526 —-
897 2490 1134 2535 Consentit

232 2548 545 2606 Kiesslingius.

277 2619 450 2675 sutura
470 2620 671 2662 volvens.
729 2617 808 2662 Sic
837 2618 1035 2662 breviter
1067 2617 1132 2661 di-

235 2676 297 2720 cit
321 2692 406 2734 pro
417 2676 462 2732 f.
485 2679 645 2719 animo
670 2678 873 2719 volvens.
923 2675 982 2719 cf.
1005 2675 1047 2727 3,
1063 2675 1131 2718 38.

233 2735 406 2776 bellum
437 2735 664 2776 volverat.
733 2733 954 2776 Similiter
983 2733 1025 2782 4,
1057 2733 1128 2775 64.

234 2792 404 2849 adfecit
423 2807 506 2849 pro
534 2793 802 2834 calamitate
831 2793 1023 2848 adsecit5
1065 2792 1132 2842 11,

231 2849 304 2892 22.
356 2856 576 2892 curarent
623 2865 709 2906 pro
764 2864 840 2893 res
891 2857 1108 2891 curarent
1120 2866 1135 2900 ;

233 2906 347 2950 Hist.
382 2909 420 2958 l,
442 2907 484 2950 7.
518 2907 903 2966 turbantem-pro
933 2909 1132 2949 turban-

235 2972 331 3007 tem
361 2978 450 3006 res.
520 2963 609 3006 An.
643 2964 686 3012 2,
719 2964 787 3007 33,
822 2965 1017 3008 excessit
1046 2979 1132 3022 pro

237 3023 433 3064 excessit
457 3022 756 3066 relationem.

222 3091 224 3094 ’
291 3099 531 3135 coerceret.
590 3092 706 3140 Edd.
726 3093 830 3136 Ber.
852 3090 996 3136 Rhen.
1025 3091 1132 3136 Ald.

236 3147 517 3191 coherceret.

293 3219 568 3261 unaetvices.
646 3218 762 3264 Edd.
797 3229 907 3266 vett.
947 3220 1134 3264 undevi-

234 3290 319 3319 ces.
346 3283 395 3318 ut
418 3290 568 3333 supra.

291 3344 405 3389 CAP.
433 3345 506 3389 65.
564 3347 763 3389 invalidi
791 3349 933 3401 ignes.
1003 3347 1130 3390 Gru-

234 3411 360 3449 terus
386 3401 595 3461 intelligit
619 3402 744 3462 ignes
772 3420 942 3448 coenae
965 3421 1129 3464 paran-

235 3461 317 3504 dae
340 3460 700 3519 corporibusque
725 3463 934 3506 curandis
965 3461 1130 3506 accen-

235 3533 334 3567 sos,
363 3526 413 3561 ut
445 3517 505 3561 ita
531 3526 819 3578 opponantur
838 3519 960 3563 festis
985 3519 1131 3578 epulis

238 3574 584 3623 Germanorum,
627 3575 827 3621 ‘Rectius
847 3578 1128 3635 accipitLip-

1203 2317 1294 2362 sius
1331 2317 1386 2360 de
1418 2314 1597 2373 ignibus
1632 2315 1846 2416 vigilum,
1891 2315 2098 2360 excubia-

1203 2393 1330 2424 rum,
1363 2374 1621 2417 stationum.
1724 2389 1887 2432 amque
1914 2373 2018 2415 laeti
2038 2371 2102 2416 ihi

1205 2432 1343 2476 animi
1366 2432 1559 2490 gaudent
1581 2430 1760 2490 ignibus
1784 2430 1922 2474 laetis.
1973 2430 2099 2474 Con-

1204 2490 1395 2537 veniunt
1415 2488 1592 2543 milites,
1615 2488 1956 2532 circumdantur
1970 2488 2103 2531 flam-

1206 2548 1316 2599 mis,
1351 2546 1587 2604 diligenter
1615 2563 1687 2590 eas
1714 2546 1865 2594 alunt,
1897 2554 2031 2589 cantu
2059 2552 2103 2588 et

1203 2605 1316 2650 iocis
1340 2603 1634 2647 delectantur.
1686 2604 1773 2647 Sed
1797 2603 1875 2646 illo
1891 2610 2101 2661 tempore

1203 2670 1382 2722 praeter
1427 2659 1629 2718 singulos
1669 2660 1825 2719 vigiles
1864 2660 2099 2703 custodes-

1204 2735 1290 2778 que
1324 2732 1459 2761 nemo
1497 2722 1554 2760 ad
1586 2717 1813 2761 curandos
1854 2717 1980 2775 ignes
2022 2732 2099 2759 ae-

1206 2776 1353 2820 cessit.
1422 2774 1703 2819 Adiacehant
1729 2774 1877 2824 vallo,
1913 2775 2102 2818 oberra-

1203 2836 1313 2878 bant
1340 2832 1562 2876 tentoriis.
1729 2867 1731 2869 .

1260 2892 1556 2944 iraterruptae
1596 2904 1742 2934 voces.
1815 2890 1920 2933 Non
1959 2889 2102 2933 laetus

1207 2956 1388 2997 cantus,
1429 2963 1526 2990 non
1562 2946 1734 2991 alacres
1770 2947 2017 2998 clamores,
2051 2954 2102 2989 ut

1205 3005 1379 3049 adsolet
1414 3004 1532 3047 inter
1565 3005 1786 3050 victorem
1830 3004 2102 3055 exercituum

1206 3062 1283 3107 sed
1311 3061 1512 3120 singulae
1538 3070 1712 3105 tantum
1740 3061 1931 3119 vigilum
1961 3076 2099 3105 voces

1205 3122 1328 3164 statis
1345 3119 1595 3163 intervallis
1609 3119 1921 3162 audiebantur.
1961 3117 2101 3162 Com-

1206 3177 1344 3220 mode
1377 3177 1433 3221 ad
1464 3175 1507 3218 h.
1543 3175 1572 3218 l.
1613 3175 1787 3235 Lipsius
1821 3175 2103 3234 comparavit

1204 3233 1411 3291 Xenoph.
1439 3233 1587 3277 Anah.
1618 3234 1661 3281 3,
1689 3236 1724 3284 1,
1748 3233 1791 3276 8.

1264 3293 1378 3334 dira
1404 3291 1547 3347 quies.
1605 3291 1776 3334 Lucan.
1805 3290 1847 3339 7,
1874 3290 1946 3333 26.
1978 3289 2103 3333 Dira

1204 3350 1332 3405 quies
1361 3355 1406 3391 et
1441 3348 1653 3402 imagine
1694 3356 1876 3390 maesta
1915 3350 2102 3390 diuma.

1203 3408 1325 3450 Dira
1346 3420 1409 3448 sc.
1430 3415 1616 3463 propter
1640 3405 1885 3448 infaustum
1913 3420 2062 3447 omen.

1263 3463 1554 3522 Quintilium.
1613 3462 1691 3506 Sic
1715 3463 1815 3505 edd.
1835 3462 1977 3505 Rhen.
1997 3462 2099 3504 Ald-

1205 3519 1260 3564 cf.
1275 3530 1372 3563 not.
1387 3520 1440 3562 ad
1454 3536 1492 3564 c.
1503 3519 1545 3563 3.
1575 3520 1658 3563 Ed.
1673 3520 1773 3563 Ber.
1790 3519 2100 3577 Quintilliani.

1202 3578 1317 3622 Edd.
1331 3578 1451 3637 Lips.
1477 3593 1574 3637 sqq.
1601 3575 1945 3636 Quinctilium(
