2222 4030
152 245 207 281 A.
219 243 274 280 U.
286 241 367 278 ⁷8⁷.

154 291 208 325 A.
224 286 270 323 C.
305 286 367 322 1⁴.

684 241 856 307 LIB.
889 242 935 304 1.
1021 231 1217 306 CAP.
1255 248 1313 307 9.
1851 248 1945 304 21x

72 368 304 455 imperii
330 378 602 454 princeps
620 385 679 432 et
698 374 855 432 vitae
882 386 1214 450 supremus:
1259 375 1420 450 quod
1447 374 1635 433 Nolae
1667 375 1729 431 in
1755 362 1945 432 do'tnb‘

72 475 130 522 et
163 464 470 533 cubiculo,
511 461 577 516 in
610 479 730 537 quo
760 471 928 534 pater
965 460 1091 517 eius
1120 455 1435 528 Octavum,
1490 461 1674 518 vitam
1708 461 1938 517 finiv‘iss

74 561 177 608 set.
277 565 558 606 numerus
612 544 790 601 etiam
838 546 1255 602 consulatuum
1317 544 1748 616 celebrabatur,
1815 554 1938 623 qu'o
2003 556 2006 561 '
2059 562 2130 641 τὸ
2168 526 2170 530 V

73 633 381 690 Valerimn
398 630 661 689 Corvum
696 641 755 686 et
772 626 840 689 C.
861 629 1124 687 Marium
1163 629 1339 686 simul
1375 642 1747 705 aequaverat:
1791 638 1938 689 cun—-

73 720 301 776 tinuata
328 738 437 793 per
460 727 680 791 septem
715 725 773 770 et
804 716 1049 789 triginta
1081 734 1270 771 annos
1306 714 1624 772 tribunicia
1656 726 1935 791 potestas:

73 823 291 860 nomen
330 801 700 878 imperatoris
722 802 900 856 semel
934 812 1108 877 atque
1138 800 1364 857 viciens
1400 811 1664 876 partum,
1706 802 1940 878 aliaque

71 885 373 946 honorum
413 886 802 961 multiplicata
848 897 950 944 aut
996 905 1169 945 nova.
1288 884 1371 942 At
1413 886 1572 960 apud
1619 887 1939 959 prudentes

74 974 192 1031 vita
242 973 369 1030 eius
403 971 566 1028 varie
608 971 1489 1046 extollebatur„arguebam-ve.
1597 967 1681 1026 Hi
1724 972 1940 1045 pietate

75 1079 210 1133 erga
263 1068 572 1133 parentem
627 1068 686 1115 et
739 1057 1176 1115 necessitudine
1216 1057 1306 1113 rei
1346 1055 1654 1132 publicae,
1716 1055 1782 1110 in
1825 1075 1940 1133 qua

72 1225 166 1268 tatu
214 1230 257 1267 et
305 1229 491 1279 accepto
532 1221 726 1321 Aufusti
767 1222 971 1273 nomine.
1042 1225 1107 1280 τῷ
1118 1199 1344 1280 Kalamai,
1370 1221 1453 1264 καὶ
1477 1223 1574 1270 τοῖς
1595 1221 1729 1266 παισὶ
1751 1222 1944 1271 καὶτοῖς

72 1296 145 1325 an.
170 1281 271 1323 urb.
296 1279 395 1323 727.
423 1295 577 1322 mense
620 1279 824 1323 aunario.
1042 1278 1251 1339 ἐκγόνοις
1286 1276 1538 1337 ἐψήφιστο.
1610 1279 1670 1323 cf.
1700 1279 1766 1324 id.
1801 1279 1871 1332 55,
1899 1281 1942 1326 6,

130 1341 256 1394 quod
263 1338 414 1380 Nolae
428 1345 513 1379 etc.
555 1335 677 1378 Suet.
694 1334 800 1379 Oct.
818 1353 856 1380 c.
871 1339 967 1380 100.
1045 1339 1226 1383 Scilicet
1249 1355 1297 1381 ex
1317 1337 1407 1382 suis
1426 1346 1468 1380 et
1483 1337 1649 1380 dueum
1672 1337 1941 1395 legatorum-

72 1395 145 1439 Dt
187 1395 325 1453 patris
365 1394 492 1437 obitu
538 1392 661 1436 Suet.
697 1391 807 1437 Oct.
858 1411 899 1438 c.
928 1394 971 1437 4.
1045 1413 1135 1456 que
1163 1412 1353 1439 suorum
1379 1394 1586 1442 victoriis
1610 1396 1775 1438 totiens
1794 1394 1943 1439 dictus

74 1452 189 1496 vell.
213 1453 256 1503 2,
278 1452 349 1496 59.
408 1450 506 1495 Cic.
530 1449 646 1493 Phil.
677 1450 720 1502 8,
742 1451 787 1494 6.
1046 1463 1110 1498 est
1142 1454 1400 1512 imperator.
1457 1452 1550 1496 Dio
1576 1452 1647 1502 51,
1669 1452 1742 1497 25.

126 1525 220 1567 quo
232 1510 481 1552 Valerium
496 1508 699 1551 Corvum
719 1516 765 1551 et
789 1508 839 1552 C.
862 1507 971 1550 Ma-

73 1571 204 1612 rium
232 1569 380 1611 simul
405 1573 706 1622 aequaverat.
766 1566 826 1610 cf.
847 1566 972 1610 Suet.

72 1625 183 1670 Oct.
214 1641 254 1669 c.
279 1625 352 1668 ᾖ.
425 1622 591 1668 Statius
627 1622 737 1667 silv.
766 1623 810 1673 4,
838 1626 878 1673 1,
900 1622 972 1668 81.

72 1692 147 1727 ter
178 1682 319 1726 Latio
349 1682 588 1736 deciesque
622 1681 733 1723 tulit
766 1682 973 1725 labenti-

72 1743 159 1785 bus
186 1741 331 1784 annis
349 1743 587 1795 Augustus
603 1738 779 1794 fasces.
841 1739 973 1782 Vale·

74 1798 167 1843 rius
201 1797 382 1842 Corvus
423 1813 464 1841 a.
505 1811 551 1839 u.
581 1794 685 1839 458.
736 1805 840 1855 post
880 1796 975 1840 Titi

72 1855 235 1900 Manlii
258 1855 434 1899 obitum
457 1853 668 1896 suffectus
690 1864 861 1898 sextum
887 1854 975 1913 egit

72 1913 356 1958 consulatum
397 1911 513 1967 (Liv.
538 1911 580 1962 7,
608 1911 667 1954 26
701 1921 745 1955 et
776 1914 844 1963 10,
872 1914 975 1969 11.)‚

73 1985 219 2030 quum
276 1969 560 2037 praecedenti
614 1983 737 2011 anno
790 1969 974 2012 functus

72 2036 187 2072 esset
225 2036 402 2087 quinto.
460 2025 579 2070 Plin.
602 2025 644 2076 7,
669 2025 742 2069 48.
803 2025 974 2071 C-Ma·

72 2085 194 2130 rium
224 2085 386 2144 septies
419 2082 651 2129 consulem
685 2082 849 2133 fuisse,
893 2100 974 2127 no·

73 2143 299 2187 tissimum
339 2150 420 2186 est.
504 2139 717 2185 Ceterum
772 2141 975 2184 Corvum

72 2198 238 2245 babent
257 2200 360 2245 cod.
382 2198 484 2244 MS.
509 2197 580 2243 ed.
602 2198 810 2243 Beroald.
863 2200 975 2243 Vin·

76 2258 284 2303 dicarunt
312 2257 416 2302 loco
449 2273 546 2301 mm
581 2256 670 2300 scri
707 2264 855 2301 turam
884 2257 974 2302 lac.

76 2314 289 2360 Gronov.
347 2314 604 2359 Allemand.
732 2314 811 2358 olf.
856 2324 975 2375 post-

142 2388 216 2418 am
238 2372 441 2417 Rhennn.
477 2381 521 2416 et
554 2387 575 2416 s
612 2388 654 2429 q.
682 2372 875 2417 editores
901 2373 976 2416 de·

75 2386 234 2476 reram
255 2431 523 2475 Corvinum.
578 2388 844 2490 ‘bicumque
867 2431 974 2475 scri·

76 2488 213 2534 bendi
241 2503 382 2547 genus
416 2488 528 2532 olim
562 2503 694 2532 usum
728 2488 977 2533 obtinuisse

79 2545 269 2590 videtur.

132 2605 406 2647 continuata
430 2616 523 2658 per
553 2601 613 2647 87
641 2616 760 2648 ann.
796 2603 903 2649 trib.
925 2621 976 2661 p.

77 2661 283 2706 Numero
304 2660 504 2705 rotundo
530 2676 639 2721 pro:
679 2661 736 2705 86
757 2676 909 2706 annos
933 2668 980 2706 et

77 2722 195 2763 duos
214 2717 328 2775 sere
360 2731 571 2772 menses,
611 2734 675 2764 sc.
698 2717 802 2762 inde
825 2719 880 2764 ab
903 2736 979 2767 an.

79 2791 128 2821 u.
148 2774 249 2821 781.
277 2775 319 2816 V
343 2775 445 2820 Kal.
475 2776 559 2820 lul.
593 2792 736 2836 usque
765 2775 821 2821 ad
854 2793 979 2820 mor·

80 2843 197 2934 teni}
257 2833 317 2879 cs.
344 2833 439 2877 nio
473 2831 542 2886 58,
570 2833 643 2878 82.
714 2834 837 2878 Suet.
872 2834 982 2879 Oct.

82 2906 124 2936 e.
200 2922 212 2934 .
425 2927 433 2935 .

109 2961 289 2991 nomen
301 2948 602 3001 imperatoris
611 2950 762 2991 semel
769 2956 909 3006 atque
921 2949 984 2990 vi-

80 3007 203 3050 dens
220 3012 430 3060 partum.
474 3003 711 3062 Distinssue
724 3021 829 3050 cum
845 3004 983 3049 Dion.

82 3064 154 3116 52,
169 3064 243 3107 41.
281 3062 367 3117 τὴν
399 3063 484 3106 τοῦ
514 3058 855 3122 αὐτοκράτορος
878 3064 986 3108 ἐπί-

83 3124 246 3177 κλησιν
282 3119 493 3170 tatano.
561 3122 683 3179 λέγω
720 3122 771 3166 δὲ
815 3120 869 3166 οὗ
902 3119 986 3175 τὴν

85 3179 164 3224 ἐπὶ
203 3182 303 3228 ταῖς
343 3182 492 3229 νίκαις
534 3179 654 3223 κατὰ
691 3179 743 3225 τὸ
787 3178 987 3238 ἀρχαῖον

86 3237 340 3294 διδομένην
352 3241 498 3294 τισίν,
535 3239 733 3293 (ἐκείνην
751 3236 845 3296 γὰρ
868 3240 987 3282 πολ,-

87 3291 217 3344 lae‘nc
243 3296 335 3355 μὲν
368 3297 447 3339 καὶ
479 3291 731 3353 πρότερον,
767 3292 988 3346 πολλάκις

88 3352 141 3398 δὲ
169 3354 246 3396 καὶ
267 3349 458 3412 ὕστερον
489 3352 576 3398 ἀπ’
608 3354 766 3399 αὐτῶν
789 3357 883 3399 τῶν
909 3355 988 3412 ἔρ-

123 3424 190 3454 ον
221 3410 408 3469 infler,
466 3409 578 3462 ὦσε
616 3415 694 3457 καὶ
727 3412 779 3458 ἓν
811 3417 988 3458 εἴκοσιν

90 3467 557 3586 τεμῖῐέἕαῦιῖοζςιῗῖ
581 3468 990 3588 οξερέῐῖἑξν)διέὲέιῗ

91 3589 380 3644 βαίνουσαν,
410 3582 561 3646 ὥςπερ
586 3590 650 3645 τῷ
678 3590 820 3646 πατρὶ
845 3586 991 3633 αὑτοῦ

1098 1513 1286 1567 aliaque
1334 1513 1573 1554 honorum
1620 1509 1944 1565 multiplicata

1042 1578 1128 1612 aut
1151 1583 1293 1614 nova.
1351 1585 1391 1612 V.
1418 1583 1458 1614 c.
1494 1583 1673 1611 morum
1706 1567 1946 1628 legumque

1043 1627 1245 1685 regimen
1304 1641 1384 1684 per
1417 1634 1597 1678 einum,
1654 1625 1777 1670 Suet.
1836 1624 1943 1670 Oct.

1044 1701 1086 1730 c.
1104 1683 1177 1727 27.
1237 1684 1330 1727 Dio
1409 1716 1421 1734 ,
1451 1686 1507 1726 10
1533 1692 1576 1726 et
1597 1682 1669 1726 80.

1103 1742 1203 1784 vita
1237 1743 1348 1785 eius.
1423 1740 1508 1784 Ed.
1561 1739 1774 1787 Beroald.
1821 1740 1948 1784 vitae

1047 1800 1168 1850 eius,
1199 1799 1311 1843 vitio
1337 1811 1579 1870 operarum
1633 1807 1728 1843 uto.

1102 1859 1457 1901 necesse‘tudme.
1527 1856 1577 1909 „i
1656 1865 1723 1900 est
1756 1856 1947 1906 necessi·

1045 1920 1178 1960 tate.”
1208 1915 1329 1974 Lips.
1386 1913 1579 1958 Differre
1602 1922 1754 1959 tamen
1776 1923 1946 1958 utrum-

1047 1989 1135 2031 que
1166 1972 1440 2018 vocabulum
1466 1980 1634 2015 veteres
1661 1971 1945 2029 grammatici

1045 2039 1168 2074 recte
1214 2031 1538 2081 observarunt,
1588 2044 1674 2074 nec
1703 2030 1815 2073 adeo
1851 2029 1946 2072 risu

1045 2086 1156 2131 ludo
1193 2102 1248 2129 ue
1284 2086 1418 2144 digna
1460 2102 1510 2130 ea
1550 2102 1650 2142 res,
1718 2086 1783 2131 uti
1821 2085 1944 2133 vide·

1045 2152 1124 2187 tur
1207 2144 1308 2187 ellio
1345 2143 1422 2197 18,
1456 2143 1500 2189 8.
1579 2145 1849 2189 Necessitas
1880 2148 1949 2189 est

1046 2202 1116 2247 vis
1139 2218 1349 2262 premens
1373 2210 1415 2246 et
1436 2217 1627 2262 cogens3
1655 2205 1947 2250 necessitudo

1045 2269 1194 2304 autem
1212 2259 1443 2304 vinculum
1458 2277 1506 2303 ex
1521 2257 1780 2304 necessitate
1797 2260 1948 2311 oriun-

1047 2318 1184 2370 dum,
1213 2317 1301 2361 sive
1327 2334 1376 2361 ea
1408 2317 1637 2370 conditio,
1665 2318 1714 2361 in
1740 2317 1950 2417 quaffluis'

1046 2384 1254 2420 versatur
1308 2377 1367 2419 ob
1418 2375 1750 2421 necessitatem.
1875 2390 1950 2418 inc

1047 2435 1337 2477 necessitudo
1380 2433 1455 2477 rei
1488 2434 1704 2488 publicae
1743 2447 1839 2476 non
1883 2441 1948 2476 est

1047 2492 1141 2551 ipsa
1156 2507 1226 2535 res
1240 2525 1252 2543 ‚
1284 2507 1399 2549 quae
1414 2506 1513 2535 rem
1531 2491 1758 2553 publicam
1777 2500 1949 2550 preme-

1047 2557 1149 2603 ret,
1188 2557 1404 2607 *coget-et,
1459 2549 1535 2593 sed
1581 2548 1808 2597 conditio,
1861 2561 1950 2605 qua

1049 2616 1127 2652 res
1156 2608 1336 2666 publica
1378 2607 1586 2651 utebatur
1615 2606 1732 2649 inter
1761 2602 1950 2649 necessi·

1048 2673 1203 2710 tatem.
1263 2665 1340 2708 Sic
1364 2664 1470 2708 infr.
1499 2664 1542 2716 4,
1561 2665 1637 2707 20.
1668 2664 1951 2709 necessitudo

1051 2725 1167 2777 legis
1190 2730 1255 2765 est
1278 2722 1508 2765 vinculum
1523 2754 1535 2773 ,
1564 2736 1657 2780 quo
1684 2721 1952 2766 tenebantur

1053 2782 1112 2824 ob
1139 2780 1297 2839 legem.
1321 2780 1389 2831 12,
1410 2779 1453 2823 9.
1476 2791 1617 2834 super
1632 2779 1844 2834 priorem
1865 2790 1951 2820 ne-

1052 2839 1401 2889 cessitudinem3
1444 2837 1511 2888 12,
1533 2836 1605 2880 80.
1646 2834 1951 2879 necessitudi-

1053 2909 1165 2938 nem
1193 2907 1384 2950 pugnae
1413 2896 1615 2938 attulere
1622 2907 1640 2945 ‚⁰
1678 2892 1746 2945 12,
1763 2891 1837 2936 46.
1873 2906 1953 2935 ce-

1055 2961 1159 2995 tera
1197 2953 1584 2995 necessitudinum
1616 2953 1844 3002 nominem·
1886 2951 1953 3002 15,

1055 3009 1127 3053 86.
1171 3010 1223 3052 in
1265 3009 1468 3066 privatis
1520 3008 1950 3052 necessitudinibus.

1058 3068 1227 3112 Contra
1254 3067 1341 3111 An.
1369 3068 1407 3120 1,
1431 3069 1500 3111 11.
1527 3066 1823 3110 necessitates
1847 3073 1953 3109 sunt

1055 3142 1127 3169 res
1140 3157 1152 3174 .
1183 3140 1295 3183 quse
1308 3123 1678 3170 necessitudinem
1696 3124 1951 3182 imponunt.

1057 3184 1134 3227 Sic
1186 3198 1227 3227 c.
1265 3181 1335 3226 19.
1378 3185 1652 3227 necessitate
1698 3194 1954 3235 expressa:

1057 3257 1099 3287 c.
1134 3240 1206 3284 80.
1260 3242 1584 3284 imminentem
1635 3238 1955 3282 necessitatem

1056 3306 1223 3355 sponte
1258 3299 1526 3356 praevenit3
1575 3313 1617 3343 c.
1653 3295 1726 3340 85.
1771 3296 1816 3339 si
1859 3308 1954 3352 qua

1058 3355 1163 3400 alia
1199 3369 1263 3399 ex
1292 3357 1567 3401 necessitate
1608 3362 1692 3398 aut
1730 3356 1955 3396 adversus

1058 3415 1203 3457 otium
1253 3422 1393 3458 castr.
1440 3420 1756 3470 quaer-uatum
1806 3426 1848 3455 c.
1882 3410 1952 3453 58.

1059 3470 1334 3516 necessitate
1367 3474 1651 3521 adductam5
1693 3485 1736 3514 c.
1761 3467 1834 3512 66.
1869 3481 1956 3512 ne-

1061 3532 1283 3576 cessitatis
1322 3538 1495 3574 nsonet.
1575 3528 1719 3571 Nemo
1759 3524 1957 3586 prudens

1059 3587 1111 3634 in
1133 3588 1345 3634 omnibus
1371 3587 1494 3634 hisce
1519 3586 1632 3631 loeis
1659 3583 1959 3629 necessitudi—
