2222 4030
299 181 425 242 432
705 176 1040 239 ANNAL.
1085 177 1396 241 Llssw'l.
1439 176 1763 243 CAP;51.
1849 177 2077 258 &gyge

301 313 416 386 egit
451 318 681 386 accepta
717 311 782 366 in
815 310 1261 368 matrimonium
1298 307 1450 366 Iulia
1493 309 1926 384 impudicitiam
1965 314 2164 371 uxoris

299 399 558 455 tolerans
589 408 691 453 aut
726 396 1044 455 declinans.
1133 394 1347 450 deinde
1371 390 1591 452 Rhodo
1628 413 1921 469 regressus
1949 418 2163 456 vacuos

298 481 584 557 principis
609 493 848 556 penates
878 481 1190 538 duodecim
1213 479 1414 548 anniS‚
1455 501 1592 536 mox
1619 481 1708 536 re'i
1729 480 2035 540 Romanae
2067 503 2164 540 ar—

300 567 548 623 bitrium
574 567 769 622 tribus
806 567 989 622 ferme
1028 577 1083 620 et
1121 564 1335 638 viginti
1373 565 1648 623 obtinuit.
1735 565 1981 624 Morum
2013 589 2163 645 quo-

301 672 414 728 que
439 663 703 730 tempora
736 651 829 707 illi
856 652 1112 708 diversa:
1158 648 1454 722 egregium
1477 650 1597 708 vita
1621 650 1923 727 famaque,
1965 655 2162 729 quoad

297 737 563 812 privatus
592 737 688 792 vel
722 736 788 793 in
821 735 1084 810 imperiis
1121 735 1230 790 sub
1266 730 1534 808 Augusto
1568 736 1706 793 fuit:
1764 738 2060 794 occultum
2096 758 2163 794 ac

297 823 621 878 subdolum
671 821 959 895 fingendis
1001 819 1374 888 virtutibUS,
1413 820 1602 876 donec
1657 819 2047 879 Germanicus
2095 843 2162 879 ac

297 905 528 964 Drusus
550 909 912 982 superfuere:
959 905 1118 961 idem
1145 905 1300 960 inter
1321 904 1480 961 bona
1508 905 1780 980 malaque
1813 907 2030 963 mixtus
2066 908 2161 963 in·-

297 991 521 1049 columi'
543 1004 755 1050 matre:
799 990 1148 1047 intestabilis
1176 988 1445 1058 saevitia,
1483 991 1585 1046 sed
1613 990 1856 1048 obtectis
1889 990 2163 1049 libidini-

296 1078 439 1148 bus,
482 1078 627 1134 dum
650 1077 931 1135 Seianum
960 1075 1167 1132 dilexit
1190 1075 1487 1132 timuitve:
1532 1086 1828 1150 postremo
1853 1076 1918 1131 in
1945 1076 2162 1133 scelera

299 1163 479 1220 simul
515 1183 581 1219 ac
609 1163 894 1219 dedecora
918 1160 1222 1236 prorupit,
1264 1171 1576 1236 postquam
1601 1172 1826 1218 remoto
1849 1161 2076 1236 pudore
2104 1172 2160 1216 et

297 1260 464 1306 metu
489 1269 595 1305 suo
619 1259 848 1305 tantum
877 1246 1115 1322 ingenio
1141 1245 1435 1306 utebatur.

352 1429 475 1470 dein.
533 1425 611 1469 Sic
641 1425 741 1469 edd.
775 1425 880 1469 Ber.
916 1426 1018 1468 Alc.
1042 1423 1188 1467 Rhen.
1262 1412 1501 1468 Perieru'nt
1518 1425 1766 1469 Annalium
1788 1425 1891 1468 libri
1919 1425 2016 1469 Vll.
2034 1425 2156 1469 Vlll.

297 1500 393 1544 sqq.
454 1485 618 1527 deinde
651 1482 750 1528 edd.
769 1482 977 1527 Oberlin.
1001 1498 1100 1540 sqq.
1131 1500 1191 1516 —-·
1264 1483 1340 1526 lx.
1363 1484 1404 1527 X
1436 1492 1479 1527 et
1502 1483 1774 1543 principium
1801 1482 1903 1527 libri
1926 1484 2006 1528 xl.
