2222 4030
1779 228 1830 268 Λ..
1859 228 1907 264 U.
1922 228 2002 262 767.

235 232 315 289 72
924 227 1427 289 ANNALIUM
1784 270 1902 307 ὡς,
1944 273 2002 306 14,

238 359 392 430 fidite
414 378 449 415 a
471 369 744 416 contactu
777 371 844 414 ac
873 357 1118 415 dividite
1154 358 1447 415 turbidos:
1492 358 1555 414 id
1592 361 1798 417 stabile
1834 366 1909 422 ad
1946 386 2088 441 poe-

237 443 615 516 „nitentiam‚¹
658 443 722 499 id
746 442 884 503 fidei
909 443 1214 499 vinculum
1245 443 1373 502 erit.
1388 442 1414 459 ”

408 552 629 612 XLIV.
723 552 1031 629 Supplices
1068 553 1143 608 ad
1187 548 1330 608 haec
1371 565 1426 610 et
1458 574 1596 610 vera
1634 558 1975 631 exprobrari
2003 561 2092 617 fa-

244 650 428 697 tentes
452 639 732 708 ora·bant,'
774 640 1015 715 puniret
1041 636 1277 706 noxiOS‚
1316 637 1641 711 ignosceret
1679 642 1858 717 lapsis
1894 655 1950 699 et
1983 645 2093 700 du-

243 735 398 782 ceret
429 719 773 780 fin-hostem:
820 733 1194 779 revocaretur
1221 722 1508 792 coniunx,
1549 726 1770 783 rediret
1793 728 2097 801 legionum

244 811 546 878 alumnuS,
582 829 730 864 neve
754 809 923 865 obses
948 805 1137 862 Gallis
1162 808 1506 867 traderetur.
1574 808 1860 868 Reditum
1879 807 2098 889 Agrip-

245 896 419 971 pinae
441 895 735 951 excusavit
753 894 830 949 ob
854 891 1263 947 imminentem
1288 905 1524 966 partum
1555 905 1609 950 et
1633 891 1912 952 hiemem:
1950 919 2098 954 ven-

243 991 442 1038 turum
490 979 704 1035 filium:
766 989 951 1034 cetera
997 975 1113 1051 ipsi
1159 989 1630 1052 exsequerentur.
1742 980 2100 1040 Discurrunt

242 1065 453 1123 mutati
496 1075 551 1120 et
590 1062 1096 1119 seditiosissimum
1144 1081 1437 1137 quemque
1474 1063 1703 1120 vinctos
1745 1063 1990 1123 trahunt
2026 1070 2101 1125 ad

242 1151 499 1225 legatum
535 1149 782 1222 legionis
816 1147 1073 1222 primae,
1134 1143 1199 1204 C.
1236 1144 1615 1216 Cetronium‚
1670 1150 1773 1225 qui
1816 1151 2103 1208 iudicium

245 1247 303 1293 et
325 1245 544 1311 poenas
568 1235 640 1289 de
664 1232 915 1305 singulis
933 1232 997 1286 in
1028 1226 1189 1286 hunc
1213 1233 1459 1287 modum
1497 1235 1768 1293 exercuit.
1806 1291 1808 1293 ,
1857 1235 2102 1293 Stabant

243 1331 353 1398 pro
379 1319 660 1377 concione
688 1318 948 1391 legiones
979 1316 1267 1371 destrictis
1295 1317 1530 1388 gladiis:
1576 1338 1710 1374 reus
1733 1320 1798 1374 in
1832 1333 2104 1395 suggestu

246 1426 353 1482 per
378 1405 686 1462 tribunum
714 1403 1162 1460 ostendebatur:
1209 1401 1257 1456 si
1282 1413 1592 1457 nocentem
1617 1406 2105 1475 adclamaverant‚

246 1509 518 1567 praeceps
561 1490 729 1545 datus
764 1487 1185 1545 trucidabatur.
1275 1496 1331 1541 et
1365 1488 1655 1560 gaudebat
1684 1490 1960 1547 caedibus
1993 1492 2108 1546 mi-

236 1577 363 1646 ¹'leS,
430 1578 712 1650 tanquam
770 1584 952 1628 semet
1010 1572 1361 1628 absolveret:
1434 1593 1544 1629 nec
1588 1570 1801 1651 Caesar
1859 1578 2108 1646 arcebat,

248 1660 495 1738 quando,
516 1660 685 1715 nullo
713 1658 898 1734 ipsius
927 1658 1090 1714 iussu
1119 1676 1300 1731 penes
1329 1658 1564 1713 eosdem
1602 1659 1842 1716 saevitia
1875 1661 2017 1718 facti
2055 1673 2111 1718 et

249 1745 475 1801 invidia
500 1756 639 1803 erat.
727 1743 911 1800 secuti
935 1743 1266 1817 exemplum
1287 1743 1551 1809 veterani
1575 1740 1736 1801 haud
1765 1747 1952 1802 multo
1978 1759 2111 1822 post

250 1831 316 1888 in
337 1828 612 1888 Raetiam
633 1830 979 1898 mittuntur,
1023 1827 1210 1902 specie
1240 1827 1644 1884 defendendae
1665 1831 2006 1904 provinciae
2033 1833 2111 1888 ob

250 1915 615 1973 imminentis
670 1915 921 1973 Suevos:
1004 1924 1263 1970 ceterum
1314 1923 1381 1968 ut
1442 1914 1838 1972 avellerentur
1895 1917 2112 1983 castris,

251 2001 514 2059 trucibus
544 1996 738 2056 adhuc
761 2020 887 2057 non
911 1997 1111 2054 minus
1150 1997 1458 2072 asperitate
1481 2000 1743 2055 'remedii
1779 2021 1956 2080 quam
1990 2022 2114 2058 sce-

252 2086 391 2144 leri-s
438 2086 743 2145 memoria..
836 2082 1333 2147 Centurionatum
1376 2082 1515 2138 inde
1559 2084 1692 2156 egit.
1790 2085 1997 2143 citatus
2039 2088 2113 2143 ab

315 2289 428 2335 Cap.
451 2287 522 2331 44.
584 2292 974 2344 exsequerentur.
1033 2276 1149 2328 Edd.

255 2345 464 2391 Beroald.
490 2344 691 2390 Rhenan.
714 2342 1149 2413 Aldzg‘exequeren-

259 2412 354 2447 tur.
1121 2412 1128 2420 ‘

1224 2285 1443 2331 rionatus
1471 2286 1611 2344 accipi
1637 2294 1789 2346 potest
1811 2303 1915 2331 cum
1938 2286 2118 2332 Grono-

1223 2340 1296 2384 vio
1339 2341 1394 2385 de
1436 2343 1579 2400 gradu
1624 2343 1902 2389 centurionis
1949 2354 2024 2388 aut
2063 2346 2118 2389 de

1225 2399 1546 2443 centurionum
1585 2401 1827 2445 creatione.
1911 2402 2120 2447 Priorem

313 2462 562 2505 destrictis.
634 2459 748 2505 Edd.
770 2464 881 2503 'vett.
916 2459 1151 2502 districtis.
1225 2456 1599 2514 significationem
1633 2459 1760 2502 locus
1792 2475 1885 2502 non
1910 2460 2121 2510 admittit,

258 2517 363 2562 Vid.
387 2527 483 2562 not.
503 2519 558 2561 ad
582 2535 622 2562 c.
643 2517 714 2561 82.

298 2577 550 2623 Raetiam.
608 2568 697 2619 Siss
719 2573 918 2633 Ryckius
961 2571 1155 2619 correxit

248 2648 283 2676 *e
304 2631 529 2693 lapidibus
548 2631 744 2691 antiquis
760 2632 879 2689 apud
891 2630 1156 2679 Gruterum,

258 2690 541 2741 Manutium,
574 2689 869 2738 Remmium.»
905 2687 1038 2732 Prius
1061 2686 1155 2728 vul-

262 2749 449 2806 gabatur
469 2749 742 2793 Rhoetiam.

321 2806 635 2850 imminentis.
674 2803 825 2850 '·E‹ld.
864 2801 1075 2849 Beroald.
1115 2808 1159 2844 et

263 2861 407 2907 Rhen.
429 2879 528 2922 sqq.
555 2863 884 2907 immineneeis.
941 2860 1029 2903 Sed
1054 2860 1157 2901 cod.

264 2920 366 2963 MS.
402 2930 497 2968 test.
538 2922 625 2966 lac.
662 2918 902 2965 Gronovio
935 2934 1035 2960 eam
1067 2916 1158 2960 for-

265 2993 382 3021 mam
405 2993 498 3021 non
519 2978 738 3035 agnoscit.

323 3037 697 3078 centurionatum
728 3036 839 3076 inde
869 3033 974 3088 egit.
1048 3031 1159 3074 For-

267 3090 389 3135 mula
419 3087 542 3142 ἅπαξ
572 3094 619 3136 λε
642 3094 797 3150 ὀμένη
828 3100 873 3134 et
909 3088 1064 3133 multis
1101 3087 1160 3131 la·-

255 3147 442 3196 cessita.
489 3149 603 3192 Nam
621 3109 732 3193 iicet
755 3147 1034 3202 vocabulum
1056 3160 1163 3187 cen-

271 3208 533 3252 turionatus
575 3207 778 3252 admittas
824 3205 964 3264 (quod
998 3220 1054 3247 an
1089 3201 1163 3246 ad·

270 3260 543 3309 mittendum
569 3264 647 3312 sit,
679 3264 951 3318 dubitatur),
978 3267 1165 3303 manent

271 3321 508 3372 tenebrae,
556 3320 769 3380 quoniam
806 3337 918 3378 quae
954 3319 1046 3361 eius
1092 3332 1165 3357 vo-

276 3377 424 3421 rabuli
458 3395 551 3422 esse
583 3378 723 3438 possit
748 3377 1039 3434 significatio,
1073 3390 1167 3416 non

277 3436 380 3478 satis
422 3435 575 3503 liquet.
627 3435 958 3478 centurionum
990 3449 1038 3475 ex
1069 3448 1169 3475 ana-

275 3492 392 3549 logia
416 3503 501 3552 erit
522 3501 598 3536 aut
622 3491 940 3537 centurionem
972 3505 1067 3533 esse
1097 3496 1170 3532 aut

276 3551 591 3598 centurienem
623 3550 784 3595 faeere.
858 3547 975 3591 Hinc
1007 3554 1170 3589 centu·-

1225 2513 1528 2572 posteriorem
1554 2516 1745 2559 libenter
1769 2515 1946 2574 accipit.
2006 2517 2122 2561 Hinc

1227 2573 1603 2617 centurionatum
1627 2576 1718 2627 egit
1748 2573 1853 2617 eritx
1885 2591 2123 2619 recensum

1228 2628 1550 2676 centurionum
1569 2630 1699 2681 fecit,
1729 2640 1778 2672 ut
1799 2630 1948 2675 denuo
1971 2640 2120 2676 aucto·

1227 2692 1348 2726 rai-et
1381 2685 1423 2731 h..
1456 2703 1493 2732 e.
1525 2695 1598 2728 aut
1631 2688 1806 2745 priores
1846 2689 1893 2731 in
1928 2705 2010 2732 suo
2051 2703 2122 2730 or-

1228 2741 1334 2784 dine
1363 2742 1654 2785 confirmaret
1687 2753 1763 2788 aut
1795 2745 1843 2789 in
1874 2745 2025 2788 locum
2050 2761 2124 2788 va-

1230 2815 1366 2843 cuum
1398 2798 1511 2843 alios
1545 2800 1788 2844 sufficeret.
1846 2802 1911 2845 Ita
1944 2802 1990 2847 in
2029 2819 2126 2846 eam

1229 2855 1469 2900 incidimus
1504 2858 1942 2917 interpretationem,
1989 2875 2126 2918 quam

1229 2914 1441 2958 Muretus
1477 2915 1610 2958 dedit.
1673 2916 1765 2958 lam
1798 2916 1925 2961 loeus
1951 2917 2127 2962 sanissi-

1229 2988 1331 3015 mus
1362 2971 1443 3015 tibi
1477 2971 1618 3016 videri
1650 2981 1816 3032 posset.
1887 2975 1951 3018 At
1981 2990 2127 3032 quum

1232 3028 1380 3072 desint
1402 3028 1624 3087 exempla,
1655 3031 1805 3073 omnia
1831 3032 2023 3077 evadunt
2049 3031 2127 3074 du-

1233 3086 1320 3128 bia.
1382 3086 1537 3142 Quare
1567 3088 1770 3144 plerique
1795 3088 1841 3133 in
1868 3089 2129 3131 coniectura

1235 3159 1359 3200 spem
1381 3144 1566 3189 sanandi
1593 3145 1680 3188 loci
1705 3154 1968 3201 posuerunt.
2031 3145 2128 3202 Lip-

1235 3202 1324 3243 sius
1352 3200 1444 3244 vult
1463 3202 1573 3254 legit
1595 3217 1679 3258 pro
1703 3204 1806 3255 egit.
1865 3203 1900 3245 I.
1919 3203 1993 3246 Fr.
2011 3202 2129 3246 Gro-

1236 3257 1423 3302 noviust
1475 3261 1794 3301 centurionum
1845 3260 1955 3302 inde
1995 3262 2130 3304 dele-

1239 3322 1364 3358 ctum
1403 3316 1494 3370 egit
1531 3315 1599 3357 vel
1638 3317 1989 3361 centurionatus
2020 3318 2132 3361 inde
2219 3371 2222 3375 Ι

1238 3375 1407 3426 exegit.
1479 3372 1709 3419 Heinsiusz
1742 3389 1935 3417 censum
1969 3383 2132 3418 centu-
2215 3376 2219 3394 2

1240 3430 1429 3472 rionum
1473 3429 1545 3475 vel
1589 3434 1969 3475 centurionalem.
2042 3431 2138 3474 'Er-¹
2211 3448 2222 3476 ,ε

1242 3487 1438 3531 ηεεῑίυεε
1485 3489 1846 3532 centurionatim
1881 3489 1952 3532 vel
1981 3498 2131 3533 centu-

1242 3546 1408 3588 riatim
1449 3545 1478 3590 i.
1515 3562 1553 3590 e.
1590 3562 1670 3603 per
1707 3544 1944 3589 centurias.

2040 3546 2132 3592 Hil—
2220 3547 2222 3569 ³
