2222 4030
1798 220 1917 261 A.='U.
1936 219 2018 259 ¹774.

1800 268 1849 302 A.
1871 266 1919 304 G.
1963 270 2020 303 ¹21.

244 230 371 289 246
927 223 1430 286 ANNALIUM

249 359 396 417 anni
434 356 725 433 principio
765 353 1047 414 Tiberius
1086 356 1253 433 quasi
1294 355 1618 413 firmandae
1666 344 1995 418 valetudini
2046 362 2111 418 in

249 442 639 518 Campaniam
678 442 987 512 concessit,
1042 443 1281 514 longam
1316 451 1372 496 et
1410 437 2111 514 continuam‘ahsentiam

250 528 540 606 paulatim
579 527 900 598 ineditam,
957 527 1078 582 sive
1115 538 1184 583 ut
1214 537 1410 583 amoto
1442 538 1609 602 patre
1642 526 2114 598 Drusus1munia

244 614 590 672 consulatus
614 611 774 670 solus
806 613 1096 687 impleret.

253 699 329 755 ad
352 711 650 756 certamen
670 717 975 774 progressa
997 696 1270 771 praebuit
1293 697 1496 754 iuveni
1518 700 1826 756 materiem
1850 702 2116 777 apiscen-

240 785 317 854 di
359 783 594 842 favoris,
692 781 990 840 Domitius
1027 779 1291 839 Corbulo
1336 796 1611 858 praetura
1654 787 1892 843 functus
1937 788 2010 843 de
2045 786 2118 846 L.

255 868 424 927 Sulla
446 868 639 926 nobili
663 868 874 925 iuvene
901 878 1140 943 questus
1165 879 1250 924 est
1275 870 1435 943 apud
1465 883 1760 941 senatum,
1805 875 1968 949 quod
2003 873 2119 928 sibi

256 954 415 1012 inter
450 955 776 1031 spectacula
811 952 1205 1026 gladiatorum
1242 953 1371 1010 loco
1408 975 1532 1010 non
1567 957 1920 1015 decessisset.
2000 978 2116 1033 -pro

254 1038 598 1099 Corbulone
633 1049 818 1107 aetaS‚
868 1038 1096 1113 patrius
1139 1058 1296 1108 Πιοε,
1347 1040 1541 1096 studia
1581 1041 1879 1097 seniorum
1926 1053 2119 1099 erant:

189 1125 192 1127 ’
256 1137 461 1184 contra
482 1118 819 1182 Mamercus
847 1121 1104 1180 Scaurus
1138 1135 1196 1181 et
1225 1122 1296 1183 L.
1324 1119 1648 1182 Arruntius
1679 1127 1897 1203 aliique
1922 1127 2124 1184 Sullae

255 1210 579 1288 propinqui
602 1209 965 1268 nitebantur.
1053 1210 1471 1288 certabantque
1497 1212 1870 1269 orationibus
1905 1224 1963 1269 et
1994 1232 2125 1269 me-

255 1298 641 1354 morabantur
682 1294 947 1369 exempla
976 1295 1300 1364 maiorum,
1365 1297 1471 1372 qui
1517 1297 1843 1354 iuventutis
1891 1299 2126 1356 inreve-

257 1382 510 1439 rentiam
533 1379 809 1454 gravibus
833 1380 1081 1436 decretis
1101 1381 1492 1452 notavissent,
1535 1383 1722 1439 donec
1734 1381 1965 1440 Drusus
1991 1395 2127 1459 apta

261 1465 654 1542 temperandis
691 1465 904 1521 animis
941 1465 1269 1522 disseruitr
1306 1479 1360 1524 et
1398 1468 1758 1525 satisfactum
1795 1466 2130 1526 Corbuloni

259 1573 364 1629 per
386 1550 789 1621 Mamercum,
833 1550 941 1628 qui
974 1563 1220 1627 patruus
1245 1551 1425 1608 simul
1460 1574 1524 1610 ac
1563 1553 1808 1611 vitricus
1832 1553 2036 1612 Sullae
2074 1565 2130 1610 et

260 1648 565 1694 oratorum
590 1656 655 1692 ea
679 1647 865 1694 aetate
889 1636 1228 1694 uberrimus
1268 1649 1410 1699 erat.
1499 1637 1667 1696 Idem
1688 1638 1953 1698 Corbulo
1990 1639 2131 1715 plu-

257 1723 405 1780 rima
431 1742 540 1798 per
567 1719 802 1779 Italiam
826 1721 1039 1779 itinera
1062 1723 1270 1780 fraude
1291 1724 1632 1799 mancipum
1661 1737 1718 1782 et
1753 1725 1984 1782 incuria
2003 1744 2134 1781 ma·-

259 1808 613 1883 gistratuum
646 1808 980 1883 interrupta
1016 1820 1074 1866 et
1107 1808 1394 1884 impervia
1426 1809 1783 1868 clamitando
1806 1808 2136 1867 exsecutio-

261 1901 419 1951 nem'
441 1893 566 1950 eius
600 1893 826 1968 negotii
865 1893 1062 1950 libens
1108 1893 1386 1969 suscepit:
1456 1898 1616 1972 quod
1666 1892 1828 1953 haud
1883 1896 2135 1972 perinde

260 1979 500 2055 publice
536 1979 675 2036 usui
710 1975 986 2036 habitum
1026 1999 1206 2056 quam
1244 1980 1556 2038 exitiosum
1587 1982 1823 2051 multiS‚
1879 2001 2136 2059 quorum

264 2065 330 2122 in
361 2065 675 2140 pecuniam
712 2077 886 2143 atque
922 2065 1142 2122 famam
1189 2066 1673 2124 damnationibus
1715 2079 1771 2125 et
1807 2063 1973 2124 hasta
2010 2085 2139 2124 sae-

263 2150 482 2210 viebat.

433 2232 692 2296 XXXII.
775 2234 983 2314 Neque
1006 2237 1194 2294 multo
1226 2248 1358 2312 post
1388 2235 1598 2318 missis·
1618 2238 1696 2293 ad
1732 2251 2003 2296 senatum
2038 2237 2141 2294 lit-

265 2319 407 2379 teris
442 2317 725 2378 Tiberius
760 2333 985 2378 motam
1019 2342 1258 2379 rursum
1292 2320 1560 2380 Africam
1593 2321 1837 2380 incursu
1869 2322 2158 2380 Tacfari--

1182 608 1272 668 Ac
1305 612 1456 668 forte
1491 633 1672 687 parva
1707 623 1808 671 res*
1833 634 2116 690 magnum
2167 619 2182 629 '

268 2546 370 2582 tura
399 2536 640 2582 recedebat
668 2536 874 2590 ‚multum
915 2555 939 2581 a
971 2538 1171 2592 Tiberii·‚

268 2595 446 2640 Drusus
489 2611 595 2639 vero
636 2601 681 2640 et
720 2595 926 2639 Tiberius
970 2596 1167 2642 invicem

269 2653 526 2698 similiores.
587 2652 622 2697 Ι.
653 2653 733 2697 Fr.
767 2652 1032 2698 Gronovius
1068 2655 1166 2697 sru-

271 2719 361 2755 stra
385 2710 567 2757 volebat
594 2714 828 2755 connexis.

331 2768 595 2813 materiem.
670 2769 746 2813 Sic
788 2768 888 2812 cod.
923 2770 1027 2813 MS.
1067 2778 1168 2814 vett.

274 2827 381 2872 edd.
414 2825 490 2870 hic
519 2834 563 2869 et
589 2826 626 2878 1,
644 2826 714 2870 76.
774 2825 896 2869 Dein
928 2828 1175 2887 inrepserat

275 2885 558 2935 materiam„
615 2884 683 2927 uti
723 2894 789 2928 est
828 2885 876 2928 in
916 2885 1018 2928 edd.
1055 2886 1173 2944 Lips.

276 2941 405 2986 Pich.
440 2938 574 2984 Grut.
607 2957 707 3001 sqq.
736 2965 797 2975 -—
865 2942 952 2986 lac.
984 2941 1174 2987 Grono-

277 2999 377 3042 vius·
403 3013 503 3057 sqq.
547 3000 784 3045 restituere
822 3008 1023 3045 veterem
1058 3001 1175 3044 scri-

277 3064 476 3116 pturam.

335 3115 438 3155 loco
462 3128 559 3156 non
587 3116 869 3159 decessisset.
927 3113 1044 3158 Nam
1076 3131 1177 3174 spe-

280 3170 451 3215 ctacula
483 3172 780 3228 gladiatorum
817 3174 863 3216 in
897 3173 1176 3231 amphithea-

280 3235 380 3276 tro,
432 3227 480 3269 in
524 3233 659 3288 septis
703 3239 744 3274 et
773 3230 878 3274 alibi
916 3231 1178 3278 edebantur,

281 3286 358 3328 ubi
377 3300 477 3328 uon
506 3295 553 3328 ut
586 3289 631 3330 iu
657 3287 829 3330 theatro
861 3287 1066 3345 proprias
1097 3287 1179 3332 ha-

282 3343 414 3386 bebat
427 3350 618 3402 uterque
639 3346 752 3387 ordo
778 3345 919 3390 sedes.
980 3345 1051 3388 De
1076 3345 1177 3390 loco

282 3399 489 3444 editionis
510 3401 583 3458 hic
603 3402 766 3445 Noster
790 3411 921 3446 tacet.

340 3459 686 3517 certabantque.
743 3459 820 3503 Sic
839 3459 944 3504 cod.
961 3459 1060 3504 MS.
1081 3460 1181 3505 edd.

286 3515 499 3562 Beroald.
538 3518 679 3562 Rhen.
710 3516 814 3559 Ald.
856 3527 900 3560 et
930 3517 1018 3561 Iac.
1055 3516 1179 3561 Gro-

287 3589 395 3620 nov.
420 3579 663 3620 certabant
690 3574 788 3619 sine
821 3588 905 3629 que
936 3575 1035 3617 edd.
1064 3575 1181 3634 Lips.

1241 2539 1368 2583 Pich.
1392 2556 1490 2598 sqq.
1514 2547 1558 2583 et
1585 2555 1700 2599 quae
1725 2549 1826 2600 post
1849 2540 1938 2587 Iac.
1962 2538 2142 2583 Grono-

1241 2599 1368 2642 vium
1391 2598 1615 2656 prodiere.

1299 2670 1356 2696 ea
1388 2662 1559 2697 aetate.
1621 2655 1736 2698 Edd.
1764 2654 1970 2699 Beroald.
1997 2654 2142 2699 Rhen.

1243 2713 1349 2756 Ald.
1386 2711 1602 2756 omittunt
1634 2727 1715 2764 est,
1759 2714 1882 2771 quod
1914 2713 2032 2757 bene
2062 2714 2142 2756 ad-

1244 2770 1359 2814 didit
1399 2770 1638 2823 Fen-etus,
1688 2780 1733 2814 et
1771 2787 1983 2830 recepere
2026 2771 2146 2831 Lips.

1247 2845 1266 2871 s
1336 2860 1346 2870 .

1271 2843 1432 2927 qiidem
1467 2885 1684 2929 Corbulo.
1755 2885 1814 2930 cf.
1850 2885 1938 2929 Dio
1973 2885 2042 2938 59,
2075 2889 2144 2930 15.

1249 2943 1326 3001 qui
1360 2941 1463 2988 huic
1497 2942 1600 2987 loco
1631 2942 1800 2987 claram
1831 2943 2039 2988 adfundit
2072 2946 2144 2988 lu-

1252 3017 1366 3045 cem.

1305 3058 1670 3103 exsecutionem.
1747 3057 1805 3103 H.
1842 3072 1884 3101 e.
1926 3057 2148 3101 ultionem

1249 3114 1423 3161 fraudis
1445 3123 1487 3159 et
1510 3115 1724 3164 incuriae,
1759 3130 1845 3174 qua
1867 3113 2027 3159 itinera
2049 3132 2150 3160 eor·

1250 3182 1383 3230 rupta
1411 3188 1504 3215 esse
1528 3171 1805 3216 dicebantur.

1308 3245 1511 3286 quorum
1547 3229 1596 3271 in
1625 3230 1890 3284 pecuniam.
1972 3229 2148 3288 Lipsius

1252 3288 1418 3353 cogitat
1450 3286 1514 3353 'de
1556 3287 1888 3344 possessoribus
1909 3303 2149 3353 ’agrorum

1253 3361 1331 3389 vus
1374 3358 1648 3389 vicinorum.

1253 3401 1494 3461 pecuniam
1514 3402 1756 3454 saeviebat,
1785 3401 1862 3459 qui
1878 3401 2053 3445 viarum
2074 3418 2149 3445 cu-

1253 3475 1352 3504 ram
1378 3458 1622 3503 habuerant
1645 3476 1698 3504 ac
1731 3457 1944 3518 pecunias
1971 3459 2018 3502 in
2052 3475 2151 3502 eam

1720 3347 1868 3388 lmnio
1906 3360 1954 3387 in
1989 3359 2148 3388 eorum
2219 3379 2222 3382 Α

1256 3532 1356 3560 rem
1398 3525 1601 3576 acceptas
1646 3532 1742 3560 non
1773 3515 2043 3562 videbantur
2074 3516 2146 3561 in·
2215 3516 2217 3518 ’

1256 3573 1512 3633 sumpsisse.
1575 3573 1682 3618 vid.
1710 3574 1800 3618 Dio
1829 3573 1859 3618 l.
1889 3574 1916 3618 l.
