2222 4030
254 233 350 295 164

919 182 1443 292 .A‘NNAL1UM

1812 192 1874 270 'Aa‘
1887 233 1939 268 U.
1952 231 2042 270 ¹757.

1820 278 1873 312 A.
1894 276 1940 312 C.
1980 278 2041 312 14.

253 362 559 439 praesenti
623 362 882 419 duorum
916 365 1199 422 ·militum
1249 361 1536 438 supplicio
1583 363 1830 436 ⁴paulum
1874 370 2124 443 repressi

267 460 426 507 sunt.

557 444 812 505 Iusserat
882 448 945 505 id
1035 448 1321 507 Mennius
1397 459 1723 503 castrorum
1797 454 2122 525 praefectus

265 534 427 589 bono
469 533 654 605 magis
689 534 956 608 'exemplo
999 554 1177 611 quam
1212 551 1483 589 concesso
1523 532 1669 592 iure.
2024 524 2031 534 ⁴

1774 535 1986 592 deinde
2025 539 2124 594 in-

265 629 622 675 tumescente
644 629 812 697 motu
844 621 1127 693 profugus
1165 628 1577 693 repertusque,
1613 628 1927 695 postquam
1961 621 2125 680 intu-

252 714 356 760 tae
407 703 694 773 latebrae,
755 705 1119 779 praesidium
1175 703 1250 758 ab
1307 703 1550 759 audacia
1601 714 1930 762 mutuatur:
1999 727 2125 763 non

263 790 624 863 praefectum
657 789 733 846 ab
769 789 875 859 iis,
925 790 1026 845 sed
1059 786 1483 868 Germanicum
1519 789 1754 858 ducem,
1805 791 1907 846 sed
1942 789 2127 848 Tibe-

255 873 423 930 rium
466 873 881 949 imperatorem
924 873 1157 933 violari.

254 1037 351 1084 sed„
370 1037 577 1091 'adfirmat
609 1046 741 1096 atque
773 1038 848 1082 ait.
921 1036 1010 1091 Sed
1041 1036 1164 1080 Her-

263 1093 358 1139 telii
378 1105 514 1154 opera
540 1095 587 1138 in
611 1095 694 1139 hac
718 1111 766 1138 re
783 1095 926 1152 posita
949 1111 1044 1138 non
1063 1096 1160 1138 abs-

206 1150 215 1158 ”
262 1152 424 1197 terruit
448 1151 749 1202 Walchium,
793 1153 901 1209 quin
948 1152 1004 1195 ad
1049 1152 1156 1195 Tac.

254 1211 375 1268 ,Agr-
417 1209 562 1254 c.·18.
607 1210 789 1253 uberius
822 1209 887 1252 de
922 1209 1160 1255 vexillariis

263 1275 519 1326 exponeret.
575 1266 780 1310 -Strenue
815 1276 971 1310 contra
1003 1266 1158 1310 Piche·

261 1341 368 1369 nam
391 1324 653 1381 ceterosque
679 1322 877 1367 defendit
895 1324 1031 1382 Lipsii
1059 1340 1158 1367 sen·

261 1381 474 1430 tentiam,
515 1381 764 1427 vexillarios
796 1397 890 1424 esse
924 1390 1159 1424 veteranos

262 1447 366 1499 post
386 1439 792 1492 exauctorationem
813 1439 930 1496 apud
950 1434 1169 1495 vexilluml

260 1504 461 1539 retentos
497 1495 576 1549 (cf.
609 1512 732 1553 supr.
768 1511 810 1540 c.
837 1497 947 1553 17.)‚
993 1512 1160 1553 eosque

262 1554 407 1598 dictos
460 1553 712 1611 suspicatur
763 1568 860 1596 non
912 1568 938 1598 a
979 1553 1160 1603 vexillis,

264 1626 378 1669 quae
410 1624 498 1667 pro
532 1611 670 1667 signis
705 1611 1041 1669 usurpaverint,
1081 1610 1159 1653 sed

262 1684 289 1711 a
309 1668 470 1713 vexillo
491 1667 678 1726 legioni—s
700 1667 746 1710 in
767 1684 904 1712 manu
927 1669 1053 1712 ducis
1078 1684 1157 1726 po-

259 1726 370 1776 sito,
393 1725 516 1782 quod
541 1725 597 1769 ad
618 1725 843 1782 proelium
866 1726 1159 1770 indicendum

259 1782 458 1841 proponi
490 1782 682 1835 solebat,
727 1792 777 1827 ut
807 1784 1061 1828 vexillarios
1093 1783 1158 1824 in-

259 1840 432 1899 telligas
473 1840 635 1882 milites
675 1839 732 1884 ad
775 1841 981 1884 vexillum
1025 1840 1158 1899 perti-

259 1907 443 1945 nentes,
495 1897 737 1953 vexillum⁴
783 1899 875 1945 uasi
925 1906 1158 1957 gestantes.

260 1955 392 1999 Haud
428 1970 535 1997 vero
568 1955 709 1998 nescit
734 1914 852 1999 iilem
881 1957 954 2002 vir
985 1956 1160 2005 doetus,

258 2013 496 2055 vexillum
526 2012 614 2055 dici
651 2013 705 2055 de
736 2029 1007 2071 quacunque
1035 2013 1159 2056 mili-

258 2079 358 2113 tum
390 2085 528 2111 manu
549 2070 631 2112 sub
657 2070 815 2112 vexillo
841 2071 1069 2119 euntium,
1108 2078 1160 2112 ut

259 2127 353 2171 An.
377 2126 419 2175 2,
443 2127 514 2171 78.
560 2126 673 2170 Hist.
698 2128 740 2176 2,
763 2127 832 2170 89.
868 2127 958 2171 An.
984 2127 1049 2179 15,
1066 2128 1158 2175 26„

262 2185 341 2243 qui
373 2192 524 2227 tamen
587 2193 790 2242 ropterea
827 2202 922 2228 non
951 2185 1159 2229 dicantur

220 2292 222 2297 ,
259 2240 490 2290 vexillarii.
574 2250 590 2284 t
645 2242 814 2284 fimum
831 2243 1013 2301 quidem
1037 2259 1157 2300 egre-

260 2301 330 2361 gie
360 2300 414 2342 de
439 2298 522 2342 hac
543 2315 592 2342 re
613 2258 864 2351 RNalchius
897 2316 950 2343 eo
979 2301 1159 2351 meruit,

293 2357 385 2400 uod
433 2356 681 2399 vexillarios
730 2357 918 2415 proprio
970 2358 1158 2400 nomine

259 2375 431 2463 dictos,
461 2413 539 2471 qui
564 2422 740 2456 certum
762 2415 808 2456 in
837 2414 1012 2472 legione
1038 2409 1157 2458 ordi-

259 2489 367 2515 nem
416 2480 686 2528 certumque·
732 2471 915 2515 militiae
966 2473 1158 2529 gradum

258 2529 593 2575 constituebant
615 2528 808 2587 ideoque
829 2530 1066 2572 audiebant
1087 2546 1158 2571 ve·

257 2587 415 2631 xillarii
442 2585 698 2643 legionum,
729 2586 883 2629 vexilla
911 2586 1158 2643 legionum,

258 2653 466 2688 accurate
510 2643 707 2687 distinxit
745 2645 798 2690 ab
833 2642 886 2685 iis
917 2643 1156 2693 militibus,

259 2702 337 2760 qui
360 2701 524 2759 passim
551 2701 765 2744 dicuntur
795 2700 860 2743 ire
885 2702 968 2744 sub
996 2700 1153 2743 vexillo

258 2769 309 2803 ut
347 2758 507 2802 delecti
547 2759 602 2802 ad
647 2756 920 2815 peculiarem
956 2757 1154 2816 aliquam

259 2816 588 2874 expeditionem
628 2816 702 2859 vel
749 2816 937 2858 omnino
981 2824 1156 2873 praeter

257 2874 446 2930 legionis
488 2889 702 2916 numeros
744 2872 898 2916 habiti.
968 2872 1028 2917 ef.
1064 2874 1155 2915 An.

257 2932 301 2983 2,
333 2930 404 2973 78.
446 2931 675 2972 vexillum
707 2932 915 2973 tironum
925 2945 939 2981 ;
989 2930 1058 2981 15,
1085 2931 1157 2973 26.

259 2988 443 3031 vexilla
472 2990 772 3030 delectorum.
834 2987 1012 3030 Etenim
1045 2987 1156 3030 eius-

260 3044 386 3090 modi
410 3061 596 3096 manus,
626 3061 885 3103 quanquam
911 3045 1053 3088 utitur
1081 3061 1156 3091 ve-

260 3102 391 3150 xillo,
433 3117 527 3144 non
571 3111 634 3145 est
672 3102 1022 3147 vexillariorum.
1107 3102 1158 3144 ld

261 3175 445 3260 quoque
489 3167 608 3201 recte
653 3160 828 3203 censuit
869 3159 936 3201 vir
984 3166 1159 3209 doctus,

261 3218 375 3264 vexil
393 3215 510 3260 arios
550 3232 643 3258 esse
679 3226 914 3261 veteranos
953 3224 1157 3259 exaucto-

262 3283 400 3319 ratos.
469 3273 646 3315 Verum
680 3274 799 3330 quod
833 3274 1085 3332 suspicatur
1110 3273 1156 3315 id

263 3349 435 3375 nomen
467 3330 640 3373 dictum
674 3345 698 3372 a
728 3330 887 3373 vexillo
922 3332 1160 3389 imperato-

263 3391 326 3433 ris
362 3389 418 3432 ad
457 3387 752 3430 indicendum
791 3388 1014 3445 proelium
1058 3403 1158 3446 pro-

263 3447 372 3505 poni
433 3444 601 3495 solito,
662 3444 728 3486 vix
792 3445 964 3486 admitti
1026 3453 1160 3502 pote-

263 3505 336 3547 rit.
398 3503 499 3547 Alia
541 3501 690 3560 potius
735 3501 908 3544 videtur
951 3519 1044 3545 esse
1080 3518 1159 3547 vo-

265 3561 415 3606 cabuli
462 3560 592 3607 ratio.
685 3558 822 3602 Vetus
868 3557 954 3602 fuit
995 3560 1157 3602 Roma-

1220 1209 1309 1252 'dio
1339 1208 1527 1266 legionis
1559 1218 1642 1252 trla
1677 1209 1846 1254 vexilla.

1256 872 1434 929 simul
1467 874 1753 930 exterritis
1793 876 1900 952 qui
1938 876 2125 934 obsti-

1233 1052 1399 1080 norum
1434 1036 1714 1090 institutum,
1763 1047 1813 1083 ut
1840 1049 2015 1097 praeter
2049 1041 2123 1094 tri·

1233 1095 1355 1152 ginta
1396 1095 1673 1152 manipulos,
1717 1112 1766 1138 ex
1804 1095 1964 1153 quibus
2002 1114 2124 1141 com·

1231 1153 1484 1211 ponebatur
1509 1152 1650 1210 legio,
1680 1152 1884 1197 adessent
1908 1153 1955 1196 in
1986 1155 2125 1198 subsi-

1605 1209 1614 1219 ‘
1906 1210 2126 1258 ,Primum

1230 1265 1444 1312 vexillum
1486 1267 1728 1324 antiquitus
1778 1268 1954 1321 triarios
1991 1269 2124 1312 duce-

1230 1325 1328 1375 bat,
1374 1330 1637 1367 veteranum
1680 1323 1866 1368 militem
1907 1333 2126 1383 spectatae

1230 1381 1430 1434 virtutis;
1458 1381 1707 1424 secundum
1729 1382 1952 1433 rorarios,
1976 1384 2124 1426 minus

1231 1437 1409 1482 roboris
1457 1446 1600 1481 aetate
1641 1438 1882 1496 factisque3
1939 1441 2124 1484 tertium

1231 1502 1491 1544 accensos,'
1527 1496 1744 1538 minimae
1790 1497 1982 1541 fiduciae
2032 1513 2124 1540 ma-

1230 1569 1359 1596 num.
1417 1554 1477 1597 cf.
1509 1552 1605 1596 Liv.
1642 1554 1682 1604 8,
1707 1554 1749 1596 8.
1824 1555 1918 1598 Iam
1951 1554 2125 1598 triario·

1230 1627 1357 1659 rum,
1407 1611 1692 1654 rorariorum
1742 1620 1786 1655 et
1830 1628 2126 1656 accensorum

1233 1684 1379 1726 aeque¹
1425 1684 1478 1712 ac
1528 1669 1789 1726 principum
1839 1679 1882 1713 et
1927 1670 2124 1713 hastato-

1229 1741 1333 1768 rum
1371 1726 1583 1769 voeabula
1623 1735 1773 1784 postea
1803 1727 2124 1779 aboleverunt3

1229 1782 1386 1826 vexilla
1417 1791 1567 1826 tamen
1599 1800 1677 1826 sua
1709 1784 1960 1842 legionibus
1995 1800 2128 1827 man—
2200 1789 2211 1799 ‘

1230 1857 1351 1892 sere,
1406 1841 1489 1882 sub
1530 1841 1694 1898 quibus
1734 1851 1910 1899 praeter
1944 1841 2127 1898 triginta

1230 1897 1487 1955 manipulos
1511 1914 1758 1955 eorumque
1783 1900 1907 1957 signa
1939 1898 2129 1942 habere-

1227 1964 1306 1999 tur
1342 1955 1604 1999 subsidiaria
1645 1957 1861 2013 quaedam
1899 1955 2129 2023 legionum
2196 1962 2222 2027 fl

1231 2029 1417 2064 manus3
1446 2012 1490 2055 hi
1513 2021 1620 2055 sunt
1641 2012 1860 2058 vexillarii
1881 2014 2128 2071 legionum,
2172 2038 2178 2043 κ

1230 2071 1393 2116 vexilla
1430 2069 1686 2126 legionum,
1735 2071 1898 2128 quibus
1933 2070 2126 2115 adscribi
2164 2082 2167 2085 ⁴

1230 2127 1435 2172 solebant
1470 2127 1665 2170 veterani
1704 2127 1991 2171 exauctorati.
2059 2128 2126 2172 Ita

1230 2195 1273 2230 et
1306 2185 1416 2228 olim
1448 2185 1566 2243 apud
1593 2184 1752 2227 vexilla
1784 2185 1929 2228 fuerat
1953 2192 2126 2230 vetera·

1227 2259 1311 2286 nus
1333 2241 1460 2285 miles
1485 2250 1708 2299 spectatae
1732 2241 1933 2294 virtutis,
1962 2251 2126 2286 testan·
2156 2268 2159 2270 v
2191 2268 2194 2273 .

1228 2309 1272 2343 te
1308 2299 1436 2344 Livio
1475 2299 1504 2341 l.
1535 2300 1565 2342 l.
1627 2300 1702 2343 An
1729 2300 1918 2358 Augusti
1956 2308 1998 2343 et
2030 2315 2124 2358 seq.

1227 2366 1431 2415 tempore
1452 2365 1626 2413 praeter
1651 2365 1890 2404 veteranos
1913 2366 2127 2401 exaucto-

1227 2424 1350 2459 ratos
1399 2413 1474 2456 alii
1507 2413 1639 2458 etiam
1682 2414 1847 2458 milites
1882 2415 1937 2458 ad
1968 2414 2127 2461 vexilla

1229 2472 1554 2532 pertinuerint,
1587 2487 1722 2516 nemo
1745 2471 1942 2517 tradidit.

1285 2556 1518 2599 Menm’us.
1579 2555 1778 2599 Rieklefs
1813 2572 1917 2600 cum
1940 2555 2127 2600 Heinsio

1229 2613 1278 2657 in
1300 2614 1389 2657 hoc
1410 2611 1599 2656 nomine
1623 2613 1783 2657 vitium
1814 2629 1908 2657 esse
1935 2613 2126 2672 suspica-

1229 2680 1330 2722 tur‚·
1370 2669 1578 2713 emendat
1610 2670 1884 2721 Memmius,
1919 2671 1993 2715 vel
2024 2669 2127 2713 Me-

1226 2729 1416 2779 nenias,
1445 2725 1595 2771 velM.
1612 2728 1811 2770 Ennius.
1855 2727 2127 2785 Suspectum

1226 2786 1344 2829 haud
1367 2784 1500 2828 dubie
1524 2792 1589 2827 est
1615 2786 1687 2827 vul
1722 2795 1861 2828 atum.
1895 2785 1999 2828 Vid.
2028 2793 2124 2829 not.

1227 2843 1282 2886 ad
1304 2844 1393 2886 An.
1424 2842 1491 2892 12,
1509 2842 1580 2884 22.
1611 2850 1655 2884 et
1680 2801 1796 2886 fiist.
1822 2841 1863 2892 3,
1888 2843 1956 2885 12.

1287 2929 1408 2969 bono
1467 2926 1624 2979 magis
1695 2929 1915 2981 exemplo
1985 2941 2127 2982 quam

1225 2998 1437 3034 concesso
1479 2984 1597 3026 iure.
1669 2983 1977 3039 Exemplum,
2031 2999 2127 3026 πα-

1229 3037 1484 3100 ράδειγμα,
1558 3050 1625 3084 est
1686 3042 1810 3098 quod
1878 3041 2010 3083 datur
2071 3041 2127 3084 ad

1229 3099 1507 3143 hortandum
1557 3098 1630 3142 vel
1674 3098 1728 3140 ad
1775 3097 2126 3154 dehortandum,

1230 3166 1280 3200 ut
1328 3156 1415 3199 hic.
1502 3156 1697 3198 Bonum
1755 3154 1921 3198 dicitur
1985 3154 2030 3199 h.
2085 3173 2125 3201 e.

1230 3214 1338 3257 utile
1386 3212 1433 3254 in
1475 3228 1600 3266 re1n3
1674 3228 1868 3268 namque
1913 3222 2127 3257 eventum

1230 3270 1384 3314 hahuit
1440 3286 1570 3321 eum,
1630 3277 1678 3311 ut
1729 3269 1892 3312 seditio
1940 3269 2127 3327 paulum

1232 3329 1575 3385 reprimeretur.
1670 3325 1746 3370 Sic
1810 3327 1900 3370 An.
1958 3328 1999 3378 2,
2057 3330 2125 3371 14.

1232 3386 1344 3427 boni
1362 3388 1426 3426 ad
1442 3385 1678 3438 proelium
1699 3386 1868 3439 campi.
1881 3409 1938 3419 —
1972 3385 2127 3440 Quam

1233 3456 1440 3485 concesso
1480 3444 1602 3492 l'ure;
1650 3458 1755 3484 nam
1791 3442 1873 3484 soli
1907 3443 2127 3486 exercitus

1233 3499 1338 3543 duci
1361 3499 1534 3542 eratius
1555 3498 1937 3543 animadvertendi
1964 3499 2012 3542 in
2035 3500 2125 3544 mi-

1231 3557 1344 3601 lites.
1407 3557 1465 3599 cf.
1497 3556 1587 3600 Dio
1614 3556 1685 3605 53,
1710 3557 1775 3602 13.
