2222 4030
1826 158 1832 183 δ

1772 248 1825 291 Α.
1839 252 1891 288 U.
1908 250 1994 287 76⁴3.

1777 292 1828 330 A.
1851 295 1898 332 c,
1934 298 1999 333 ιθ.

239 256 392 340 136,
889 247 1410 312 ANNALIUM

238 383 606 458 licorumque
638 390 696 438 et
725 378 987 438 Gallicae
1024 378 1296 439 cohortes
1333 381 1497 454 signa
1535 381 1900 446 obiecissent.
1955 387 2092 444 nisu

221 479 437 531 ,tamen
479 465 742 541 corporis
781 477 839 523 et
873 466 1098 542 impetu
1135 467 1272 542 equi
1306 466 1588 540 pervasit,
1643 468 1862 526 oblitus
1886 472 2094 531 faciem

237 573 345 611 suo
384 570 620 621 cruore,
663 570 739 607 ne
776 563 1131 610 nosceretur.
1194 550 1437 626 quidam
1476 552 1742 624 agnitum
1775 574 1809 610 a
1842 551 2094 613 Chaucis

240 638 398 696 inter
419 636 635 694 auxilia
654 633 928 694 Romana
953 636 1261 709 agentibus
1285 636 1678 712 emissumque
1706 640 2096 701 tradiderunt.

241 719 451 779 Virtus
476 742 579 778 seu
602 722 762 778 fraus
792 722 996 777 eadem
1019 719 1394 792 Inguiomero
1433 721 1718 795 effugium
1756 725 1944 781 dedit:
2003 745 2100 781 ce-

244 807 358 865 teri
412 807 629 887 passim
676 805 970 864 trucidati.
1046 817 1102 861 et
1151 805 1464 882 plerosque
1519 818 1753 864 tranare
1798 807 2101 883 Visurgim

245 890 524 950 conantes
566 892 779 948 iniecta
811 891 927 948 tela
963 901 1066 946 aut
1097 889 1190 944 vis
1230 890 1521 961 fluminiS‚
1581 906 1877 967 postremo
1915 895 2100 950 moles

245 977 549 1035 ruentium
592 988 650 1033 et
692 976 1015 1032 incidentes
1063 974 1226 1049 ripae
1283 995 1583 1050 operuere.
1657 979 1898 1054 quidam
1941 979 2102 1054 turpi

246 1064 386 1137 fuga
421 1062 488 1119 in
523 1081 750 1119 summa
797 1061 1080 1116 arborum
1122 1059 1240 1115 nisi
1292 1061 1587 1136 ramisque
1635 1082 1695 1117 se
1746 1064 2103 1120 occultantes

248 1148 502 1206 admotis
544 1145 855 1220 sagittariis
894 1165 1001 1219 per
1035 1144 1366 1201 ludibrium
1389 1145 1744 1219 figebantur:
1791 1147 1939 1204 alios
1963 1169 2105 1223 pro-

248 1243 416 1290 rutae
476 1233 715 1289 arbores
771 1229 1068 1290 adflixere.
1191 1228 1413 1303 Magna
1479 1251 1544 1287 ea
1607 1231 1856 1290 victoria
1914 1253 2106 1310 neque

250 1330 496 1376 cruenta
512 1317 685 1373 nobis
710 1315 840 1374 fuit.

421 1399 647 1460 XVIII.
693 1399 920 1474 Quinta
947 1401 1022 1458 ab
1050 1397 1200 1458 hora
1229 1401 1349 1457 diei
1374 1402 1448 1458 ad
1476 1413 1708 1458 noctem
1737 1403 1888 1459 caesi
1911 1398 2108 1460 hostes

251 1489 453 1546 decem
473 1487 660 1542 millia
682 1506 961 1561 passuum
985 1487 1366 1543 cadaveribus
1387 1498 1559 1563 atque
1581 1488 1760 1543 armis
1781 1489 2110 1563 opplevere,

248 1572 492 1648 repertis
515 1572 670 1628 inter
697 1572 883 1646 spolia
908 1592 1113 1628 eorum
1134 1572 1352 1628 catenis
1370 1618 1387 1642 ,
1434 1591 1576 1648 quas
1609 1572 1674 1628 in
1699 1571 2009 1630 Romanos
2043 1584 2112 1630 ut

249 1678 375 1715 non
419 1657 603 1713 dubio
639 1668 853 1713 eventu
890 1668 1285 1732 portaverant.
1397 1655 1580 1714 Miles
1631 1658 1697 1713 in
1730 1659 1860 1714 loco
1898 1659 2112 1733 proelii

250 1740 566 1799 Tiberium
594 1742 1008 1816 imperatorem
1033 1742 1336 1811 salutavit,
1391 1742 1718 1819 struxitque
1758 1762 2023 1817 aggerem
2059 1755 2115 1800 et

252 1827 320 1885 in
355 1829 602 1885 modum
639 1838 1018 1903 tropaeorum
1058 1848 1219 1884 arma
1258 1827 1602 1902 subscriptis
1639 1828 1930 1886 victarum
1971 1848 2115 1903 gen-

253 1913 404 1976 tium
424 1913 770 1969 nominibus
793 1913 1092 1989 imposuit.

422 1996 589 2057 XIX.
636 1995 816 2056 Haud
839 1999 1085 2073 perinde
1102 1996 1433 2056 Germanos
1454 1998 1732 2068 vulnera,
1758 1999 1978 2069 luctus,
2017 2020 2116 2056 ex÷

253 2082 406 2140 cidia
445 2103 623 2159 quam
660 2103 724 2138 ca
760 2084 977 2158 species
1007 2085 1212 2140 dolore
1256 2094 1312 2139 et
1349 2083 1437 2139 ira
1479 2084 1712 2142 adfecit.
1783 2085 1888 2160 qui
1935 2085 2114 2141 modo

254 2169 418 2225 abire
441 2168 707 2236 sedibus,
738 2178 900 2229 trans
917 2163 1124 2229 Albim
1152 2169 1471 2225 concedere
1498 2169 1814 2244 parabant,
1857 2189 2118 2245 pugnam

252 2253 492 2330 volunt,
535 2273 696 2317 arma
733 2253 999 2335 rapiunt:
1055 2253 1283 2329 plebeS‚
1326 2253 1644 2329 primores,
1687 2254 1988 2325 iuvenum,
2029 2275 2119 2312 se-

252 2419 343 2464 An.
369 2418 411 2471 4,
433 2418 505 2462 40.
531 2425 574 2461 et
603 2415 783 2475 quidem
815 2433 947 2461 sensu
980 2409 1148 2461 intran'·

255 2476 418 2529 sitiv0,
446 2477 506 2520 ita
530 2485 681 2518 tamen
704 2484 752 2518 ut
775 2476 908 2520 facile
931 2475 1149 2533 intelliga-

256 2543 357 2586 tur,
397 2533 506 2593 quid
538 2534 618 2584 sit,

255 2607 441 2651 perram
477 2599 571 2642 ant,
612 2599 660 2633 ut

257 2664 392 2692 nam.

1220 2421 1588 2479 υποτμηθιέντων
1614 2420 1708 2470 τῶν
1730 2419 1938 2476 δένδρων
1965 2417 2121 2478 ἑφθά-

1223 2492 1384 2535 ρησαν.
1418 2477 1490 2519 De
1515 2477 1747 2520 securibus
1771 2478 1824 2520 ad
1847 2478 1968 2521 hunc
1988 2495 2119 2521 usum

703 2534 794 2576 uod
830 2541 1042 2591 rumpant
1076 2540 1152 2575 aut
1223 2535 1342 2594 apud
1369 2535 1554 2578 militem
1579 2535 1740 2592 paratis
1759 2535 1860 2578 vide
1881 2535 1985 2578 infr.
1998 2535 2121 2587 &46-

628 2649 636 2657 ,
720 2589 762 2634 ie
792 2591 941 2633 aciem
961 2592 1151 2634 Imma*
1284 2605 1396 2648 CAP.
1435 2604 1504 2647 18.
1549 2607 1745 2658 repertis
1771 2636 1782 2647 .
1812 2636 1822 2647 .
1844 2635 1858 2649 .
1879 2635 1890 2647 .
1927 2607 2117 2649 catenis.

294 2706 303 2716 ,
444 2706 453 2716 ,
498 2664 569 2691 ³¹¹¹
595 2647 638 2691 [Π
661 2646 1036 2714 Gesm³n⁰⁵,¹um
1064 2662 1155 2690 ¹¹¹¹·
1230 2662 1397 2712 Similis
1420 2662 1703 2718 adrogantiae
1731 2662 1926 2721 exempla
1948 2663 2121 2719 Lipsius

259 2705 396 2765 dxque
414 2713 831 2763 circumsepserant.
865 2705 1006 2772 Igitur
1025 2719 1153 2772 rum.-
1228 2720 1371 2762 adfert
1393 2736 1415 2761 e
1435 2719 1559 2761 Flos·
1582 2718 1624 2773 3,
1649 2719 1690 2761 7·
1753 2719 1915 2778 pobqh
1940 2720 1982 2772 3,
2000 2721 2071 2763 32-

257 2779 374 2819 pere
412 2771 478 2807 est
514 2772 777 2823 rupturam,
823 2770 874 2805 ut
904 2771 965 2805 lla
995 2761 1156 2814 dicam,
1284 2777 1332 2818 in
1363 2777 1616 2820 Romanos·
1674 2777 1713 2819 E
1746 2778 2017 2834 gmeeismo,
2060 2781 2124 2828 εἷς

259 2821 425 2864 facere.
494 2819 600 2864 Una
637 2820 708 2863 ed.
744 2819 847 2862 Ald.
881 2826 1152 2887 erupturus,
1228 2832 1336 2883 τοὺς
1364 2831 1640 2892 Ῥωμαίους,
1687 2834 1785 2890 sar
1821 2836 1898 2877 die
1912 2836 2122 2890 meer·

260 2878 385 2935 qu⁰d
407 2877 588 2922 V⁰leb²²
607 2878 830 2921 Murem&
889 2876 978 2919 bed
1001 2892 1156 2919 erum·
1230 2891 1309 2934 Sic
1367 2892 1484 2949 apud
1543 2891 1769 2935 Plutarch.
1821 2892 2120 2937 Xenocrates:

257 2936 408 2990 pendi
431 2935 560 2980 notio
588 2936 641 2978 ab
668 2933 882 2978 hocloco
904 2933 1044 2976 aliena
1069 2942 1160 2987 est;
1223 2949 1335 3007 {suoi
1368 2950 1458 3008 μὲν
1492 2947 1606 3006 γὰρ,
1649 2950 1767 3007 ἔφη,
1810 2946 1945 3007 μόλις
1975 2948 1999 2994 ὁ
2020 2955 2123 2995 Λα,-

1232 3011 1357 3063 ρείου
1391 3009 1591 3056 πλοῦτος
1621 3010 1683 3056 εἰς
1717 3005 1822 3057 τοὺς
1846 3010 2009 3066 φίλους
2039 3006 2124 3068 ἥρ.-

1230 3078 1383 3120 κησεν.
1445 3065 1503 3108 cf.
1525 3073 1618 3109 not.
1641 3065 1695 3117 ad
1723 3065 1763 3117 5,
1788 3065 1830 3108 7.

1291 3135 1529 3186 Tiberium
1561 3136 1899 3190 imperatorem
1933 3138 2124 3188 saluta-

263 2992 310 3034 id
333 2993 520 3035 verbum
546 2991 712 3036 dicitur
740 2992 794 3034 de
823 2991 899 3041 iis,
940 2991 1017 3049 qui
1052 3007 1154 3034 cum

262 3047 304 3091 vi
331 3058 522 3106 surgunt
546 3067 568 3093 e
595 3050 746 3092 castris
770 3048 839 3094 vel
866 3047 950 3091 alia
974 3047 1078 3091 sede
1103 3049 1158 3091 ad

262 3105 482 3164 impetum
504 3107 775 3150 faciendum.
810 3105 868 3149 cf.
893 3121 1015 3163 supr.
1040 3108 1078 3157 1,
1101 3105 1159 3147 36

263 3171 308 3207 et
341 3162 413 3208 67.
491 3163 602 3207 Mox
642 3164 710 3207 ed.
748 3162 854 3206 Ald.
895 3163 1035 3206 nissu.
1073 3179 1156 3222 pro

263 3220 398 3272 m'su;
430 3228 474 3263 et
499 3220 658 3263 deinde
677 3222 800 3264 nissi
816 3235 900 3278 pro
923 3220 1033 3262 nisi.

317 3278 547 3332 agnitum.
603 3277 717 3320 Edd.
734 3275 943 3320 Bet-eald.
955 3277 1154 3320 Rhenan.

263 3335 370 3380 Ald.
413 3334 690 3389 adgniemn;
754 3335 855 3380 edd.
901 3334 1021 3393 Lips.
1057 3350 1156 3392 sqq.

263 3394 495 3450 agnitum.
852 3419 870 3435 a.
1002 3397 1010 3420 ·’
1040 3431 1044 3434 .
1073 3427 1075 3430 .

322 3451 445 3495 alios
482 3456 711 3504 prorutae
764 3451 956 3493 arbores
1016 3447 1157 3504 adfli-

263 3521 397 3551 xere.
456 3507 500 3550 h.
529 3524 568 3549 e.
593 3506 663 3550 alii
699 3506 893 3564 prorutis
922 3507 1158 3551 arboribus

263 3563 429 3614 adflicti
467 3572 594 3614 sunt.
684 3563 774 3607 Dio
824 3563 895 3611 37,
938 3565 982 3615 2.
1031 3562 1155 3615 οὗτοι

1229 3194 1313 3235 vit.
1373 3192 1532 3235 Prisco
1555 3195 1698 3235 more.
1745 3193 1799 3240 cf.
1830 3201 1924 3244 not.
1949 3194 2003 3236 ad
2031 3197 2068 3247 1,
2081 3196 2122 3239 2.

1261 3315 1265 3318 η
1289 3272 1613 3319 tropaeorum.
1671 3260 1787 3313 Edd.
1809 3263 1907 3314 Ber.
1922 3264 2122 3316 Rhenan.

1232 3321 1335 3365 Ald.
1360 3337 1456 3378 sqq.
1490 3323 1839 3375 trophaeorum.
1898 3322 2125 3374 Hodierna

1231 3378 1451 3436 scriptura
1476 3378 1622 3436 coepit
1642 3395 1667 3422 a
1689 3377 2026 3430 Gronoviorum
2052 3380 2121 3424 ed.

1235 3435 1360 3480 1672.

1288 3506 1404 3551 CAP.
1443 3507 1508 3550 19.
1548 3509 1718 3550 luctus.
1783 3507 1854 3550 Sc.
1889 3506 1944 3550 de
1980 3516 2124 3552 morte

1233 3563 1616 3624 propinquorum.
2100 3587 2103 3592 ¹
