2222 4030
1774 167 1894 208 A0U.
1914 167 1992 206 767.

1773 215 1824 249 A.
1845 212 1891 266 e.
1932 213 1991 249 14.

905 161 1409 229 ANNALIUM

356 329 360 334 -
386 289 489 351 IV.
555 289 742 365 Igitur
763 313 929 366 verso
961 296 1226 355 civitatis,
1243 308 1398 355 statu
1430 292 1585 354 nihil
1618 318 1867 376 usquam
1897 305 2076 379 prisci

213 388 271 436 et
294 376 508 450 integri
532 377 743 436 moris:
787 400 992 437 omnes
1023 393 1193 438 exuta
1224 383 1572 460 aequalitate
1604 384 1759 441 iussa
1791 389 2076 464 principis

211 474 537 538 aspectare,
587 463 758 520 nulla
795 463 859 520 in
895 486 1169 542 praesens
1207 468 1554 538 formidine,
1603 470 1747 525 dum
1772 467 2073 544 Augustus

210 558 398 606 aetate
441 547 674 605 validus
723 569 899 627 seque
956 563 1012 608 et
1061 552 1305 607 domum
1358 565 1412 609 et
1459 575 1663 628 pacem
1709 559 2071 620 sustentavit.

207 631 533 708 Postquam
555 646 829 717 provecta
857 635 974 691 iam
995 647 1259 698 senectus
1289 657 1460 710 aegro
1494 650 1551 694 et
1588 660 1831 714 corpore
1864 643 2073 716 fatiga-

206 719 412 786 batur,
439 718 770 796 ‘aderatque
802 720 938 775 finis
974 733 1030 779 et
1065 740 1193 795 spes
1230 742 1444 779 novae:
1498 726 1671 799 pauci
1702 726 1861 782 bona
1891 728 2075 783 liber-

207 802 343 874 tatis
379 802 676 864 incassum
713 805 1022 876 disserere,
1078 807 1277 880 plures
1314 808 1539 863 bellum
1578 830 1914 884 pavescere,
1970 813 2073 868 alii

207 902 444 963 cupere:
496 909 632 964 pars
672 891 858 946 multo
893 891 1148 947 maxima
1184 892 1547 950 imminentis
1581 896 1853 952 dominos
1891 898 2072 955 variis

205 974 548 1039 rumoribus
586 975 964 1032 differebant:
1019 987 1244 1032 trucem
1283 974 1610 1052 Agrippam
1645 991 1701 1035 et
1743 981 2072 1052 ignominia

204 1079 516 1120 accensum
562 1080 689 1117 non
734 1071 917 1116 aetate
963 1081 1155 1136 neque
1214 1081 1416 1118 rerum
1461 1064 1817 1137 experientia
1876 1077 2070 1124 tantae

117 1181 121 1193 x
201 1144 350 1205 moli
383 1165 613 1220 parem:
670 1144 985 1203 Tiberium
1014 1144 1313 1202 Neronem
1343 1158 1643 1204 maturum
1682 1150 1884 1219 anniS,
1940 1170 2071 1225 spe-

202 1239 432 1290 etatum.
457 1231 648 1300 bello,
703 1231 805 1286 sed
847 1243 1042 1287 vetere
1079 1242 1252 1308 atque
1291 1233 1467 1289 insita
1498 1231 2070 1292 Claudiaesamiliae

200 1315 507 1390 superbia,
571 1316 876 1391 multaque
918 1315 1139 1373 indicia
1184 1318 1486 1388 saevitiae,
1555 1339 1896 1396 quanquam
1933 1341 2070 1395 pre-

196 1411 469 1470 mantur,
523 1420 850 1476 erumpere.
956 1398 1136 1458 Hunc
1174 1413 1230 1459 et
1270 1403 1463 1478 prima
1504 1404 1578 1458 ab
1624 1404 1875 1461 infantia
1926 1405 2070 1462 edu-

200 1497 361 1547 ctum
396 1485 463 1542 in
498 1487 675 1543 domo
711 1481 1062 1559 regnatrice:
1122 1499 1425 1561 congestos
1465 1488 1668 1562 iuveni
1712 1490 2069 1560 consulatuS‚

198 1567 560 1646 triumphos:
624 1591 701 1627 ne
737 1571 810 1628 iis
851 1570 1094 1647 quidem
1131 1573 1332 1643 annis,
1382 1573 1599 1650 quibus
1636 1570 1844 1632 Rhodi
1879 1576 2067 1651 specie

196 1675 453 1712 secessus
481 1657 740 1712 exsulem
768 1655 978 1728 egerit,
1023 1657 1251 1732 aliquid
1278 1679 1457 1735 quam
1473 1659 1623 1714 iram
1647 1670 1704 1716 et
1734 1660 2064 1716 simulatio-

195 1744 344 1797 nem·
361 1751 419 1797 et
445 1752 691 1798 secretas
724 1741 1005 1798 libidines
1033 1743 1401 1803 meditatum.
1489 1738 1783 1802 Accedere
1815 1756 2065 1803 matrem

222 166 305 230 1ρο

239 1889 367 1936 CM).
392 1890 438 1935 4.
510 1905 691 1936 omnes.
758 1891 823 1934 Ex
869 1891 1093 1936 emendat.

182 1944 398 1998 'Wolfii,
429 1965 564 2007 quam
590 1950 778 2008 praeivit
791 1949 996 1992 Muretus
1017 1966 1096 1992 re-

194 2006 508 2064 centioresque
529 2024 686 2050 omues
706 2023 930 2065 recepere.
963 2005 1095 2049 Prius

196 2063 465 2122 {tulgabatur
487 2067 655 2108 omnis.
690 2065 750 2109 cf.
778 2081 819 2108 c.
845 2063 918 2107 40.
950 2063 1021 2107 Eo
1045 2066 1093 2109 in

192 2129 322 2164 metu
334 2127 538 2178 'arguere
564 2122 901 2166 Germanicum
916 2135 1092 2172 omnes,

219 2188 280 2229 te.

193 2196 223 2266 P«
243 2244 498 2294 postquam
527 2269 537 2280 .
557 2269 568 2281 .
583 2268 595 2281 .
608 2237 928 2293 fatigabatur.
993 2237 1091 2279 Lo-

193 2298 272 2338 eu's
299 2310 324 2338 a
353 2295 460 2339 viris
489 2295 634 2338 doctis
673 2295 781 2337 olim
817 2302 1012 2337 tentatus
1049 2302 1092 2336 et

190 2367 277 2409 pro
315 2353 476 2396 mutilo
510 2352 709 2405 habitus3
746 2351 880 2394 hodie
912 2352 966 2394 de
997 2352 1090 2394 eius

191 2408 378 2455 sanitate
411 2426 547 2453 nemo
579 2410 768 2453 dubitat.
831 2408 1021 2453 Scilicet»
1045 2415 1091 2450 et

189 2475 296 2529 post
328 2482 472 2534 aegro
504 2467 722 2526 significat
752 2467 922 2521 etiam,
956 2469 1091 2509 insu-

186 2538 289 2579 per.
353 2524 562 2583 virgula,
593 2541 727 2584 quam
759 2524 971 2567 Wolfius
1008 2524 1091 2566 de-

189 2582 301 2626 levit
324 2589 426 2625 ante
446 2597 587 2637 aegro
599 2615 612 2638 ,
646 2583 769 2625 abest
789 2581 921 2624 etiam
939 2599 962 2624 a
977 2590 1086 2624 ‚vett-

191 2638 322 2688 edd„
352 2640 581 2686 invenitur
614 2640 662 2682 in
692 2638 794 2682 edd.
822 2639 940 2698 Lips.
963 2638 1088 2682 Pieh.

190 2695 462 2755 Berneggeri
486 2705 528 2740 et
550 2697 759 2740 Broterii.

249 2762 404 2798 vetere
425 2763 565 2811 atque
594 2754 743 2798 >insita
766 2754 833 2797 Cl.
847 2753 896 2809 f.
923 2769 1089 2808 super-

191 2811 281 2854 bia.
354 2811 477 2855 Suet.
516 2811 618 2855 Tib.
661 2829 701 2856 e.
730 2812 773 2854 2.
833 2812 1088 2854 Praeterea

188 2870 478 2912 notissimum
494 2876 562 2911 est
575 2902 587 2919 ,
615 2870 832 2913 Claudios
846 2883 1009 2912 omnes
1027 2893 1087 2902 —-

188 2928 443 2980 optimates
472 2935 813 2983 assertor-esque
836 2929 989 2970 unicos
1011 2929 1089 2970 cli-⁴

187 2983 383 3036 gnz'tatis
418 2999 473 3025 ae
503 2985 741 3037 potentiae
781 2985 1087 3038 patriciorum

188 3055 372 3095 semper
382 3041 555 3096 fuisse,
585 3049 725 3096 atque
743 3047 966 3085 adversus
981 3045 1087 3096 ple-

190 3100 294 3147 ‚bem
318 3102 439 3140 adeo
461 3100 684 3140 violentos
716 3108 758 3140 et
786 3108 1088 3148 contumaces,

189 3163 242 3204 ut
262 3171 320 3198 ne
342 3157 504 3211 capitis
516 3156 701 3212 quidem
720 3158 961 3211 quisquam
983 3171 1091 3200 reus

189 3216 316 3266 ap'ud
333 3215 561 3268 populum
586 3221 769 3254 mutare
798 3222 974 3256 vestem
1007 3222 1090 3257 aut

191 3273 439 3324 deprecari
464 3271 727 3313 sustinuerit
737 3286 752 3320 ,-
797 3273 1013 3314 nonnulli
1043 3275 1090 3315 in

190 3329 500 3371 altercatione
522 3336 567 3370 et
586 3328 731 3383 iurgio
757 3330 964 3372 tribunos
980 3332 1090 3385 ple-

193 3386 260 3428 bis
279 3387 590 3440 pulsaverint.

132 3448 136 3450 ’
254 3447 467 3486 exsulem
503 3443 664 3498 egerit.
723 3440 800 3486 Sic
833 3442 933 3485 edd.
979 3452 1088 3488 vett.

193 3510 236 3545 et
264 3501 566 3551 recentiores,
607 3500 692 3544 nisi
729 3500 854 3558 quod
882 3500 1089 3545 Muretus

1166 1893 1324 1951 legerit
1353 1895 1502 1936 exsul.
1564 1893 1811 1938 Dubitabat
1838 1903 1881 1939 et
1904 1894 2064 1939 Wol-

1164 1951 1247 1992 fius
1291 1951 1345 1994 de
1383 1952 1603 2001 lectione,
1670 1953 1772 2011 quia
1815 1953 2064 1996 secedentis

1163 2024 1182 2050 s
1218 2008 1336 2059 eeie,
1388 2025 1483 2051 non
1531 2010 1709 2061 exsulis,
1767 2009 1915 2053 Rhodi
1956 2011 2064 2055 vixit

1205 2066 1398 2118 iberius;
1454 2067 1647 2110 malebat
1692 2069 1861 2120 egerit,
1922 2067 2063 2111 deleta

1156 2136 1275 2167 *voce
1307 2126 1495 2166 exsulis.
1557 2124 1620 2167 At
1645 2126 1780 2170 verba
1812 2128 1959 2179 specie
1984 2140 2063 2167 se-

1164 2195 1314 2223 cessus
1338 2181 1456 2224 haud
1489 2182 1622 2225 dubie
1650 2192 1844 2240 poscunt
1874 2183 2063 2240 opposi-

1163 2245 1261 2280 tum
1296 2238 1481 2296 aliquid.
1543 2239 1716 2311 Vulgus
1745 2238 1820 2282 hic
1850 2240 2063 2297 loquitur,

1163 2311 1213 2337 ex
1241 2295 1368 2338 cuius
1396 2295 1607 2354 opinione
1642 2297 1841 2340 siben-ius
1864 2306 2062 2340 tum‘ex-

1163 2351 1311 2396 silium
1338 2369 1535 2397 secessus
1563 2354 1748 2396 nomine
1776 2356 1894 2397 texit.
1969 2355 2061 2398 lam

1122 2410 1129 2417 '
1163 2412 1378 2453 exsulem
1403 2425 1556 2466 agere,
1588 2421 1634 2454 ut
1652 2414 1923 2467 principem,
1949 2427 2062 2454 con·

1160 2471 1313 2510 sulem
1357 2483 1499 2524 agere
1537 2479 1579 2512 et
1615 2469 1801 2524 similia,
1861 2485 1953 2512 non
1997 2479 2063 2513 est

1160 2527 1355 2578 speciem
1390 2541 1470 2569 seu
1499 2542 1751 2580 personam
1785 2529 1957 2569 exsulis
1983 2528 2061 2569 in-

1161 2586 1302 2624 duere
1328 2591 1373 2624 el
1395 2598 1583 2636 gerere,
1622 2594 1671 2627 ut
1701 2584 1879 2629 videtur
1909 2584 2062 2628 Wol-

1161 2639 1221 2682 fio
1258 2641 1364 2693 (den
1391 2642 1440 2681 V
1437 2642 1716 2684 erwiesenen
1737 2644 1950 2698 spielen);
1982 2644 2061 2686 sed

1160 2698 1317 2740 exsulis
1340 2697 1541 2754 partibus
1570 2700 1719 2756 fungi,
1750 2700 1794 2743 h.
1814 2716 1852 2741 e.
1882 2715 1931 2741 re
1955 2716 2060 2745 vera

1161 2755 1355 2796 exsulem
1382 2771 1501 2806 esse,
1540 2756 1644 2799 lieet
1670 2757 1753 2799 alia
1784 2757 1950 2813 speeies
1983 2758 2060 2800 in-

1161 2811 1338 2854 duatur.
1417 2811 1613 2856 Rieklefs
1649 2814 1762 2856 bene.
1806 2815 1965 2858 vertit:
2013 2818 2060 2857 in

1159 2872 1252 2910 den
1273 2869 1483 2925 Jahren,
1526 2870 1678 2912 warin
1711 2886 1762 2913 er
1792 2878 1928 2912 unter
1950 2876 2058 2920 dem

1159 2925 1323 2969 Schet'n
1358 2931 1445 2972 der
1477 2929 1959 2982 Zurilclxgezogenlzeit
1996 2945 2060 2971 zu

1161 2985 1356 3027 Rhodus
1378 2988 1467 3027 den
1494 2987 1546 3028 V
1541 2987 1801 3027 erbannten
1825 2990 2054 3039 gemacht.

1162 3041 1339 3096 Quodsi
1370 3042 1472 3086 cod.
1500 3041 1604 3085 MS.
1635 3042 1876 3099 praeferret
1906 3046 2055 3092 exsul,

1161 3100 1347 3142 minime
1408 3099 1454 3141 id
1516 3100 1873 3157 impugnandum
1927 3110 2053 3143 esset.

1159 3156 1279 3198 Tum
1316 3157 1460 3209 egerit
1488 3159 1734 3214 acciperes,
1767 3158 1828 3199 uti
1859 3168 1922 3201 est
1948 3159 2055 3201 infr.

1159 3213 1200 3264 3,
1224 3214 1295 3259 48.
1341 3214 1495 3255 Rhodi
1519 3222 1759 3267 agentem.
1822 3215 1891 3257 De
1916 3232 1962 3258 re
1993 3215 2052 3259 cf.

1159 3270 1250 3314 Dio
1275 3271 1344 3319 55,
1372 3272 1414 3314 9.
1475 3271 1599 3314 Suet.
1623 3271 1725 3314 Tib.
1755 3287 1795 3316 c.
1823 3276 1890 3315 10.
1941 3273 2054 3316 vell.

1159 3330 1201 3378 2,
1226 3329 1299 3372 99.
1358 3329 1468 3371 Tac.
1496 3331 1583 3372 An.
1622 3332 1658 3377 1,
1684 3328 1754 3370 53.

1216 3386 1394 3442 aliquid
1424 3401 1580 3442 quam.
1645 3387 1690 3429 h.
1716 3402 1755 3429 e.
1795 3386 1913 3430 aliud
1947 3387 2054 3443 quid

1162 3460 1313 3502 quam.
1374 3443 1441 3487 Cf.
1482 3444 1712 3486 Ernestius
1759 3452 1802 3486 et
1840 3443 2054 3486 Wolfius

1160 3502 1215 3546 ad
1250 3502 1296 3546 h.
1326 3502 1356 3546 l.
1427 3501 1506 3546 Sic
1543 3501 1699 3546 Germ.
1737 3518 1777 3548 c.
1803 3501 1874 3548 31.
1928 3502 2057 3545 Nulli
