2222 4030
708 139 1335 229 PRAEFATIO.
1765 176 1969 223 xxm

99 311 310 376 ptum,
363 297 470 375 qui
513 293 923 371 complectitur
960 293 1147 351 libros
1173 286 1504 350 Annalium
1531 291 1886 371 posteriores
1913 304 1970 350 et

108 382 508 443 Historiarum
523 428 543 453 ,
597 400 793 458 neque
832 399 975 436 vero
1015 377 1283 436 codicem
1325 376 1613 436 Corbeiae
1650 389 1970 454 repertum,

110 469 208 527 cui
262 468 468 527 insunt
516 466 744 543 priores
781 460 1114 523 Annalium
1157 461 1318 519 libri.
1412 464 1806 524 Doctissimus
1838 461 1971 522 Ro-

109 551 302 625 thius‚
343 554 410 609 in
434 553 602 610 cuius
628 550 907 608 manibus
932 561 1019 607 est
1040 547 1278 606 collatio
1291 546 1575 619 Victorii,
1613 550 1679 607 in
1699 544 1797 606 his
1819 568 1972 626 quo-

109 660 226 717 que
263 637 412 695 solet
448 656 770 714 provocare
806 637 882 692 ad
912 633 1167 692 Victorii
1197 633 1645 695 auctoritatem.·
1706 631 1972 710 Decepe-

109 735 252 782 runt
278 723 478 780 virum
503 721 757 781 Victorii
785 720 1198 779 adnotationes
1232 738 1300 776 ex
1330 718 1572 793 ingenio
1601 719 1691 778 ibi
1715 719 1972 790 additae,

108 828 255 888 quas
283 808 531 866 minime
560 807 765 868 celavi.

282 933 337 1014 ἓ.
363 931 465 994 36.
506 930 903 992 Collationem
942 930 1160 989 codicis
1202 928 1339 990 MS.
1380 927 1840 1007 Guelferbytani
1877 929 1975 987 in.-

111 1021 276 1079 stitui
313 1018 827 1079 accuratissimam.
913 1015 1103 1076 Porro
1128 1016 1398 1074 videram
1426 1016 1616 1073 multa
1644 1014 1909 1072 subsidia
1942 1035 1975 1071 e

112 1107 284 1166 codd.
322 1103 504 1164 MSS.
547 1104 742 1162 adlata
782 1103 848 1160 in
890 1103 1253 1162 editionibus
1293 1100 1556 1159 Broterii
1601 1100 1975 1177 aliorumque

108 1192 293 1247 latere
320 1190 585 1262 neglecta
615 1190 738 1246 fere
766 1188 1195 1247 recentioribus
1228 1187 1584 1257 editoribuS‚
1639 1206 1749 1242 nec
1785 1185 1975 1242 ullam

110 1286 334 1332 exstare
364 1274 687 1331 editionem
707 1319 724 1343 ,
782 1294 933 1350 quae
972 1295 1211 1331 omnem
1250 1294 1400 1351 quae
1426 1272 1691 1330 innotuit
1720 1270 1976 1329 varieta-

109 1373 230 1419 tem
257 1359 580 1435 scripturae
621 1359 1045 1435 complectatur
1083 1371 1140 1417 et
1181 1380 1316 1416 cum
1358 1359 1570 1416 talium
1609 1365 1826 1422 rerum'
1853 1368 1978 1414 stu—

110 1445 294 1503 diosis
333 1444 745 1505 communicet.
841 1442 1043 1517 Quare
1084 1442 1499 1502 concinnanda
1543 1454 1602 1500 et
1642 1443 1709 1499 in
1751 1454 1977 1500 certum

110 1530 386 1589 ordinem
410 1530 732 1606 redigenda
760 1530 904 1588 duxi
925 1550 1311 1608 quaecunque
1342 1551 1372 1586 e
1398 1530 1569 1587 codd.
1590 1525 1773 1589 MSS.
1797 1528 1978 1586 inno-
2010 1591 2013 1603 ¹¹

111 1616 338 1674 tuerint
361 1636 396 1673 a
423 1617 661 1691 vulgata
691 1617 978 1693 scriptura
1005 1616 1239 1673 diversa
1271 1627 1374 1674 aut
1397 1616 1472 1672 ad
1508 1614 1978 1673 confirmandam

111 1702 367 1760 eandem
411 1702 646 1762 idonea.
746 1698 995 1759 Excussi
1037 1702 1221 1776 igitur
1265 1721 1471 1758 omnes
1514 1710 1807 1779 quantum
1850 1699 1981 1757 fieri

112 1786 308 1864 potuit
360 1787 576 1858 libros,
647 1786 867 1865 quibus
912 1787 1184 1844 codicum
1221 1785 1587 1845 MSStorum
1633 1784 1979 1844 collationes
2029 1799 2035 1802 “

113 1873 348 1942 insunt,
411 1884 478 1930 ut
517 1893 641 1931 uno
681 1885 997 1949 conspectu
1033 1868 1375 1930 exhiberem
1394 1918 1411 1944 ‚
1477 1892 1628 1950 quae
1671 1865 1981 1949 hucusque

113 1978 145 2014 e
171 1957 375 2016 multis
405 1957 575 2016 libris
600 1970 770 2016 erant
794 1957 1216 2035 conquirenda.
1298 1956 1437 2030 Qua
1466 1957 1530 2014 in
1558 1967 1725 2034 parte
1750 1955 1799 2013 si
1823 1977 1980 2034 non-

114 2044 281 2102 nulla
324 2063 421 2101 me
460 2044 751 2119 fugerint,
803 2044 1040 2100 veniam
1077 2054 1216 2119 peto
1252 2057 1497 2122 propter
1537 2042 1760 2101 molem
1801 2037 1984 2100 huius

115 2128 353 2190 laboris,
438 2126 753 2187 Potissima
778 2141 933 2194 certe
957 2128 1239 2204 congessi.

287 2245 340 2326 ἓ.
383 2246 484 2307 87.
538 2246 853 2307 Editiones
910 2263 1137 2308 veteres
1193 2249 1312 2305 iam
1366 2247 1600 2324 pridem
1650 2245 1983 2319 Ernestius‚

116 2331 426 2392 Broterius
466 2346 524 2392 et
558 2331 891 2392 Oberlinus
931 2334 1183 2394 feliciter
1223 2335 1287 2391 in
1327 2355 1504 2392 usum
1535 2333 1807 2393 criticum
1836 2356 1981 2392 con-

117 2430 450 2490 verterant,
506 2422 606 2477 sed
646 2441 839 2498 neque
880 2421 1196 2496 diligenter
1236 2421 1375 2478 satis
1402 2439 1596 2497 neque
1625 2441 1694 2478 eo
1726 2441 1844 2501 quo
1873 2441 1982 2498 par

118 2516 243 2562 crat
272 2506 513 2563 ordine:
558 2506 745 2564 multa
773 2506 951 2564 etiam
977 2507 1123 2564 falsa
1151 2507 1291 2564 inde
1325 2504 1664 2567 attulerant.
1750 2504 1867 2564 Cui
1893 2506 1983 2563 rei

117 2602 184 2648 ut
235 2591 448 2648 melius
499 2593 939 2663 consuleretur,
995 2594 1254 2651 curatius
1306 2587 1640 2650 examinavi
1693 2591 1985 2649 editiones

119 2675 491 2752 Spirensem‚
532 2675 848 2735 Puteolani
871 2676 1389 2737 Mediolanensem
1417 2688 1474 2735 et
1501 2674 1820 2747 Venetam,
1863 2674 1982 2735 Be-

122 2762 341 2832 waldi,
380 2758 600 2821 Alciati
631 2760 839 2839 (Basil.
870 2759 1112 2843 1519.),
1159 2760 1479 2833 Rhenani,
1524 2756 1986 2830 Aldi'aliorum-

121 2867 265 2923 que,
310 2858 375 2903 ut
411 2848 527 2904 iam
560 2860 815 2918 constet,
855 2869 1006 2924 quae
1041 2850 1116 2907 sit
1146 2849 1430 2925 cuiusque
1463 2847 1786 2924 scripturae
1816 2850 1982 2924 origo

120 2943 294 3007 atque
325 2933 670 3002 auctoritaS,
716 2954 864 3010 quae
897 2935 1225 2992 debeantur
1255 2946 1524 2993 veterum
1564 2934 1836 2992 codicum
1862 2946 1984 2992 tra-

121 3016 337 3073 ditioni
369 3030 467 3074 ant
497 3018 891 3075 recentiorum
918 3019 1217 3078 editorum
1247 3019 1635 3082 coniecturae.
1710 3015 1984 3079 Omnino

125 3102 184 3157 id
221 3102 343 3175 egi,
402 3116 467 3161 ut
503 3116 831 3162 accuratam
877 3117 1100 3177 ῖοκῑυε,
1157 3125 1334 3182 quem
1376 3106 1617 3177 dicunt,
1669 3101 1984 3165 historiam

125 3187 186 3242 in
229 3183 334 3245 hac
367 3189 626 3247 editione
659 3210 1030 3266 exponerem.
1114 3190 1313 3249 Nimia
1348 3191 1591 3250 sortasse
1627 3192 1984 3270 quibusdam

124 3273 423 3331 vids-bitur
458 3297 633 3351 opera
664 3276 725 3331 in
753 3271 861 3333 hac
895 3298 958 3334 re
992 3278 1204 3353 posita:
1261 3299 1401 3335 nam
1430 3278 1711 3336 editionis
1736 3276 1985 3353 Spiren-

124 3357 202 3413 sis
254 3359 623 3439 aliorumque
685 3362 974 3420 librorum
1031 3384 1213 3438 nugas
1260 3384 1641 3442 quascunque
1686 3364 1983 3427 adnotavi.

126 3443 239 3504 Sed
292 3446 427 3522 quia
477 3450 564 3507 cd.
610 3447 763 3522 Spir.
813 3448 1078 3530 aliaeque
1123 3462 1346 3510 veteres
1396 3462 1534 3510 sunt
1581 3451 1765 3511 instar
1819 3449 1985 3509 codi-
