2222 4030
1783 200 1834 237 Α.
1849 199 1902 236 U.
1921 201 2004 234 770.

1784 243 1836 279 A.
1856 242 1903 281 C.
1946 246 2005 281 17.

241 214 362 275 5168
829 237 832 242 ·
901 202 1417 266 ANNALIUM

243 362 370 400 rem
397 340 555 414 apud
589 349 809 395 ceteros
849 348 1115 406 auxerat,
1174 346 1231 392 et
1271 334 1412 411 quia
1453 332 1806 392 claritudine
1838 339 2093 395 materni

239 426 473 503 generis
506 423 794 493 anteibat,
824 442 1010 479 avum
1049 420 1137 479 M.
1173 415 1538 489 Antonium,
1581 422 1941 478 avunculum
1963 419 2095 489 Au-

234 523 480 587 gustum
512 509 724 568 serens,
822 519 1025 565 contra
1053 504 1249 563 Druso
1286 524 1542 580 proavus
1578 524 1752 582 eques
1786 504 2094 565 Romanus

236 594 610 671 Pomponius
632 589 863 651 Atticus
886 594 1164 650 dedecere
1188 588 1578 647 Claudiorum
1610 590 1894 664 imagines
1925 593 2096 669 vide-

234 684 437 741 batur.
523 682 586 736 et
608 678 871 736 coniunx
904 675 1247 734 Germanici
1272 675 1601 751 Agrippina
1638 678 1995 735 fecunditate
2029 699 2096 735 ac

242 770 410 824 famae
441 764 676 833 Liviam
722 781 967 820 uxorem
1007 759 1191 817 Drusi
1227 761 1633 835 praecellebat.
1741 764 1844 819 sed
1888 765 2098 821 fratres

243 851 469 926 egregie
499 850 831 907 'concordes
873 858 931 903 et
971 845 1393 921 proximorum
1424 847 1844 904 certaminibus
1885 848 2098 905 incon—

238 935 417 996 cussi.
518 980 520 982 ψ

398 1017 630 1080 XLIV.
715 1017 836 1075 Nee
869 1016 1059 1072 multo
1092 1025 1225 1090 post
1247 1011 1478 1072 Drusus
1516 1015 1582 1070 in
1617 1014 1923 1092 Illyricum
1955 1019 2100 1075 mis*—

242 1126 344 1166 sus
379 1117 494 1175 est,
546 1117 615 1163 ut
649 1113 939 1161 suesceret
969 1101 1216 1156 militiae
1250 1101 1558 1175 studiaque
1608 1102 1891 1158 exercitus
1926 1123 2102 1177 para-

239 1205 357 1252 ret:
400 1191 575 1247 simul
613 1190 888 1245 iuvenem
912 1187 1143 1244 urbano
1168 1186 1323 1242 'luxu
1356 1185 1755 1242 lascivientem
1789 1188 2002 1244 melius
2033 1189 2101 1244 in

242 1277 445 1335 castris
480 1273 687 1332 haberi
718 1271 1000 1330 Tiberius
1038 1291 1214 1348 seque
1250 1271 1529 1328 tutiorem
1564 1272 1804 1329 rebatur
1848 1285 2101 1351 utroque

243 1363 366 1422 filio
419 1361 679 1435 legiones
726 1359 1051 1416 obtinente.
1171 1355 1290 1413 Sed
1340 1355 1523 1413 Suevi
1567 1357 2104 1432 praetendebantur

243 1447 528 1505 auxilium
548 1447 825 1502 adversus
843 1440 1178 1500 Cheruscos
1203 1452 1455 1502 orantes,
1542 1462 1680 1498 nam
1703 1443 1962 1500 discessu
1974 1443 2104 1502 Ro-

240 1551 558 1589 manorum
612 1551 677 1586 ac
737 1530 909 1585 vacui
968 1539 1208 1584 externo
1270 1524 1453 1584 metu
1479 1527 1669 1600 gentis
1714 1529 2104 1586 adsuetudine

245 1630 303 1675 et
343 1629 471 1674 tum
515 1615 907 1673 aemulatione
944 1614 1163 1687 gloriae
1206 1633 1369 1670 arma
1409 1612 1474 1668 in
1506 1632 1566 1669 se
1603 1625 1918 1674 verterant.
1956 1646 1957 1650 ¹
2014 1615 2105 1670 vis

302 1819 522 1862 materni.
600 1816 679 1862 Sic
722 1815 828 1864 edd.
865 1814 1010 1858 Rhen.
1041 1830 1140 1872 sqq.

243 1875 454 1921 Beroaldi
499 1873 636 1919 editio
672 1873 804 1918 babet
835 1881 1017 1925 mater,
1069 1874 1142 1917 vi-

243 1944 373 1979 ttose.

299 2005 446 2034 avum
467 1989 530 2033 Μ’.
554 1990 827 2033 Antonium.
881 1988 1141 2034 Germanici

244 2056 388 2092 mater
411 2047 497 2091 fuit
518 2047 719 2090 Antonia
742 2047 919 2097 minor,
950 2048 1019 2090 M.
1042 2049 1144 2090 An-

245 2105 358 2151 tonii
376 2104 611 2149 triumviri
639 2103 728 2147 filia
757 2120 806 2147 ex
829 2103 1019 2149 Octavia
1045 2105 1142 2146 Au-

246 2162 363 2221 gusti
392 2177 550 2206 sorore
583 2169 698 2206 nata.
758 2163 1031 2205 Avunculus
1056 2162 1143 2219 igi-

1214 1814 1338 1872 quod
1382 1814 1604 1859 actionem
1648 1814 1841 1858 abeundi
1885 1816 2108 1873 significat

1214 1873 1472 1929 (Abgang);
1514 1873 1742 1916 discessus
1772 1874 1907 1917 simul
1940 1875 2103 1918 absen-

1215 1929 1324 1973 tiam
1348 1938 1389 1972 et
1412 1930 1498 1973 loci
1521 1930 1714 1988 spatium
1739 1930 1920 1973 denotat
1936 1933 2108 1988 (Wg-

1213 1999 1353 2042 gang,
1376 1987 1700 2043 Entfernung).
1738 1987 1979 2032 Decedet-e
1994 2006 2107 2033 non·

1214 2044 1299 2087 nisi
1332 2044 1514 2103 respicit
1549 2045 1600 2086 ad
1634 2047 1811 2094 locum,
1853 2047 1972 2089 unde
2009 2048 2106 2090 abi-

1214 2110 1313 2153 tur,
1343 2104 1576 2144 discedere
1601 2110 1842 2160 utrumque
1863 2103 1916 2154 ad
1939 2102 2108 2157 locum,

1215 2167 1258 2201 et
1282 2158 1401 2202 unde
1424 2159 1571 2202 abitur
1597 2168 1640 2203 et
1666 2176 1756 2217 quo
1790 2160 1953 2204 abitur.
2016 2163 2107 2221 lgi-

243 2230 320 2264 tur
356 2228 422 2265 est
454 2218 805 2279 proavunculus.
865 2221 923 2263 cf.
955 2227 1050 2264 not.
1087 2220 1142 2263 ad

246 2294 290 2330 ρ.
314 2277 386 2321 27.

305 2347 594 2402 Pomponius
626 2346 822 2390 Atticus.
884 2345 1022 2389 Cuius
1055 2346 1143 2390 filia

249 2404 506 2464 Pomponia
530 2421 579 2448 ex
597 2403 885 2454 matrimonio
905 2404 972 2447 M.
986 2404 1144 2463 Agrip-

249 2478 333 2522 pae
365 2463 500 2506 filiam
533 2461 686 2507 habuit
718 2461 1003 2518 Vipsaniam,
1045 2478 1143 2506 ma-

248 2529 366 2565 trem
398 2518 539 2563 Drusi
575 2536 598 2562 e
630 2519 814 2562 Tiberio
846 2519 1024 2563 marino.
1085 2519 1144 2562 cf.

246 2574 375 2625 Suet.
411 2577 515 2621 Tib.
557 2592 597 2620 c.
619 2576 664 2620 7.
742 2575 925 2620 cornel.
956 2577 1068 2635 Nep.
1099 2575 1144 2618 in

252 2634 389 2681 Attio.
422 2651 464 2679 e.
490 2636 561 2679 12.

310 2705 513 2749 Liviam.
573 2703 681 2748 Sive
698 2702 919 2753 Livillam‚
952 2702 1148 2749 Germa-

251 2762 419 2815 manici
442 2760 709 2820 Claudiique
733 2777 952 2806 sororem.

312 2831 430 2876 Cn.
444 2831 516 2876 44.
574 2832 736 2876 suevi.
797 2831 856 2878 cf·
878 2849 1002 2893 supr.
1025 2833 1146 2880 026.

257 2898 300 2934 et
323 2889 479 2940 Germ.
511 2905 552 2935 c.
570 2889 642 2932 88.

311 2960 529 3005 discessu.
626 2958 860 3004 Ablativus
921 2961 1152 3005 absolutus

257 3025 434 3074 tempus
458 3018 700 3069 denotans,
731 3017 777 3061 in
838 3034 897 3062 uo
928 3035 1008 3062 usu
1069 3035 1152 3062 an-

260 3073 319 3119 do
342 3074 632 3119 miraNoster
654 3075 795 3120 utitur
836 3076 1009 3129 icentia.
1079 3093 1152 3119 en-

259 3131 398 3176 tentia
427 3139 516 3174 est:
560 3140 796 3191 postquam
825 3132 1021 3179 Romani
1057 3134 1152 3184 dis-

262 3197 499 3232 cesserant.
574 3188 640 3232 cf.
674 3189 782 3233 infr.
811 3191 856 3240 3,
888 3192 960 3236 51.
996 3193 1153 3236 inter-

261 3246 382 3288 iectu
404 3247 624 3301 temporis
645 3245 686 3290 h.
710 3263 750 3291 e.
776 3247 1012 3295 interiecto
1037 3257 1150 3293 tem-

263 3318 398 3362 pore3
443 3301 485 3352 3,
522 3303 587 3346 14.
620 3309 688 3345 tot
718 3307 1008 3348 adstantium
1039 3309 1154 3352 visu.

264 3359 324 3405 cf.
359 3360 484 3404 Hessv.
528 3376 624 3404 var.
666 3360 766 3405 lect.
813 3371 855 3406 et
889 3363 1065 3408 observ.
1107 3365 1156 3408 in

265 3417 374 3463 Tac.
401 3417 560 3461 Germ.
590 3432 636 3477 p.
657 3420 722 3460 14.
782 3419 1048 3465 Ramshorn.
1072 3422 1154 3467 Gr.

265 3478 307 3529 §.
331 3476 427 3520 172.
456 3491 502 3533 p.
524 3473 624 3526 484,
654 3477 722 3518 10.
794 3476 1003 3521 Ceterum
1037 3495 1157 3531 cave,

268 3549 322 3575 ne
345 3549 444 3576 eum
464 3531 668 3576 Ernestio
691 3533 927 3577 substituas
951 3538 1154 3585 decessu,

1215 2224 1289 2258 tur
1311 2221 1502 2259 decessu
1523 2225 1600 2267 est,
1628 2233 1768 2274 quum
1787 2217 1985 2272 abirent;
2013 2223 2112 2264 da‘s-

1215 2288 1371 2323 cessu‚
1406 2289 1545 2332 quum
1575 2275 1791 2318 abessent.

1272 2347 1328 2373 ac
1366 2332 1501 2373 vacui
1529 2339 1727 2374 externo
1768 2341 1910 2376 metu.
1990 2334 2111 2380 Haec

1217 2387 1463 2447 explicandi
1489 2405 1618 2432 causa
1643 2391 2012 2446 praecedentibus
2035 2394 2110 2436 ad-

1218 2447 1401 2490 duntur.
1460 2445 1574 2489 Nam
1602 2447 1614 2488 i
1649 2464 1698 2489 so
1723 2447 1917 2491 discessu
1937 2449 2113 2493 Roma-

1217 2519 1386 2548 norum
1435 2504 1565 2548 vacui
1609 2463 1715 2548 Eucti
1773 2514 1878 2548 sunt
1930 2516 2110 2551 externo

1219 2570 1358 2604 metu.
1442 2560 1501 2604 cf.
1538 2561 2015 2619 Baumgarten-Crus.
2063 2566 2110 2609 in

1221 2617 1430 2676 disputat.
1454 2617 1507 2660 de
1534 2634 1695 2676 genere
1720 2618 1897 2664 dicendi
1922 2623 2133 2666 sueton:

1220 2677 1303 2718 sub
1326 2692 1427 2720 voc.
1450 2675 1780 2722 pleonasmus.
1840 2678 2024 2723 Adnexa
2049 2690 2115 2724 est

1221 2731 1539 2777 Clav.Sueton.
1578 2733 1787 2777 Muretus
1811 2752 1860 2779 ex
1884 2745 1972 2781 vet.
1995 2737 2114 2781 libro

1222 2789 1365 2835 adfert
1404 2805 1545 2835 vacue
1591 2807 1675 2850 pro
1726 2794 1884 2847 vacui5
1923 2794 2115 2840 'videtur

1222 2846 1437 2892 voluisse=
1467 2863 1524 2892 ac
1547 2863 1722 2892 uacuae
1753 2859 1957 2895 externo
1987 2861 2118 2896 metu

1220 2905 1372 2960 geticis
1395 2904 1729 2956 adsuetudine,
1768 2915 1819 2950 ut
1849 2925 1935 2953 una
1967 2926 2118 2953 enun-

1223 2963 1406 3006 tiatione
1482 2963 1590 3007 haec
1659 2965 2117 3024 comprehendantur.

1224 3019 1314 3064 Sed
1363 3021 1480 3064 bene
1522 3037 1568 3064 se
1608 3020 1740 3066 habet
1780 3022 1958 3082 vulgata
2002 3026 2114 3069 seri-

1223 3085 1368 3137 ptura.
1950 3132 1955 3138 ‚-

1280 3143 1324 3179 et
1345 3145 1462 3177 tum.
1504 3134 1578 3178 Se.
1594 3138 1828 3194 temporis.
1874 3138 1988 3182 Nam
2010 3143 2115 3195 glo-

1224 3193 1303 3235 ria
1325 3199 1495 3251 spectat
1522 3192 1576 3235 ad
1602 3193 1837 3244 victorias,
1869 3212 1977 3256 quas
1997 3197 2115 3242 Che·

1223 3250 1344 3295 rusci
1379 3249 1433 3291 de
1461 3248 1678 3306 Romanis
1722 3265 1878 3296 recens
1915 3263 2119 3312 reporta-

1225 3315 1386 3352 verant
1410 3315 1452 3348 et
1481 3307 1644 3366 quibus
1666 3310 1965 3354 efferebantur
1985 3329 2119 3370 super

1227 3365 1396 3408 Suevos
1419 3365 1651 3409 iactantiae
1673 3367 2004 3412 Cheruscorum
2027 3370 2119 3412 im-

1227 3421 1455 3481 patientes.
1516 3424 1626 3467 Inde
1649 3441 1786 3467 arma.
1850 3426 1999 3470 Vanae
2029 3427 2118 3484 igi—

1228 3489 1299 3522 tur
1343 3488 1447 3522 sunt
1489 3480 1679 3525 Ernestii
1730 3482 2029 3528 dubitationes
2074 3493 2119 3528 et

1228 3546 1480 3594 suspectum
1532 3538 1756 3590 habentis,
1817 3549 1865 3583 ut
1913 3550 2014 3584 tum
2063 3545 2117 3586 sit
