2222 4030
204 202 330 239 A.-U.
350 202 433 237 778.

203 247 259 283 A.
280 247 327 284 C.
375 247 437 283 25.

606 206 660 265 L
675 204 787 267 IB.
821 204 928 267 lv.
1012 202 1208 267 CAP.
1248 209 1347 270 38.
1385 209 1485 269 39.
1851 209 1975 270 329

117 340 317 409 „vitae
359 337 619 415 quietam
653 349 712 396 et
742 335 1166 411 intelligentem
1197 332 1448 394 humani
1483 337 1792 414 divinique
1827 338 1978 396 iuris

116 467 151 494 ‚,
167 436 422 482 mentem
461 422 664 493 duint,
717 423 854 479 illos
887 433 986 491 ut,
1029 422 1386 498 quandoque
1420 443 1789 494 concessere,
1841 440 1977 498 curn

115 510 337 578 „laude
370 520 427 566 et
460 507 636 565 bonis
670 507 1179 565 recordationibus
1210 506 1362 562 facta
1399 519 1573 585 atque
1610 511 1828 566 famam
1864 529 1977 566 no—

116 594 344 664 „minis
369 593 490 650 mei
521 603 974 668 prosequantur.
985 590 1014 612 ”
1095 589 1475 668 Perstititque
1506 590 1750 669 posthac
1784 614 1977 652 secre-

116 681 194 736 tis
226 681 401 738 etiam
436 677 811 735 sermonibus
835 677 1139 753 aspernari
1161 677 1338 735 talem
1367 678 1460 733 sui
1482 679 1725 739 cultum.
1813 681 1975 758 quod

117 765 222 821 alii
259 763 640 832 modestiam,
681 759 859 819 multi
891 763 1031 839 quia
1069 763 1385 836 diffideret„
1429 764 1673 839 quidam
1700 777 1768 823 ut
1800 763 1977 840 dege-

113 849 275 906 neris
306 847 494 906 animi
527 848 1085 924 interpretabantur.
1170 844 1467 924 Optumos
1503 849 1722 926 quippe
1752 863 1978 910 morta-

113 935 265 992 lium
301 934 584 992 altissima
623 952 855 1010 cupere.
940 934 1022 991 sic
1054 932 1371 992 Herculem
1401 945 1459 991 et
1489 932 1778 992 Liberum
1816 937 1976 1012 apud
2035 981 2052 996 ,,

117 1018 407 1090 GraecoS,
471 1018 799 1093 Quirinum
846 1020 1006 1095 apud
1047 1039 1159 1077 nos
1206 1021 1386 1097 deum
1421 1039 1670 1077 numero
1725 1021 1975 1083 additos,
2014 1083 2017 1086 ,

114 1106 329 1163 melius
364 1101 729 1179 Augustum,
791 1105 898 1183 qui
944 1105 1281 1180 speraverit.
1377 1116 1566 1162 cetera
1603 1105 1976 1182 principibus

114 1192 310 1249 statim
341 1191 566 1248 adesse:
609 1210 799 1248 unum
818 1190 1237 1249 insatiabiliter
1256 1190 1605 1268 parandum,
1631 1211 1977 1267 prosperam

113 1277 208 1334 sui
250 1276 619 1337 memoriam.
726 1295 868 1333 nam
914 1288 1255 1354 contemptu
1290 1277 1481 1335 famae
1515 1277 1818 1335 contemni
1849 1278 1976 1334 vir-

112 1372 284 1422 tutes.

282 1444 564 1507 XXXIX.
651 1441 735 1504 At
755 1444 1005 1504 Seianus
1041 1446 1227 1504 nimia
1262 1448 1502 1506 fortuna
1531 1467 1729 1507 socors
1758 1459 1816 1508 et
1839 1469 1977 1508 mu-

20 1535 21 1539 ’
111 1533 288 1592 liebri
324 1532 567 1608 insuper
600 1532 880 1608 cupidine
917 1532 1220 1604 incensuS,
1265 1534 1623 1608 promissum
1666 1536 1977 1594 matrimo-

109 1619 283 1678 nium
310 1618 608 1692 flagitante
628 1616 832 1690 Livia,
876 1618 1178 1694 componit
1213 1619 1289 1676 ad
1312 1617 1620 1676 Caesarem
1656 1612 1989 1682 codicillos*

110 1705 296 1762 moris
339 1704 557 1781 quippe
607 1715 736 1760 tum
787 1715 912 1761 erat
955 1725 1296 1782 quanquam
1342 1716 1710 1781 praesentem
1756 1706 1974 1783 scripto

110 1791 295 1851 adire.
396 1789 522 1846 eius
560 1789 693 1847 talis
729 1789 921 1848 forma
966 1789 1105 1847 fuit:
1161 1789 1588 1848 Benevolentia
1625 1793 1810 1868 patris
1844 1787 1977 1851 Au-

18 1874 21 1919 ‘2
110 1877 263 1952 gusti
301 1886 356 1933 et
383 1895 523 1932 mox
554 1875 830 1951 plurimis
862 1874 1094 1932 Tiberii
1126 1875 1362 1933 iudiciis
1398 1877 1478 1933 ita
1510 1877 1865 1949 insuevisse,
1906 1890 1976 1937 ut

109 1982 239 2040 spes
266 1973 518 2038 votaque
541 1981 645 2021 sua
670 1981 796 2019 non
827 1961 994 2038 prius
1031 1962 1106 2019 ad
1140 1962 1281 2020 deos
1316 1983 1494 2040 quam
1528 1963 1603 2020 ad
1635 1963 1993 2041 principum*

1125 2214 1421 2257 prosperam.
1479 2199 1557 2245 Sic
1575 2213 1811 2256 prosperta
1825 2201 1974 2258 sama

109 2198 376 2258 civibusque
409 2197 602 2258 oppositi
637 2197 740 2243 deas
767 2197 886 2242 haud
914 2198 1003 2242 du-

1073 2258 1181 2302 infr.
1214 2275 1256 2303 c.
1278 2259 1350 2302 52.
1426 2257 1682 2303 Chissetius:
1711 2267 1972 2317 posteram.

107 2256 181 2301 bie
205 2258 338 2301 simul
361 2257 565 2300 innuant.
626 2256 749 2300 Bene
771 2257 906 2316 igitur
922 2257 1003 2300 Pi-

108 2313 248 2359 cbena
270 2322 315 2358 et
335 2317 451 2357 deas
470 2314 624 2364 eiecit;
660 2313 826 2359 frustra
851 2323 1000 2359 autem

106 2370 316 2416 Heinsius
339 2371 556 2415 coniecit:
591 2379 635 2415 et
648 2373 1002 2425 deoshosipsos,

104 2430 180 2476 vel
212 2434 323 2474 deos
355 2433 476 2472 adeo
507 2431 593 2473 hos
631 2430 773 2486 ipsos.
862 2430 1003 2475 Erant

107 2488 227 2532 enim
250 2488 295 2530 in
321 2487 444 2532 curia
464 2495 633 2531 statuae
655 2487 866 2533 deorum.

163 2561 455 2659 quandoque³
536 2557 616 2602 Sic
659 2558 763 2603 cod.
811 2556 912 2603 MS.
957 2567 1003 2603 et

105 2616 160 2661 ed
196 2649 207 2661 .
230 2625 419 2660 recente.
443 2615 547 2660 inde
570 2617 625 2660 ab
648 2615 810 2661 Oberl.
848 2616 1002 2660 Recte.

19 2685 21 2712 i
105 2673 165 2719 cf.
188 2682 284 2717 not.
309 2673 363 2716 ad
392 2673 484 2726 1,6.
541 2674 879 2719 Edd.Beroald.
896 2690 999 2734 sqq.

104 2734 484 2788 quandocunque.

163 2802 413 2844 aunt-sima.
472 2799 551 2844 Sic
569 2800 671 2844 cdd.
695 2816 853 2845 omnes
875 2817 999 2860 prae·

107 2857 348 2911 ten-Bekis„
373 2858 449 2927 qui
475 2858 597 2902 dedit
622 2859 886 2904 alcissuma.

161 2923 431 2974 speraverit.
491 2915 547 2959 11.
573 2932 610 2960 e.
632 2931 727 2959 non
754 2916 1000 2984 adrogave-

105 2974 163 3019 rit
184 2974 294 3026 sibi,
325 2974 402 3018 sed
426 2972 587 3018 fiducia
611 2973 779 3031 gloriae
802 2974 997 3033 relique-

105 3033 167 3078 rit
185 3041 472 3092 posterorum
497 3032 541 3075 in
565 3048 612 3075 se
635 3031 801 3078 favori.

160 3091 342 3135 statim.
403 3088 458 3132 ll.
481 3106 519 3133 e.
541 3089 637 3134 sine
660 3105 813 3142 mora,
841 3086 997 3146 εὐθύς,

104 3148 238 3193 simul
270 3163 374 3192 eum
408 3146 688 3206 principatu,
728 3147 787 3191 ita
823 3156 873 3191 ut
903 3163 998 3192 non

106 3206 296 3250 debeant
326 3204 472 3263 parari
499 3214 576 3250 aut
604 3205 863 3273 exspectari.
922 3205 1000 3250 Sic

103 3264 264 3308 statim
296 3270 339 3307 et
366 3271 536 3316 postea
565 3262 648 3307 sibi
682 3263 879 3308 mvlcem
911 3279 939 3306 o
976 3289 997 3299 ·

169 3327 341 3364 nuntur
366 3319 483 3378 apud
505 3320 691 3365 sueton.
716 3320 826 3365 Oct.
859 3337 898 3365 c.
958 3323 996 3364 1.

104 3336 214 3422 ger.
246 3393 287 3422 c.
312 3376 383 3421 34.
440 3377 504 3422 Pe
562 3394 685 3422 eram
717 3377 854 3438 igitur
883 3375 994 3422 Muss

103 3444 227 3480 retus
260 3434 455 3480 coniecit
486 3451 518 3478 a
552 3437 695 3486 αιὺη,
730 3453 815 3482 nec.
837 3436 996 3481 melius

19 3500 23 3514 ⁴
104 3492 329 3545 Cronius,
359 3492 645 3550 quistatim,
675 3493 823 3553 prima
850 3494 996 3553 longa,

103 3550 288 3612 explica!
317 3559 560 3611 perpetuo,
588 3552 846 3610 aequaliter.

1074 2316 1257 2361 Scilicet
1306 2316 1438 2360 datur
1479 2316 1612 2359 etiam
1656 2324 1973 2374 'praepostera

1073 2373 1148 2419 vel
1171 2370 1447 2418 antecedens
1467 2374 1738 2418 memoria!

1134 2457 1249 2501 CAP.
1274 2457 1347 2502 39.
1408 2473 1583 2503 socors.
1641 2458 1697 2503 H.
1721 2476 1759 2503 e.
1785 2456 1968 2521 ἄφρων,

1073 2517 1258 2567 stultus,
1305 2533 1484 2567 amens,
1523 2515 1638 2559 male
1668 2533 1817 2562 sanus.
1892 2519 1972 2566 Sic.

1073 2573 1274 2618 Antonia
1306 2574 1425 2633 apud
1457 2574 1644 2617 sueton.
1668 2573 1827 2619 Claud.
1865 2593 1903 2620 c.
1925 2575 1969 2620 3.

1072 2633 1118 2675 si
1144 2647 1279 2687 quem
1303 2631 1544 2675 socordiae
1565 2641 1816 2685 argueret,
1845 2636 1970 2677 stul-

1073 2692 1243 2733 tiorem
1263 2690 1419 2732 aiebat
1427 2689 1535 2745 filio
1556 2703 1641 2731 suo
1653 2688 1863 2736 Claudio.
1906 2691 1969 2738 ef.

1072 2763 1123 2790 su
1161 2762 1195 2789 r.
1227 2762 1267 2790 c.
1289 2746 1358 2791 35.
1391 2746 1655 2789 socordiam
1691 2762 1852 2793 eorum
1881 2757 1968 2795 etc.

1071 2763 1187 2847 Efd.
1214 2803 1334 2862 Lips.
1360 2802 1494 2847 Grut.
1518 2817 1693 2858 secors,
1723 2805 1788 2850 uti
1806 2806 1967 2852 solent.

1072 2862 1124 2906 ln
1147 2862 1351 2920 margine
1370 2861 1490 2921 Lips.
1516 2861 1667 2920 posuit
1691 2877 1867 2910 vecors.

1127 2947 1489 3015 benevolentiae.
1562 2942 1643 2990 Sic
1690 2947 1791 2992 edd.
1841 2946 1963 3008 Lips.

1071 3019 1179 3106 fild.
1200 3002 1796 3121 ffiieffi‘fldlieggglaelgiisslc·
1819 3004 1963 3061 Rhea!

1125 3146 1323 3189 iudiciis.
1402 3145 1480 3190 Sic
1517 3145 1637 3191 Plin.
1676 3162 1778 3208 epp.
1818 3150 1886 3203 10,
1919 3150 1963 3195 8.

1064 3204 1285 3306 ’ἰδ”ἒάῖῗ
1303 3204 1473 3306 ''5:32⁵''ss
1492 3206 1735 3307 ’ἶέἴηῖἓῗ
1747 3206 1966 3309 .{⁶·:2'.¹“

1068 3294 1175 3372 stes,
1191 3293 1254 3362 ’ue
1276 3276 1374 3362 ιςοη
1395 3276 1446 3363 if.
1466 3293 1543 3363 r’ne
1571 3294 1773 3370 tantuin,
1802 3281 1965 3366 verani

1067 3386 1115 3421 et
1151 3378 1199 3422 in
1231 3378 1383 3421 ame'w
1415 3378 1613 3433 gloriari
1650 3378 1827 3422 iudiciis
1865 3381 1963 3424 tais

1065 3435 1262 3490 possim.
1321 3433 1423 3479 Alia
1442 3436 1637 3493 exempla
1659 3444 1762 3480 sunt
1785 3435 1895 3481 ibid.
1918 3437 1962 3489 4,

1066 3491 1232 3603 {alib-
1253 3490 1352 3540 Liv.
1375 3492 1419 3543 8,
1441 3493 1511 3537 51.
1566 3492 1664 3538 eie.
1687 3493 1814 3540 Fam.
1836 3495 1907 3550 10,
1921 3496 1959 3543 1.
