2222 4030
1837 235 1889 272 A.
1902 238 1956 273 U.
1971 237 2054 275 767.

1834 280 1887 319 A.
1903 281 1951 316 C.
1989 283 2052 318 14.

276 242 363 300 32
941 234 1460 307 ANNALIUM

443 366 610 429 XIV.
717 364 913 425 Multa
959 377 1197 444 patrum
1242 378 1301 424 et
1354 367 1419 423 in
1466 362 1795 441 Augustam
1855 374 2136 435 adulatio.

276 451 406 514 Alii
434 463 770 531 parentem,
824 454 927 510 alii
963 465 1214 510 matrem
1251 452 1475 528 patriae
1515 454 1950 532 appellandam:
2006 460 2136 534 ple-—

276 542 462 618 rique,
494 551 563 597 ut
588 538 819 595 nomini
841 536 1106 596 Caesaris
1131 537 1559 595 adscriberetur
1583 536 1768 595 Iuliae
1794 541 1966 612 filius,
1997 564 2135 600 cen·-

276 628 501 686 sebant.
585 625 687 680 ille
724 625 1121 680 moderandos
1157 621 1512 679 feminarum
1550 619 1807 681 honores
1846 627 2136 698 dictitans,

277 713 600 788 eademque
638 729 698 766 se
734 708 1120 784 temperantia
1157 727 1408 764 usurum
1443 708 1508 764 in
1542 708 1642 778 iis,
1695 731 1844 786 quae
1881 712 1996 768 sibi
2026 713 2136 769 tri-

275 799 628 856 buerentur:
674 806 933 851 ceterum
964 793 1171 850 anxius
1193 793 1420 848 invidia
1444 805 1499 850 et
1520 793 1809 851 muliebre
1835 797 2136 870 fastigium

275 883 342 939 in
365 880 832 940 deminutionem
853 879 946 953 sui
979 878 1267 953 accipiens
1293 897 1370 933 ne
1396 877 1663 936 lictorem
1688 881 1927 956 quidem
1954 883 2007 938 ei
2030 884 2137 939 de—

276 965 440 1026 cerni
461 986 663 1043 passus
691 977 777 1023 est
803 984 1082 1041 aramque
1116 962 1451 1037 adoptionis
1486 975 1542 1020 et
1576 965 1691 1020 alia
1726 961 2137 1025 huiuscemodi

273 1048 601 1132 prohibuit.
701 1046 784 1109 At
821 1048 1177 1108 Germanico
1217 1046 1454 1104 Caesari
1493 1051 1913 1123 proconsulare
1945 1052 2135 1128 impe·-

276 1139 437 1197 rium
460 1137 693 1216 petivit:
737 1135 1019 1211 missique
1042 1132 1247 1207 legati,
1283 1133 1389 1210 qui
1415 1133 1738 1204 deferrent,
1773 1136 1950 1193 simul
1973 1157 2138 1192 mae-

279 1225 498 1283 stitiam
559 1222 687 1280 eius
751 1221 831 1279 ob
895 1237 1193 1277 excessum
1238 1214 1495 1293 Augusti
1547 1220 1899 1283 solarentur.
2017 1242 2137 1299 quo

1298 1385 1678 1430 deminutionem.
1771 1385 1849 1430 Sic
1887 1386 1990 1430 cod.
2030 1387 2136 1432 MS.

1242 1449 1350 1486 teste
1382 1441 1603 1493 Pichena,
1635 1441 1711 1501 qui
1742 1444 1960 1502 reposuit.
2020 1444 2136 1488 Edd.

1241 1498 1452 1542 Beroald.
1487 1499 1695 1543 Rhenan.
1737 1510 1997 1559 ceteraeque
2034 1509 2136 1544 ante

335 1387 449 1435 CAP.
475 1388 544 1434 14.
591 1387 746 1431 Multa
765 1393 960 1441 patrum
983 1391 1028 1428 et
1049 1385 1096 1428 in
1109 1385 1170 1428 A.

275 1449 504 1492 adulatio.
581 1445 652 1488 De
684 1460 771 1504 qua
800 1443 895 1489 vid.
928 1442 1070 1487 Dion.
1103 1442 1171 1496 57,

279 1507 348 1550 12.
410 1505 533 1549 Suet.
558 1503 663 1547 Tib.
689 1519 728 1548 c.
751 1501 821 1545 50.
1048 1503 1051 1507 ’

217 2289 222 2297 “
279 2288 574 2339 usurpantur.

333 1590 420 1632 alii
442 1596 716 1644 parentem,
746 1585 832 1629 alii
857 1591 1060 1627 matrem
1075 1600 1172 1640 pa-

277 1649 413 1691 triae.
473 1646 565 1688 Dio
588 1645 619 1690 1.
646 1643 678 1688 l.
701 1643 866 1687 πολλοὶ
885 1643 977 1703 μὲν
997 1645 1172 1701 μητέρα

277 1702 423 1759 αὐτὴν
472 1704 549 1759 τῆς
607 1702 855 1759 πατρίδος,
908 1700 1074 1745 πολλοὶ
1121 1702 1173 1744 δὲ

275 1764 357 1807 καὶ
381 1764 522 1819 γονέα
538 1755 960 1817 προςαγορεύεσθαι
978 1754 1176 1817 γνώμην

278 1822 475 1866 ἔδωκαν.
557 1820 811 1862 Par-entem
870 1833 933 1861 sc.
987 1817 1173 1876 patriae.

241 1891 243 1894 “
277 1879 400 1923 Hinc
431 1879 478 1920 in
506 1893 696 1919 nummo
722 1875 912 1933 Augusti
936 1874 1054 1933 apud
1075 1873 1175 1916 Tri-

279 1946 457 1982 stanum
478 1935 532 1977 T.
558 1937 597 1976 1.
628 1950 672 1991 p.
698 1933 794 1976 123.
819 1933 944 1974 Iulia
964 1935 1176 1987 Augusta

283 1994 502 2039 Genicrix
537 1992 684 2034 Orbis.
759 1991 937 2046 Spectat
968 1989 1013 2031 id
1044 2005 1176 2032 voca·

278 2051 439 2098 bulum
470 2065 548 2098 e0,
599 2046 721 2106 quod
765 2047 842 2090 illa
885 2046 1055 2105 patriae
1100 2061 1175 2104 pe·

278 2109 395 2179 perit
449 2106 728 2172 principem3
785 2107 951 2148 matris
994 2101 1179 2146 nomini·

278 2175 396 2212 mest
438 2164 632 2208 caritatls
671 2161 817 2205 notio.
899 2160 1177 2219 Quanquam

279 2224 539 2285 promiscue
601 2220 735 2263 etiam
794 2219 903 2263 haec
956 2218 1176 2262 vocabula

674 2277 790 2321 Nam
832 2276 969 2319 lulius
1013 2276 1176 2320 Caesar

279 2337 531 2384 secundum
569 2337 695 2382 Suet.
729 2352 767 2380 c.
801 2335 871 2377 76.
917 2347 1176 2391 cognomen

279 2397 437 2441 Patris
459 2397 647 2451 patriae
675 2392 872 2452 accepit·,
912 2400 1082 2434 statuae
1114 2399 1176 2432 ta-

277 2466 409 2507 men,
447 2468 581 2495 (uam
613 2451 696 2509 ipsi
736 2458 837 2508 post
866 2457 1062 2492 mortem
1098 2463 1177 2506 po·

280 2512 368 2557 suit
392 2509 465 2569 ple
501 2527 570 2561 es,
600 2507 954 2553 inscribebatur:
986 2505 1186 2548 Parenti

273 2572 476 2627 patriae.
510 2567 632 2611 Suet.
656 2583 694 2610 c.
709 2566 777 2609 85.
826 2564 915 2606 Alii
937 2564 984 2606 in
1001 2577 1177 2617 paren-

281 2631 338 2671 tis
358 2625 545 2669 nomine
579 2623 816 2667 inveniunt
852 2620 1068 2668 curandi,
1107 2620 1176 2662 so-

279 2684 412 2728 vendi
452 2682 707 2726 notionem.
778 2678 839 2724 cf.
874 2677 1075 2722 Ricklefs
1121 2676 1176 2719 ad

279 2743 324 2786 h.
357 2740 388 2785 l.
449 2741 526 2785 Sic
554 2739 636 2783 inf.
667 2739 711 2790 2,
739 2737 808 2781 55.
868 2736 973 2779 Piso
1009 2734 1176 2778 dicitur

278 2814 455 2856 parens
514 2799 762 2854 legionum.
865 2794 1177 2836 Herrmannus

277 2864 530 2914 parentem
584 2871 665 2914 per
715 2869 762 2898 se
817 2849 1030 2909 intelligit
1079 2849 1176 2893 sine

279 2916 467 2971 patriae
481 2946 494 2965 ,
523 2912 742 2970 vertitque
757 2911 1092 2964 Zeugemutter
1110 2922 1175 2950 sc.

283 2970 473 3015 Tiberii.
534 2970 623 3012 Sed
646 2969 834 3011 fortasse
857 2967 1024 3009 frustra
1047 2979 1177 3023 quae·

282 3030 424 3073 rimus
445 3026 719 3085 significatus
742 3024 1006 3074 discrimen,
1038 3038 1179 3081 quum

283 3085 351 3130 illi
373 3084 613 3142 εὐφωνίαν
638 3091 816 3126 tantum
837 3088 1091 3140 spectarent
1115 3078 1178 3121 di·

284 3149 652 3212 sceptarentque,
693 3149 846 3183 utrum
881 3147 995 3183 esset
1022 3137 1070 3182 in
1094 3135 1179 3179 hac

284 3218 343 3246 an
368 3199 447 3245 illa
467 3215 595 3242 voce.

345 3278 396 3314 ut
420 3269 631 3313 nomini.
659 3300 670 3311 .
696 3298 708 3310 .
735 3299 746 3310 .
768 3268 912 3323 filius.
973 3265 1064 3310 Dio
1088 3262 1120 3306 l.
1146 3262 1177 3306 l.

288 3326 415 3378 ὅπως
445 3323 593 3383 ὥςπερ
618 3328 662 3369 οἱ
685 3322 898 3379 “Ἐλληνες
926 3320 1177 3381 πατρόθεν,

288 3385 409 3497 {fluv
433 3388 510 3429 καὶ
529 3386 700 3446 ἐκεῖνος
729 3380 966 3442 μητρόθεν
998 3376 1180 3440 ὀνομά-

311 3461 430 3502 ηται.

295 3588 323 3629 5
348 3531 425 3572 ille
444 3527 762 3626 ¹mloderandos
787 3531 874 3568 etc.
935 3521 994 3566 cf.
1019 3522 1110 3567 Dio
1142 3531 1183 3564 et

292 3616 308 3631 2
326 3595 417 3631 uet.
462 3617 473 3629 .
521 3618 532 3629 .

1241 1558 1430 1602 Pichen.
1453 1559 1820 1602 diminutionem.
1879 1558 1949 1602 De
1982 1558 2136 1602 discri-

1243 1617 1365 1659 mine
1394 1615 1629 1673 utriusque
1661 1616 1786 1658 verbi
1822 1615 1913 1658 vid.
1949 1615 2137 1659 Ouden-

1245 1673 1457 1774 ‹Jlgrpioad
1478 1671 1712 1718 Suet.1ul.
1737 1690 1777 1718 c.
1798 1674 1843 1716 5.
1878 1681 1922 1717 et
1950 1682 2046 1718 not.
2080 1672 2137 1716 ad

1301 1828 1359 1855 ne
1386 1814 1593 1856 lictorem
1620 1813 1818 1870 quidem.
1870 1813 1981 1858 Tac.
2006 1814 2074 1863 13,
2095 1813 2139 1858 2.

1248 1870 1300 1913 ln
1324 1871 1555 1914 sacrificiis
1584 1881 1760 1920 tamen,
1823 1888 1904 1914 uae
1927 1879 1975 1913 ut
1996 1887 2138 1914 sacer-

1248 1928 1329 1972 dos
1353 1928 1544 1986 Augusti
1575 1929 1767 1978 faceret,
1818 1929 1958 1973 ictore
1982 1928 2046 1971 uti
2069 1929 2139 1971 Li·

1246 1987 1341 2028 viae
1385 1986 1653 2044 permissum
1701 2001 1796 2029 esse
1826 1993 2011 2029 testatur
2046 1985 2139 2029 Dio

1246 2043 1316 2095 56,
1336 2042 1409 2087 46.

1303 2128 1533 2170 aramque
1564 2113 1840 2167 adoptionis.
1909 2112 2048 2157 Refer
2083 2111 2141 2157 ad

1247 2171 1537 2227 adoptionem
1571 2171 1721 2217 Liviae
1758 2188 1797 2215 c.
1830 2171 1871 2214 8.
1942 2171 2018 2215 Sic
2048 2185 2142 2214 ara

1251 2229 1458 2272 Ultionis
1485 2228 1525 2280 3,
1553 2230 1620 2272 18.
1667 2229 1978 2278 Clementiae,
2010 2230 2143 2272 Ami-

1247 2289 1406 2335 citiae,
1448 2285 1490 2334 4,
1517 2286 1588 2330 74.
1647 2284 1986 2330 Stronnbeekius
2021 2285 2142 2344 cogi-

1247 2353 1311 2388 tat
1343 2344 1397 2386 de
1430 2344 1700 2402 adoptione,
1741 2359 1827 2402 qua
1857 2343 2065 2387 Tiberius
2094 2343 2142 2385 in

1247 2401 1464 2444 familiam
1508 2402 1747 2445 Caesarum
1800 2401 2005 2445 venisset.
2086 2401 2144 2444 At

1248 2475 1397 2502 sermo
1443 2475 1570 2503 nunc
1613 2468 1678 2503 est
1711 2459 1765 2502 de
1797 2458 2058 2503 adulatione
2094 2458 2144 2501 in

1248 2516 1438 2561 Liviam.

1302 2589 1637 2642 proconsulare
1658 2588 1915 2642 imperium.
1957 2586 2048 2631 Dio
2073 2587 2142 2638 56,

1246 2644 1318 2687 25.
1351 2644 1548 2687 triennio
1587 2652 1686 2687 ante
1722 2646 1958 2688 consulare
1994 2646 2145 2703 impe-

1246 2703 1366 2744 rium
1407 2700 1681 2745 Germanico
1727 2702 1900 2744 tribuit.
1990 2702 2141 2745 Verba

1248 2767 1375 2802 sunt:
1419 2761 1624 2816 Τιβέριος
1645 2759 1735 2818 μὲν
1762 2762 1839 2802 καὶ
1860 2758 2144 2819 Γερμανικὸς

1248 2816 1352 2860 ἀντὶ
1374 2813 1553 2860 ὑπάτου
1575 2815 1732 2874 ἀρχῶν
1752 2817 1797 2866 ἔς
1817 2831 1864 2860 τε
1887 2815 1969 2872 τὴν
1980 2818 2144 2860 Κελτι-

1248 2874 1334 2931 κὴν
1362 2875 1574 2931 ἐςέβαλον
1596 2885 1682 2918 etc.
1748 2875 1808 2918 At
1842 2874 1905 2918 ibi
1937 2874 2143 2933 intelligi-

1247 2942 1323 2976 tur
1362 2932 1688 2989 proconsulare
1729 2931 1997 2990 imperium,
2049 2946 2141 2990 quo

1250 2990 1305 3034 ad
1355 2990 1527 3033 bellum
1578 2989 1827 3047 gerendum
1883 2989 2145 3040 ornabatur,

1251 3047 1466 3106 quoniam
1503 3047 1787 3090 consulatum
1818 3047 2025 3089 nondum
2049 3063 2143 3104 ges-

1250 3114 1379 3149 serat.
1438 3104 1524 3147 Hic
1556 3119 1693 3155 vere,
1727 3111 1778 3146 ut
1806 3113 1928 3147 recte
1963 3104 2143 3147 monuit

1250 3161 1448 3220 Lipsius,
1485 3161 1777 3219 cogitandum
1803 3169 1868 3203 est
1892 3160 1946 3203 de
1972 3177 2144 3206 consu-

1251 3218 1333 3262 lari
1367 3235 1570 3285 impe-rio·
1591 3227 1832 3276 perpetuo,
1876 3219 1996 3277 quod
2027 3219 2144 3262 inter
2220 3235 2222 3243 ¹

1249 3275 1404 3319 titulos
1429 3284 1701 3334 principatus
1723 3274 1825 3318 fuit.
1886 3275 1943 3318 cf.
1969 3275 2050 3318 inf.
2076 3278 2145 3327 12,

1249 3335 1320 3376 41.
1363 3333 1474 3376 Hist.
1496 3335 1538 3384 4,
1559 3333 1601 3376 3.
1650 3332 1878 3389 Lamprid.
1900 3332 1945 3375 in
1960 3332 2143 3376 Alexan·

1252 3392 1342 3436 dro·
1359 3407 1398 3433 c.
1415 3392 1455 3433 8.
1494 3391 1586 3434 Dio
1611 3387 1678 3442 53,
1699 3389 1769 3432 32.

1312 3462 1617 3503 maestitiam.
1700 3459 1783 3502 Ed.
1817 3460 1919 3504 Ber.
1953 3463 2145 3504 maesti-

1255 3520 1373 3563 ciam
1381 3534 1395 3569 ,·
1411 3518 1556 3561 Rhen.
1569 3517 1672 3561 Ald.
1687 3519 1981 3584 moestitiam.
1990 3575 2000 3585 ι
2011 3518 2145 3586 Seqq.

1256 3576 1358 3619 edd.
1390 3577 1699 3625 maestitiam,
1750 3573 1857 3618 dum
1899 3576 2002 3618 abbi
2039 3591 2144 3620 serl-
