2222 4030
538 789 634 864 c,-
691 784 1319 847 coRNELll
1408 785 1856 848 TACITI

1153 930 1283 967 AB=

728 1032 1072 1081 ExCEssU
1121 1034 1292 1080 DIVI
1339 1030 1692 1082 AUGUSTI

389 1144 462 1217 A
616 1141 692 1218 N
846 1138 922 1217 N
1083 1139 1158 1214 A
1314 1141 1382 1215 L
1535 1142 1572 1216 1
1729 1141 1802 1216 u
1941 1145 2026 1219 M

850 1296 1110 1352 LIBER
1180 1300 1561 1357 TERTIUS.

731 1572 1336 1632 BREVIARIUM
1407 1574 1682 1621 LIBRI.

425 1681 540 1726 CAP.
567 1683 607 1724 1.
641 1679 678 1723 Α
711 1679 886 1738 rippina
910 1695 1014 1722 cum
1040 1696 1153 1724 urna
1178 1681 1304 1724 ferali
1329 1697 1492 1739 magno
1519 1682 1703 1740 planctu
1725 1683 1890 1741 passim
1913 1686 2142 1744 excipitur.

278 1746 324 1790 2.
356 1741 592 1786 Funerum
625 1755 675 1783 so
696 1738 857 1781 emnia.
919 1737 1146 1782 Primores
1182 1738 1304 1781 urbis
1328 1740 1461 1782 obvii.
1533 1739 1576 1783 3.
1609 1740 1845 1793 Tiberius,
1875 1743 2076 1802 Augusta
2101 1754 2144 1790 et

280 1798 479 1847 Antonia
522 1795 707 1856 publico
748 1795 988 1838 abstinent.
1065 1795 1107 1840 4.
1150 1796 1338 1840 Maeror
1368 1797 1592 1855 publicus.
1669 1798 1710 1842 5.
1741 1798 1950 1844 Tiberius
1982 1803 2143 1859 parcus

280 1860 402 1907 visus
422 1857 470 1900 in
491 1853 764 1899 honorando
792 1852 953 1896 funere
983 1853 1027 1898 6.
1052 1862 1227 1898 excusat
1246 1871 1295 1897 se
1319 1863 1362 1898 et
1385 1871 1443 1914 po
1480 1854 1609 1898 ulum
1641 1856 1701 1899 eri
1735 1855 1785 1900 it.
1815 1859 1817 1861 ’
1844 1857 2143 1904 7.'1ustitium

282 1915 515 1960 omissum.
557 1911 737 1954 Drusus
763 1909 819 1953 ad
840 1910 1046 1969 Illyricos
1070 1911 1287 1955 exercitus
1308 1912 1422 1964 abit,
1481 1944 1492 1954 .
1518 1913 1620 1956 Piso
1647 1913 1702 1956 ad
1761 1930 1944 1965 rusum,
1975 1915 2018 1961 9.
2038 1917 2144 1962 inde

279 1975 476 2018 Romam
503 1969 635 2014 alacri
657 1968 823 2011 animo.
885 1971 952 2012 10.
988 1969 1097 2012 Mox
1124 1978 1374 2014 accusatur.
1417 1970 1638 2029 Princeps
1659 1987 1838 2016 causam
1861 1972 1917 2017 ad
1942 1983 2144 2019 senatum

261 2030 483 2078 remittit.
545 2030 614 2072 11.
634 2025 822 2070 Patroni
844 2041 924 2070 reo
950 2026 1156 2086 quaesiti.
1217 2027 1283 2083 12.
1302 2027 1470 2072 Tiberii
1495 2030 1638 2073 oratio
1662 2029 1717 2072 ad
1737 2039 1900 2088 patres.
1964 2031 2032 2088 13.
2051 2034 2145 2077 Ac-

282 2096 542 2134 cusatorum
573 2083 939 2130 criminationem
994 2085 1062 2129 14.
1093 2100 1198 2128 reus
1232 2084 1349 2128 male
1384 2085 1527 2128 diluit.
1602 2087 1657 2131 In
1690 2103 1794 2130 eum
1823 2088 1992 2133 iudices
2025 2089 2145 2134 haud

279 2146 442 2206 proni,
475 2143 670 2202 populus
693 2139 1028 2186 offensissimus.
1091 2142 1156 2184 15.
1192 2142 1406 2186 Plancina
1431 2159 1609 2187 causam
1633 2159 1759 2187 suam
1784 2144 2008 2190 dissociat.
2062 2147 2143 2191 Pi-

281 2202 405 2249 sonis
425 2217 570 2252 mors,
602 2199 672 2244 16.
698 2198 887 2241 dubium
909 2217 966 2243 an
987 2201 1127 2250 iussa,
1157 2209 1199 2243 et
1220 2201 1274 2244 ad
1289 2199 1522 2243 Tiberium
1549 2201 1763 2245 codicilli.
1818 2203 1884 2245 17.
1904 2203 2008 2247 Piso
2029 2205 2147 2249 filius

281 2259 547 2307 absolvitur.
597 2255 817 2300 ‘Plancina
845 2257 1071 2315 Augustae
1108 2258 1317 2315 precibus
1349 2258 1651 2302 condonatur.
1715 2257 1969 2304 Sententias
1995 2263 2042 2305 in
2065 2262 2145 2306 Pi-

283 2333 444 2363 sonem
484 2316 553 2359 18.
584 2314 792 2372 princeps
823 2314 1009 2373 mitigat.
1090 2315 1305 2371 Adulatio
1338 2314 1620 2374 imprudens.
1705 2317 1773 2360 19.
1815 2317 1991 2363 Drusus
2024 2330 2144 2367 ovat.

280 2373 499 2433 Vipsania
539 2371 750 2414 moritur.
828 2372 899 2413 20.
934 2371 1193 2415 Tacfarinas
1230 2371 1399 2415 belluni
1442 2373 1489 2415 in
1522 2372 1677 2417 Africa
1719 2384 1916 2420 renovat.
1995 2377 2068 2422 21.
2100 2377 2147 2421 id

281 2430 478 2491 Apronii
512 2429 747 2474 severitate
778 2429 1068 2486 opprimitur.
1147 2431 1217 2473 22.
1256 2430 1420 2488 Lepida
1459 2431 1678 2489 suppositi
1713 2441 1888 2491 partus,
1927 2433 2148 2485 adulterii,

281 2487 487 2537 veneficii
510 2494 715 2531 accusata
746 2485 816 2528 23.
842 2486 1023 2530 Tiberio
1047 2503 1126 2543 per
1161 2486 1254 2530 lexe
1278 2495 1435 2545 agente
1457 2489 1711 2532 damnatur.
1771 2489 1842 2535 24.
1867 2490 2047 2536 Silanus
2070 2509 2147 2536 ex-

281 2546 368 2592 silii
400 2544 577 2588 veniam
606 2543 834 2600 impetrat.
894 2543 965 2587 25.
996 2544 1085 2586 Lex
1107 2503 1243 2602 lgipia
1275 2544 1338 2586 Po
1377 2560 1496 2602 paea.
1555 2544 1809 2590 Delatores.
1867 2548 1940 2592 26.
1974 2549 2147 2595 Excur-

281 2621 355 2649 sus
381 2603 436 2646 de
460 2602 655 2659 legibus,
689 2617 800 2658 quae
821 2602 949 2645 initio
977 2617 1142 2660 paucae
1162 2611 1203 2644 et
1224 2560 1472 2659 simplices,
1508 2601 1720 2659 paulatim
1750 2603 1923 2661 primo,
1949 2603 2029 2650 27.Ι
2046 2609 2150 2652 dein

279 2663 549 2706 immensum
574 2667 744 2702 auctae.
803 2659 872 2702 28.
898 2675 1051 2701 earum
1074 2663 1294 2702 correctio
1322 2663 1506 2701 tentata.
1567 2660 1636 2702 29.
1664 2661 1786 2704 Nero
1813 2661 2070 2708 Germanici
2090 2666 2148 2708 ad

279 2720 474 2764 honores
547 2724 754 2759 romotus
795 2716 954 2760 Iuliam
1003 2716 1127 2759 ducit
1157 2716 1294 2759 Drusi
1335 2715 1488 2759 filiam.
1568 2717 1638 2760 30.
1677 2719 1853 2763 Volusii
1878 2729 1922 2764 et
1953 2719 2151 2767 Sallustii

281 2792 407 2820 mors
432 2784 477 2818 et
502 2733 715 2833 ellogium.
778 2774 919 2817 Aulae
943 2774 1140 2832 potentia
1165 2774 1316 2817 infida.

427 2832 498 2876 31.
529 2831 739 2875 Tiberius
764 2839 805 2874 et
825 2830 1001 2874 Drusus
1022 2847 1136 2874 coss.
1159 2831 1453 2874 Irreverentia
1476 2830 1722 2877 iuventutis
1744 2841 1910 2878 notata.
1962 2835 2150 2880 Viarum

283 2908 407 2936 cura.
455 2890 525 2934 32.
545 2887 812 2932 Tacfarinas
836 2889 987 2931 turbat
1008 2887 1185 2932 iterum.
1219 2889 1410 2946 Lepidus
1425 2888 1555 2932 Asiae
1579 2891 1841 2947 proconsul.
1887 2891 1954 2936 33.
1977 2892 2150 2938 Uxores

282 2966 307 2993 a
331 2947 578 3007 provinciis
599 2954 721 2989 arcet
745 2945 962 2990 Caecina:
1003 2945 1074 2989 34.
1106 2946 1145 2989 ei
1181 2956 1399 3004 repugnat
1421 2946 1518 2988 Val.
1543 2948 1830 2992 Messallinus
1852 2949 2150 3008 adstipulante
2208 2972 2213 2978 ·

281 3006 453 3049 Druso.
511 3004 583 3047 35.
616 3003 800 3046 Blaesus
834 3002 1086 3062 proconsul
1109 3003 1304 3047 Africae.
1366 3003 1437 3046 36.
1475 3004 1652 3047 Abusus
1685 3005 1933 3064 imaginum
1971 3009 2149 3064 princi-

315 3062 451 3106 alium
482 3061 552 3106 37.
586 3077 815 3119 repressus
848 3078 871 3103 a
898 3061 1068 3104 Druso.
1127 3060 1197 3103 38.
1232 3060 1442 3104 Accusati
1473 3063 1853 3119 repetundarum,
1885 3063 2143 3110 maiestatis.

325 3119 497 3163 braciae
530 3127 709 3162 motum
748 3118 821 3162 39.
853 3117 1049 3161 Velleius
1082 3118 1359 3176 comprimit.
1429 3121 1500 3162 40.
1534 3118 1679 3162 Gallia
1713 3119 2071 3165 ducibus-Floro
2106 3134 2150 3167 et

283 3175 523 3221 Sacroviro
556 3174 757 3219 rebellat.
828 3176 899 3219 41.
933 3175 1198 3218 Andecavos
1232 3183 1411 3218 coercet
1443 3175 1625 3227 Aviola,
1663 3176 1892 3221 Turonios
1922 3181 2150 3237 opprimit.
2218 3170 2222 3179 Δ

279 3235 349 3287 42.
383 3232 547 3276 Florus
568 3249 647 3276 sua
669 3249 807 3275 manu
834 3233 967 3277 cadit.
1020 3232 1122 3275 finis
1144 3231 1371 3275 Treverici
1396 3234 1629 3276 tumultus.
1690 3233 1760 3275 43.
1793 3233 1975 3278 Aeduos
2001 3240 2149 3282 turbat

281 3289 522 3341 Sacrovir,
572 3290 642 3332 44.
677 3289 872 3332 Romam
905 3289 1136 3347 percellit,
1176 3306 1271 3332 non
1303 3289 1552 3332 Tiberium.
1614 3291 1683 3333 45.
1719 3290 1854 3335 Silius
1890 3291 1960 3337 46.
1989 3293 2147 3338 Gallos

280 3348 451 3397 fundit,
490 3344 813 3406 cruppellarios
847 3348 1006 3391 caedit.
1065 3346 1276 3390 Sacrovir
1306 3346 1388 3389 sibi
1414 3363 1600 3390 manum
1626 3348 1777 3391 infert.
1839 3349 1910 3392 47.
1943 3350 2148 3395 Tiberius

278 3407 458 3451 simulat
486 3405 572 3448 iter
608 3405 654 3447 in
687 3402 868 3448 Gallias.
928 3403 999 3448 48.
1035 3403 1220 3460 Quirini
1254 3419 1376 3447 mors
1417 3404 1661 3449 honestata.
1721 3405 2035 3451 49.‘Lutorius
2069 3425 2145 3453 ac-

281 3471 457 3509 cusatus
494 3462 565 3505 50.
599 3458 859 3504 defenditur
889 3477 913 3505 a
944 3462 1142 3522 Lepido,
1183 3461 1254 3505 51.
1286 3470 1470 3506 necatur
1503 3463 1549 3506 in
1582 3479 1775 3508 carcere.
1846 3463 1932 3508 SC.
1967 3465 2022 3508 de
2054 3466 2145 3509 dif-

283 3521 468 3566 ferenda
504 3534 670 3579 poena.
