2222 4030
1833 238 1883 273 A.
1900 238 1953 272 U.
1973 237 2053 274 772.

1832 282 1884 316 A.
1904 280 1951 316 C.
1993 283 2054 318 19.

299 242 420 301 190
958 235 1466 299 ANNALIUM

289 370 506 431 simum
531 371 832 448 quondam
853 378 1048 445 regem
1074 369 1150 426 ad
1176 387 1236 424 se
1267 365 1614 423 vocantibus
1631 364 1965 427 Romanam
1992 371 2143 428 ami-

289 460 486 517 citiam
511 447 871 533 praetulisse,
956 453 1332 529 Responsum
1354 471 1387 507 a
1410 449 1654 509 Caesare
1672 497 1688 522 ‚
1730 463 1917 511 tutam
1943 457 2000 512 ei
2030 454 2142 514 ho-

288 555 674 618 noratamque
698 542 895 597 sedem
923 541 989 596 in
1016 538 1187 595 Italia
1223 538 1378 605 fore,
1426 537 1477 592 si
1511 550 1801 594 maneret:
1845 540 1938 596 sin
1964 543 2142 599 rebus

289 629 415 686 eius
478 627 643 684 aliud
711 627 1087 692 conduceret,
1172 621 1474 678 abiturum
1525 623 1640 679 fide
1697 644 1812 699 qua
1868 626 2140 687 venisset.

287 725 546 771 ceterum
583 713 740 788 apud
787 721 1054 767 senatum
1103 706 1377 763 disseruit
1417 727 1541 764 non
1572 704 1917 784 Philippum
1953 707 2145 767 Athe-

287 798 623 867 niensibu8‚
690 817 813 853 non
850 789 1152 872 Pyrrhum
1192 803 1294 848 aut
1343 787 1709 849 Antiochum
1754 796 1975 869 populo
2012 794 2143 853 Ro-

286 904 466 941 mano
511 883 756 958 perinde
801 878 1148 936 metuendos
1193 877 1391 937 fuisse.
1500 875 1706 936 Exstat
1741 881 1958 951 orati0‚
2026 902 2143 957 qua

287 967 757 1043 magnitudinem
810 963 969 1033 viri,
1034 962 1382 1018 violentiam
1439 963 1834 1020 subiectarum
1891 967 1945 1021 ei
2001 985 2143 1039 gen-

286 1054 440 1112 tium
509 1064 566 1110 et
617 1071 794 1129 quam
853 1046 1224 1124 propinquus
1289 1045 1492 1103 Italiae
1544 1043 1732 1104 hostis
1798 1068 2018 1126 suaque
2077 1052 2143 1107 in

288 1137 643 1196 destruendo
689 1156 757 1192 eo
807 1132 1054 1191 consilia
1098 1132 1322 1192 extulit.
1431 1128 1514 1188 Et
1551 1130 1963 1191 Maroboduus
2000 1136 2145 1212 qui-

287 1223 425 1282 dem
467 1221 790 1283 Ravennae
848 1215 1115 1290 habituS‚
1185 1237 1261 1275 ne
1320 1216 1371 1273 si
1429 1217 1666 1295 quando
1726 1219 2146 1278 insolescerent

288 1451 358 1502 15,
390 1453 429 1496 1.
462 1465 558 1492 non
589 1449 714 1493 enim
751 1449 938 1504 ignavia
966 1455 1052 1494 etc.
1113 1450 1179 1500 11,

290 1512 359 1554 17.
399 1523 494 1551 non
537 1509 662 1551 enim
695 1508 933 1563 inrupisse
967 1514 1051 1550 etc.
1113 1507 1180 1557 16,

289 1569 357 1612 18.
378 1582 493 1609 nam
511 1568 581 1609 illi
597 1573 681 1608 etc.
729 1566 882 1623 AgriC.
905 1581 945 1609 c.
968 1564 1038 1608 45.
1060 1577 1179 1607 nam

286 1627 460 1669 multos
492 1632 575 1667 etc.

317 1771 329 1783 .
363 1738 459 1783 149.
498 1755 543 1798 p.
575 1736 674 1782 432.
760 1738 885 1787 Hoc!
906 1737 1010 1781 loco
1063 1751 1182 1779 nam

287 1805 440 1857 aperte
457 1795 640 1854 respicit
663 1796 717 1839 ad
740 1795 1026 1838 memoriam
1043 1796 1182 1851 prio-

287 1858 356 1899 ris
368 1854 600 1912 fortunae
622 1862 724 1897 ante
747 1854 928 1896 dictam.

343 1926 478 1969 rebus
503 1927 614 1967 eius.
672 1922 869 1968 Pichena
902 1940 926 1966 e
956 1923 1055 1968 cod.
1079 1921 1181 1967 MS.

286 1982 463 2052 repetiit
494 1983 617 2030 eius,
647 1998 788 2041 quum
813 1990 940 2025 antea
974 1981 1183 2025 ederetur

285 2055 400 2086 sulS·

264 2157 266 2163 ,
310 2133 328 2147 -τ
345 2112 527 2156 extulit.
613 2109 668 2153 H.
710 2125 747 2152 e.
787 2109 1052 2168 prolocutus
1105 2117 1183 2160 est,

286 2162 502 2228 exposuit.
545 2167 761 2210 Nostrum
782 2167 1051 2222 aussu‘hren,
1073 2182 1181 2210 aus·

286 2228 686 2271 einandersetzen.
747 2224 808 2268 cf.
836 2223 942 2267 infr.
972 2225 1014 2273 6,
1036 2224 1078 2267 9.
1107 2226 1189 2280 qui

284 2285 493 2340 efferret,
532 2298 652 2339 quae
679 2296 840 2324 omnes
871 2282 1035 2324 animo
1070 2283 1181 2336 agi—

285 2343 469 2393 tabant.
550 2340 695 2384 Paulo
728 2348 831 2382 ante
873 2339 944 2383 ed.
971 2339 1180 2384 Beroatd.

285 2399 446 2447 vitiose
466 2397 600 2442 habet
621 2405 667 2440 et
690 2414 772 2456 pro
797 2398 856 2440 ei.

340 2495 402 2526 ne
423 2482 468 2526 si
484 2485 672 2537 quando
694 2483 1044 2524 insolescerent.
1104 2479 1182 2524 Sic

285 2539 387 2584 cod.
408 2539 509 2583 MS.
535 2539 633 2583 edd.
655 2538 861 2582 Beroald.
892 2537 999 2581 Ald.
1032 2537 1179 2581 Rhen.

281 2596 370 2641 Hic
402 2605 553 2640 tamen
583 2596 632 2638 in
663 2596 879 2652 castigatt.
916 2604 1068 2639 censet
1107 2603 1181 2637 aut

284 2653 579 2698 scribendum
601 2669 661 2696 ne
684 2656 874 2709 quando
906 2651 977 2694 vel
1005 2669 1063 2695 ne
1084 2653 1178 2695 ali-

284 2715 468 2768 quando
482 2729 498 2763 ;
543 2719 618 2753 aut
659 2710 960 2753 omittendum
996 2725 1082 2761 ne,
1130 2718 1181 2753 ut

282 2769 424 2826 legas,
455 2770 502 2812 si
530 2772 735 2826 quando,
795 2767 897 2810 Hoc
927 2767 1180 2826 praetulere

317 2826 555 2870 osteriores
578 2826 769 2868 editores
793 2825 908 2883 Lips.
929 2824 1061 2868 Grut.
1083 2841 1180 2884 sqq.

283 2843 480 2927 Eichena
509 2882 844 2940 suspicabatur:
871 2898 939 2925 'ac
960 2885 1004 2925 si
1025 2898 1176 2938 quan-

284 2944 359 2984 do.
419 2941 505 2984 Sed
529 2941 722 2999 genuina
747 2950 852 2984 sunt
872 2940 1041 2983 codicis
1059 2940 1178 2982 MSti

285 2998 446 3049 verba,
487 3014 598 3056 quae
630 2997 826 3055 reposui.
886 2997 1114 3040 Particula
1137 2998 1182 3040 si

284 3053 480 3111 elliptice
509 3055 718 3114 ponitur,
762 3063 810 3096 ut
835 3055 951 3113 apud
978 3053 1178 3098 Graecos

284 3115 413 3170 εἴπερ
445 3113 512 3155 vel
547 3115 673 3171 εἴπερ
705 3109 810 3170 ἄρα.
883 3112 1058 3154 Platon.
1082 3112 1178 3154 Eu-

283 3168 406 3226 thyd.
425 3185 466 3226 p.
481 3170 580 3213 296.
595 3171 646 3211 B.
663 3167 831 3213 οὔκουν
846 3166 966 3228 ἡμᾶς
986 3184 1054 3226 γε,
1081 3168 1172 3212 ἀλλ’

285 3230 415 3281 εἴπερ
440 3228 505 3269 σέ.
566 3226 622 3269 cf.
640 3229 803 3271 Buttm.
823 3227 903 3271 Gr.
919 3226 998 3270 Gr.
1024 3227 1064 3281 §.
1083 3228 1178 3270 151.

285 3284 368 3328 IV.
389 3284 428 3330 2,
461 3283 550 3338 (ed.
578 3285 738 3336 1822).
797 3285 875 3327 sie
902 3285 1087 3328 Noster:
1118 3300 1179 3326 ne

285 3343 331 3385 si
359 3344 544 3397 quando
575 3341 900 3384 insolescerent
931 3344 982 3389 S.
1020 3344 1175 3397 (accu-

286 3399 456 3442 ratiore
478 3397 763 3440 distinctione
795 3401 988 3457 legeresz
1029 3415 1111 3448 ne,
1141 3401 1188 3442 si

287 3459 502 3512 quando,
537 3455 865 3497 insolescerent
881 3455 1036 3512 Saevi)
1074 3457 1116 3500 h.
1140 3474 1178 3499 e.

287 3529 346 3555 ne
379 3511 702 3555 insolescerent
732 3512 892 3565 Suevi,
932 3514 967 3557 si
998 3514 1178 3571 quando

287 3568 452 3614 vellent
473 3569 539 3612 vel
561 3569 704 3612 simile
728 3569 848 3627 quid.
887 3569 1179 3615 Germanice:

646 1622 810 1666 Graeci
844 1623 1000 1666 eodem
1037 1622 1178 1665 modo
1198 1659 1202 1679 ‚

319 1689 463 1726 onunt
485 1677 590 1739 γάρ.
644 1679 702 1725 cf.
720 1680 980 1723 Buttmann.
997 1678 1079 1723 Gr.
1097 1678 1180 1722 Gr.
1196 1689 1201 1700 '

1249 1447 1403 1490 damit
1424 1448 1551 1490 nicht
1570 1455 1694 1491 elwa
1713 1448 1893 1492 ez'nmal
1905 1457 1989 1493 etc.
2029 1448 2145 1493 Nam

1249 1505 1430 1548 Tacitus
1467 1520 1558 1548 non
1608 1513 1700 1549 erat
1742 1506 1943 1550 dicturus
1974 1506 2145 1550 Suevos

1251 1563 1309 1607 ob
1350 1562 1624 1606 Marobodui
1677 1563 1922 1608 absentiam
1971 1563 2143 1608 insole-

1250 1619 1406 1664 scendi
1466 1620 1706 1664 consilium
1760 1636 1916 1664 revera
1976 1622 2145 1680 cepisse

1251 1678 1356 1733 (hoc
1386 1686 1522 1720 esset:
1565 1692 1626 1720 ne
1658 1680 2027 1735 insolescerent);
2067 1679 2146 1723 sed

1251 1735 1341 1778 hoc
1361 1734 1443 1777 sibi
1466 1734 1584 1784 vult,
1615 1735 1710 1778 fieri
1740 1737 1960 1794 potuisse,
1990 1745 2040 1779 ut
2071 1738 2142 1781 in—

1252 1791 1472 1836 solescere
1510 1792 1786 1850 inciperent,
1832 1794 1968 1851 idque
2004 1793 2144 1837 Tibe-

1251 1849 1372 1893 rium
1399 1851 1690 1906 praecavisse.
1748 1850 1914 1895 Similis
1943 1851 2144 1909 particu-

1251 1907 1320 1951 lae
1348 1907 1396 1949 si
1423 1923 1527 1950 usus
1557 1916 1622 1950 est
1650 1906 1756 1950 infr.
1788 1908 1855 1959 13,
1879 1908 1949 1951 57.
1979 1923 2076 1950 non
2106 1908 2151 1951 si

1238 1965 1521 2024 fluvialibus
1561 1972 1647 2007 aut
1677 1981 1766 2022 quo
1798 1968 1892 2010 alio
1923 1969 2144 2009 humore.

1258 2022 1359 2064 Vid.
1384 2021 1444 2065 ib.
1469 2030 1567 2065 not.
1629 2022 1802 2066 Eodem
1835 2023 1975 2067 modo
2006 2023 2145 2081 expli-

1253 2080 1447 2124 candum
1483 2087 1548 2122 est
1579 2079 1998 2138 frequentissimum
2035 2079 2147 2123 illud

1251 2137 1352 2179 nisi
1383 2137 1437 2180 si.
1497 2135 1557 2179 cf.
1583 2137 1650 2185 15,
1674 2136 1745 2181 53.
1778 2138 1874 2180 nisi
1906 2139 1954 2181 si
1983 2139 2146 2194 cupido

1252 2195 1532 2237 dominandi
1557 2196 1735 2238 cunctis
1760 2195 2022 2250 adfectibus
2039 2195 2147 2252 fla·-

1251 2251 1472 2307 grantior
1500 2259 1592 2303 est,
1628 2251 1673 2296 h.
1708 2269 1745 2295 e.
1783 2253 1888 2304 nisi,
1929 2253 1965 2296 si
1995 2260 2147 2296 tamen

1251 2309 1451 2353 Antonia
1483 2307 1609 2353 inani
1631 2310 1722 2367 spei
1756 2325 1923 2353 nomen
1954 2318 1997 2353 et
2055 2311 2144 2352 eri-

1253 2366 1407 2412 culum
1433 2368 1734 2411 commodavit
1760 2376 1873 2419 etc„
1906 2367 2010 2426 cupi
2045 2383 2072 2410 o
2104 2367 2147 2410 d.

1254 2441 1295 2468 c.
1339 2441 1379 2468 a.
1418 2423 1450 2466 f.
1493 2433 1582 2475 est;
1637 2423 1682 2467 h.
1716 2441 1756 2468 e.
1790 2425 1875 2469 nisi
1905 2423 2023 2468 forte
2058 2434 2146 2469 etc.

1253 2484 1342 2525 An.
1367 2481 1409 2531 6,
1428 2481 1499 2524 25.
1527 2481 1624 2523 nisi
1639 2484 1684 2524 si
1700 2485 1887 2535 negatis
1909 2483 2147 2524 alimentis

1253 2539 1572 2582 adsimulatus
1593 2546 1660 2581 est
1669 2541 1790 2596 finis
1798 2572 1811 2591 ,
1841 2538 1884 2582 h.
1906 2555 1946 2584 e.
1969 2539 2080 2592 nisi,
2109 2539 2146 2582 si

1251 2596 1370 2638 sorte
1408 2611 1504 2639 non
1547 2597 1772 2638 voluntate
1816 2596 2027 2641 exstincta
2068 2604 2146 2649 est,

1253 2653 1540 2696 adsimulatus
1573 2661 1637 2696 est
1668 2653 1785 2696 finis.
1846 2651 2003 2697 Germ.
2037 2669 2076 2698 c.
2102 2654 2145 2697 2.

1250 2710 1345 2753 nisi
1365 2712 1407 2752 si
1418 2711 1581 2764 patria
1599 2711 1674 2754 sit.
1730 2708 1884 2768 Agric.
1911 2710 2034 2755 ase.
2057 2713 2152 2754 nisi

1248 2769 1294 2810 si
1324 2767 1489 2810 Gallos
1523 2775 1569 2809 et
1594 2768 1861 2810 Germanos
1892 2776 1976 2812 etc.
2036 2769 2144 2812 Pla-

1250 2824 1516 2883 ton.Syn.p.
1545 2841 1588 2884 p.
1601 2825 1698 2868 205.
1716 2826 1768 2869 E.
1801 2829 1842 2868 εἰ
1860 2824 1926 2883 μὴ
1950 2830 1996 2870 εἴ
2013 2843 2078 2876 τις
2093 2826 2144 2872 τὸ

1248 2884 1338 2942 μὲν
1359 2881 1546 2939 ἀγαθὸν
1567 2887 1738 2926 οἰκεῖον
1755 2885 1897 2927 καλεῖ.
1939 2884 2144 2943 Thucyd.

1252 2943 1290 2992 1,
1315 2940 1385 2983 17.
1411 2937 1621 2998 ἐπράχθη
1647 2942 1697 2985 δὲ
1725 2938 1798 2984 ἀπ’
1828 2939 1984 2985 αὐτῶν
2007 2941 2147 2987 οὐδὲν

1251 2999 1390 3056 ἔργον
1422 2997 1692 3055 ἀξιόλογον,
1737 3002 1778 3042 εἰ
1807 2997 1874 3058 μὴ
1904 3003 1948 3042 εἴ
1966 3016 2009 3042 τι
2031 3002 2147 3055 πρὸς

1251 3060 1523 3115 περιοίκους.
1594 3057 1773 3112 Quibus
1804 3057 1952 3099 verbis
1983 3068 2142 3101 aucto-

1250 3130 1320 3156 res
1365 3130 1459 3156 non
1497 3113 1737 3157 adfirmant
1778 3112 1946 3170 aliquid
1987 3130 2144 3158 revera

1252 3187 1366 3223 esse3
1419 3173 1496 3214 sed
1527 3187 1584 3213 an
1616 3172 1696 3219 sit,
1747 3170 1793 3211 in
1827 3171 1965 3213 dubio
2001 3171 2145 3214 relin-

1252 3236 1422 3285 quunt‚·
1466 3228 1513 3271 id
1548 3237 1724 3271 tantum
1757 3227 1936 3279 dicunt,
1974 3228 2143 3286 aliquid

1251 3301 1344 3328 esse
1375 3301 1521 3343 posse.
1594 3284 1688 3328 Ubi
1718 3284 1943 3327 indicatur
1975 3286 2143 3343 aliquid

1249 3358 1407 3387 revera
1433 3359 1548 3394 esse,
1578 3343 1626 3384 si
1644 3351 1746 3400 post
1769 3342 1869 3383 nisi
1887 3351 2144 3385 constanter

1252 3399 1488 3443 omittitur.
1548 3400 1608 3442 cf.
1642 3403 1732 3442 An.
1768 3400 1805 3449 1,
1835 3399 1878 3443 2.
1912 3403 2002 3442 nisi
2025 3399 2140 3441 Cae·
2213 3441 2217 3449 Δ

1251 3472 1360 3508 sar,·
1408 3457 1470 3500 ib.
1506 3474 1548 3500 c.
1575 3457 1615 3500 3.
1647 3459 1744 3499 nisi
1763 3459 1995 3498 adversus
2019 3456 2142 3498 Ger-
2220 3475 2222 3479 ·

1251 3529 1422 3556 manos
1433 3534 1449 3565 ,·
1482 3514 1542 3557 ib.
1571 3530 1612 3558 c.
1632 3514 1674 3558 7.
1703 3516 1792 3558 nisi
1806 3529 1908 3556 cum
1931 3514 1981 3554 in
2002 3528 2141 3557 sena·

1252 3578 1302 3613 tu
1321 3575 1600 3628 loqueretur.
