2222 4030
1834 178 1891 215 Α.
1906 179 1955 217 U.
1974 183 2052 216 777.

1831 227 1884 259 A.
1902 223 1948 259 C.
1990 227 2050 260 24.

289 179 412 239 314
955 176 1462 242 ANNALIUM

284 306 644 365 carminibus
687 319 742 365 et
776 308 1069 366 veneficiis
1108 309 1442 365 vecordiam
1477 308 1718 380 marit0,
1756 311 1958 368 insons
1980 315 2137 371 iudi-

282 403 678 536 catur'XXIIL
723 475 779 534 Is
805 479 1041 536 demum
1064 497 1252 534 annus
1279 478 1568 552 populum
1589 476 1931 536 Romanum
1957 482 2133 556 longo

282 561 594 618 adversum
623 560 944 620 Numidam
978 563 1412 619 Tacfarinatem
1450 564 1606 619 bello
1642 565 1910 624 absolvit.
1997 588 2136 623 nam

279 646 506 720 priores
533 647 707 704 duces
722 693 738 717 ,
779 649 886 704 ubi
908 648 1275 721 impetrando
1300 645 1748 723 triumphalium
1772 650 1990 723 insigni
2014 653 2136 707 suf-

279 731 450 787 ficere
485 752 578 788 res
610 752 742 790 suas
778 734 1176 801 crediderant,
1218 728 1447 789 hostem
1488 734 1858 791 omittebant:
1902 736 2135 812 iamque

280 826 398 874 tres
432 817 721 874 laureatae
759 818 824 873 in
860 818 1005 874 urbe
1037 829 1256 874 statuae
1288 829 1344 874 et
1366 814 1558 875 adhuc
1581 821 1848 894 raptabat
1871 816 2134 878 Africam

281 898 623 958 Tacfarinas
649 915 849 959 auctus
872 900 1226 957 Maurorum
1252 903 1514 972 auxiliiS,
1557 903 2005 979 quiPtolemaeo
2032 904 2134 962 Iu-

277 985 388 1043 bae
421 987 543 1044 filio
574 987 812 1044 iuventa
847 986 1142 1043 incurioso
1179 987 1422 1043 libertos
1454 989 1644 1060 regios
1678 1000 1733 1044 et
1760 990 1992 1045 servilia
2019 992 2133 1045 im-

274 1071 440 1146 peria
463 1072 619 1129 bello
642 1083 1026 1130 mutaverant.
1112 1069 1258 1127 Erat
1283 1072 1375 1127 illi
1398 1074 1749 1148 praedarum
1778 1086 2041 1148 receptor
2068 1096 2132 1130 ac

276 1156 467 1213 socius
497 1156 823 1232 populandi
852 1176 953 1211 rex
979 1153 1435 1226 Garamantum,
1477 1178 1601 1214 non
1633 1169 1699 1214 ut
1723 1179 1856 1234 cum
1881 1160 2133 1216 exercitu

276 1240 602 1311 incederet,
646 1241 747 1296 sed
784 1241 977 1296 missis
1012 1241 1240 1298 levibus
1275 1243 1489 1317 copiiS,
1533 1264 1682 1319 quae
1707 1263 1775 1300 ex
1803 1245 2128 1320 longinquo

274 1325 342 1382 in
362 1327 552 1383 maius
580 1327 997 1382 audiebantur:
1042 1327 1284 1402 ipsaque
1309 1348 1338 1383 e
1372 1328 1677 1403 provincia
1695 1373 1710 1398 ,
1754 1340 1821 1384 ut
1845 1329 1975 1405 quis
2007 1331 2131 1385 for-

273 1421 452 1468 tunae
476 1412 672 1485 inOPS,
700 1411 966 1467 moribus
986 1412 1285 1481 turbidus,
1320 1413 1649 1488 promptius
1671 1415 1947 1482 ruebant,
1992 1415 2129 1490 quia

273 1493 486 1552 Caesar
519 1507 651 1571 post
680 1516 772 1552 res
797 1517 830 1552 a
857 1494 1065 1553 Blaeso
1086 1509 1276 1570 ‘gestas
1302 1499 1470 1574 quasi
1491 1498 1675 1555 nullis
1700 1498 1819 1554 iam
1843 1500 1905 1553 in
1929 1494 2129 1555 Africa

271 1576 542 1637 hostibus
561 1582 850 1655 reportari
875 1602 1098 1638 nonam
1120 1582 1411 1655 legionem
1434 1584 1702 1639 iusserat:
1746 1604 1852 1639 nec
1875 1605 2129 1658 procon-

272 1666 366 1722 sul
387 1666 510 1722 eius
537 1667 679 1722 anni
691 1665 758 1726 P.
771 1664 1083 1723 Dolabella
1107 1668 1359 1724 retinere
1386 1688 1559 1725 ausus
1586 1680 1739 1738 erat,
1783 1669 1937 1725 iussa
1959 1670 2128 1744 prin-

270 1751 415 1826 cipis
439 1751 623 1825 magis
653 1772 830 1828 quam
854 1752 1075 1809 incerta
1099 1753 1243 1809 belli
1264 1765 1549 1814 metuenS.

441 1849 667 1910 XXIV.
710 1849 900 1925 Igitur
925 1850 1269 1908 Tacfarinas
1294 1853 1554 1928 disperso
1583 1873 1820 1909 rumore
1841 1855 1976 1917 {rem
2000 1852 2128 1911 Ro-

269 1957 506 1993 manam
533 1936 664 1992 aliis
688 1956 922 2013 quoque
948 1938 1022 1994 ab
1044 1937 1386 1994 nationibus
1420 1938 1664 1994 lacerari
1704 1959 1888 2014 eoque
1922 1940 2128 2014 paula—

268 2021 379 2080 tim
412 2018 614 2079 Africa
656 2022 938 2078 decedere
985 2043 1051 2080 ac
1084 2042 1253 2098 posse
1291 2023 1550 2099 reliquos
1584 2023 2028 2093 circumveniri,
2079 2027 2128 2079 si

270 2108 496 2176 cuncti,
539 2107 754 2183 quibus
774 2108 1014 2164 libertas
1039 2108 1274 2164 servitio
1297 2109 1519 2183 potior,
1562 2107 1994 2178 incubuissent,
2021 2129 2126 2164 au-

269 2202 365 2265 get
385 2190 541 2248 vires
566 2192 887 2268 positisque
912 2195 1112 2250 castris
1139 2190 1530 2251 Thubuscum
1553 2194 1838 2268 oppidum
1875 2194 2125 2250 circum-

268 2277 437 2336 sidet.
522 2271 604 2333 At
626 2275 964 2346 Dolabella,
1007 2290 1303 2335 contracto
1333 2279 1492 2355 quod
1528 2289 1650 2334 erat
1671 2279 1958 2349 militum,
2006 2291 2125 2336 ter-

267 2382 404 2418 rore
433 2361 694 2418 nominis
717 2360 980 2419 Romani
1008 2374 1091 2433 et,
1114 2358 1121 2366 ’
1146 2363 1285 2440 quia
1310 2363 1603 2420 Numidae
1637 2364 1905 2439 peditum
1942 2364 2125 2420 aciem

326 2581 440 2629 CAP.
471 2581 542 2626 23.
589 2581 670 2624 ubi
706 2582 1015 2634 impetrando.
1096 2581 1159 2624 Ex

268 2656 297 2685 o
330 2639 438 2685 tima
471 2638 520 2681 Li
556 2639 608 2682 sii
648 2639 972 2682 emendatione.
1042 2637 1155 2682 Cod.

323 2697 371 2741 S.
395 2697 495 2740 edd.
552 2696 721 2743 er.Alc.
743 2698 826 2738 sub
847 2697 1155 2752 impetrando,

268 2755 391 2813 quod
408 2754 632 2798 Victorius
657 2754 704 2795 in
726 2770 806 2796 suo
829 2754 1014 2810 exempl.
1039 2770 1158 2797 corr.

265 2813 356 2857 sibi
389 2814 499 2866 imp,
543 2821 586 2855 et
625 2811 692 2854 sic
735 2810 911 2853 edidere
952 2811 1154 2855 Rhenan.

266 2885 366 2927 sqq.
399 2885 540 2927 usque
570 2869 622 2911 ad
654 2868 874 2926 Lipsium.
943 2870 1053 2912 Mox
1085 2869 1154 2911 ed.

264 2927 371 2971 Atd.
399 2928 669 2969 omitebant.

321 3016 415 3052 tres
448 3011 691 3052 laureatae
716 3017 920 3053 statuae.
981 3009 1158 3052 Camilli

263 3067 308 3116 2,
330 3067 400 3110 52.
439 3067 626 3123 Apronii
659 3065 701 3118 3,
731 3067 803 3110 21.
850 3068 994 3110 Blaesi
1019 3066 1059 3118 3,
1084 3067 1155 3108 72.

263 3125 338 3168 De
381 3123 536 3167 statuis
573 3140 654 3182 pro
687 3125 913 3182 triumpho
948 3125 1056 3167 datis
1094 3123 1153 3167 ef.

264 3182 430 3230 Noster
452 3182 561 3238 Agr.
591 3197 631 3225 c.
654 3182 725 3224 40.
760 3181 876 3224 Plin.
901 3181 972 3231 33,
997 3182 1067 3225 46.

322 3266 558 3320 raptabat.
617 3263 692 3307 Sic
717 3266 785 3308 ed.
808 3263 1012 3307 Beroald.
1038 3263 1156 3309 haud

265 3322 400 3368 dubie
421 3338 446 3365 e
467 3320 567 3366 cod.
580 3320 684 3363 MS.
742 3322 949 3366 Restituit
964 3322 1154 3380 Lipsius.

265 3381 382 3425 Nam
417 3378 518 3423 edd.
544 3378 627 3421 Alc
672 3378 813 3421 Rhea.
848 3379 1019 3437 Grypli.
1047 3378 1151 3423 Ald.

265 3437 462 3494 aliaeque
482 3435 646 3482 habent
662 3437 892 3486 reptabat.
953 3436 1030 3481 Sic
1048 3434 1152 3479 infr.

268 3494 336 3547 13,
358 3495 401 3538 6.
432 3493 540 3553 rapi
556 3493 851 3538 Armeniam.

1287 2581 1434 2623 Iubae
1455 2581 1580 2637 filio-
1641 2580 1757 2624 Nam
1792 2582 1979 2625 Mauros
2017 2583 2121 2625 tuba

1229 2656 1306 2681 rex
1350 2646 1579 2694 acceperat
1628 2638 1796 2682 donum
1838 2656 1892 2695 po
1930 2641 1987 2682 uli
2025 2640 2122 2682 Ro-

1231 2696 1368 2738 mani.
1413 2695 1470 2739 cf.
1496 2711 1616 2751 supr.
1644 2713 1684 2739 e.
1711 2695 1754 2739 5.
1811 2695 1882 2740 De
1898 2657 1988 2740 iioe
2011 2697 2120 2739 Pio-

1229 2753 1398 2796 lemaeo
1422 2752 1513 2797 vid.
1538 2751 1660 2794 Suet.
1690 2752 1827 2811 Calig.
1858 2770 1897 2798 c.
1922 2755 1994 2797 26.
2043 2755 2120 2797 Se-

1228 2827 1329 2853 nec.
1356 2810 1409 2852 de
1434 2809 1684 2868 Tranquill.
1712 2827 1750 2854 c.
1781 2814 1847 2853 11.

1291 2867 1661 2911 Garamantum.
1703 2867 1890 2927 Respice
1915 2869 1967 2910 ad
1991 2868 2115 2920 3‚74.

1283 2939 1457 2966 nonam
1499 2925 1744 2978 legionem.
1826 2926 1882 2969 cs.
1919 2925 1958 2974 3,
1996 2927 2038 2970 9.
2079 2936 2117 2969 et

1226 2990 1323 3024 not.
1355 2981 1409 3023 ad
1441 2982 1481 3030 4,
1515 2982 1555 3025 5.
1618 2983 1727 3025 Mox
1760 2983 1862 3026 cod.
1899 2983 1999 3027 MS.
2025 3000 2118 3038 pro

1226 3041 1431 3082 consule.

1283 3105 1509 3140 metuens.
1563 3096 1749 3153 Proprie
1773 3098 1959 3154 pertinet
1979 3098 2032 3140 ad
2053 3101 2117 3140 in-

1227 3161 1346 3196 certa
1371 3154 1500 3204 belli3
1532 3154 1584 3195 ad
1610 3155 1733 3195 iussa
1755 3155 1977 3207 princ-dvis*
2000 3154 2116 3197 ἀνα-

1226 3206 1375 3267 λόγως
1399 3211 1592 3268 intellige
1621 3225 1842 3252 reverens
1875 3212 1938 3253 ve!
1975 3212 2116 3255 simile

1227 3268 1350 3326 quid.
1403 3266 1459 3310 cs.
1499 3276 1594 3310 not.
1631 3268 1683 3308 ad
1711 3271 1746 3318 1,
1770 3267 1838 3309 35.
1867 3269 1948 3311 sub
1987 3271 2113 3315 verb.

1227 3332 1538 3380 quaeruntur.
1626 3323 1778 3367 Potest
1825 3333 1970 3368 tamen
2013 3343 2113 3369 me—

1228 3389 1360 3423 tuens
1386 3382 1512 3423 iussa
1535 3381 1593 3423 ita
1617 3382 1780 3439 accipi,
1821 3392 1867 3424 ut
1900 3382 2114 3441 intelligas

1222 3439 1350 3482 illum
1397 3437 1605 3482 metuisse
1654 3455 1857 3497 poenam·
1897 3441 1953 3484 ob
1997 3440 2114 3486 iussa

1224 3512 1319 3541 non
1346 3504 1535 3553 peracta.
