2222 4030
300 201 424 263 35⁶
942 195 1084 258 ἈΝ
1099 196 1219 260 NA
1237 199 1287 256 L
1303 198 1327 254 Ι
1344 197 1398 256 U
1415 197 1485 256 M
1743 195 1864 276 2:¹3:
1885 195 2076 296 fitz-,⁷232

304 346 362 392 et
392 332 616 388 malum
658 328 849 385 otium
887 330 1197 390 resolutus,
1250 370 1257 374 -
1295 325 1582 386 Manebat
1617 329 1835 406 quippe
1877 332 2162 408 suspicio-

286 407 450 479 num
486 427 542 472 et
575 414 853 473 credendi
881 411 1210 481 temeritaS‚
1263 432 1442 488 quam
1462 411 1712 471 Seianus
1742 435 1952 491 augere
1988 417 2164 488 etiam

303 505 367 559 in
393 503 540 558 urbe
566 512 762 558 suetus
783 500 971 573 aerius
995 498 1270 556 turbabat
1293 518 1419 554 non
1441 498 1560 554 iam
1583 500 1825 563 occultis
1850 502 2163 558 adversum

302 585 696 662 Agrippinam
738 583 796 661 et
837 580 1135 642 Neronem
1180 582 1430 642 insidiis,
1533 585 1666 661 quis
1710 584 1966 666 additus
1993 587 2162 642 miles

286 661 576 740 nuntios,
618 667 930 758 intrpitus,
973 679 1200 745 aperta,
1244 680 1461 726 secreta
1491 671 1653 727 velut
1688 671 1755 726 in
1790 673 2032 735 annales
2063 692 2162 750 re-

299 758 546 827 ferebat,
563 755 840 832 ultroque
866 753 1260 822 struebantur,
1295 753 1399 830 qui
1420 769 1733 813 monerent
1755 756 2063 832 perfugere
2086 759 2161 813 ad

300 841 659 900 Germaniae
705 840 988 897 exercitus
1032 838 1130 894 vel
1172 839 1554 896 celeberrimo
1598 841 1715 897 fori
1754 842 2003 916 effigiem
2040 842 2161 898 divi

296 924 550 1002 Augusti
583 925 854 1003 amplecti
879 923 1285 1000 populumque
1309 944 1375 980 ac
1398 937 1665 981 senatum
1691 928 1909 983 auxilio
1935 948 2163 986 vocare.

297 1005 480 1091 eaque
503 1025 701 1088 spreta·
723 1011 797 1066 ab
819 1009 973 1078 illis,
1017 1009 1180 1066 velut
1202 1021 1509 1084 pararent,
1552 1010 2002 1072 obiiciebantur.

459 1137 741 1198 LXVIII.
785 1135 959 1195 Iunio
989 1136 1194 1194 Silano
1226 1150 1294 1195 ,et
1321 1138 1471 1196 Silio
1508 1137 1703 1197 Nerva
1740 1160 1883 1200 coss,
1919 1141 2159 1197 foedum

292 1218 436 1284 anni
456 1224 815 1301 principium
837 1223 1074 1280 incessit
1096 1235 1280 1280 tracto
1307 1223 1370 1279 in
1393 1244 1683 1281 carcerem
1704 1226 1943 1282 inlustri
1966 1227 2160 1303 equite

288 1302 565 1370 Romano
604 1309 768 1365 Titio
806 1308 1031 1366 Sabino
1073 1310 1150 1365 ob
1194 1309 1516 1366 amicitiam
1553 1308 1913 1371 Germanici.
1969 1332 2161 1388 neque

291 1398 450 1453 enim
473 1395 746 1451 omiserat
768 1395 1078 1468 coniugem
1105 1396 1442 1472 liberosque
1471 1397 1595 1453 eius
1621 1397 1923 1473 percolere
1938 1442 1953 1466 ‚
1977 1408 2159 1454 secta-

288 1493 383 1539 tor
418 1480 613 1549 domi,
663 1500 857 1536 comes
892 1480 957 1535 in
989 1481 1229 1555 publico
1254 1492 1387 1556 post
1410 1493 1499 1538 tot
1520 1482 1768 1540 clientes
1790 1503 1950 1540 unus
1973 1503 2159 1559 eoque

288 1567 447 1642 apud
484 1567 676 1622 bonos
712 1566 985 1622 laudatus
1029 1577 1084 1622 et
1128 1566 1320 1647 gravis
1365 1567 1606 1644 iniquis,
1690 1563 1855 1624 hunc
1887 1567 2159 1626 Latinius

284 1648 565 1721 LatiariS‚
604 1649 851 1708 Porcius
876 1648 1051 1720 Cam,
1092 1649 1344 1709 Petitius
1363 1650 1593 1723 Rufus,
1634 1650 1724 1712 M.
1740 1649 1966 1732 Opsius
1987 1674 2160 1729 prae-

286 1747 418 1794 tura
443 1737 636 1794 functi
667 1737 1095 1810 adgrediuntur
1129 1737 1408 1812 cupidine
1447 1739 1816 1808 consulatuS‚
1870 1740 1948 1796 ad
1983 1759 2159 1816 quem

285 1828 410 1879 non
437 1822 556 1879 nisi
583 1841 692 1897 per
717 1821 1000 1879 Seianum
1025 1822 1246 1879 aditus:
1292 1843 1484 1900 neque
1511 1822 1715 1886 Seiani
1741 1824 2018 1882 voluntas
2041 1824 2157 1880 nisi

284 1909 498 1964 scelere
530 1908 938 1984 quaerebatur.
1024 1905 1435 1983 Compositum
1458 1909 1613 1966 inter
1634 1909 1793 1986 ipsos
1807 1956 1823 1979 ‚
1847 1916 1933 1968 'u't
1955 1909 2157 1967 Latia-

284 1993 395 2063 riS‚
440 1993 546 2070 qui
580 1993 815 2050 modico
849 2012 963 2050 usu
983 1991 1275 2051 Sabinum
1310 1995 1716 2069 contingebat,
1761 2007 2011 2054 strueret
2048 1997 2157 2052 (10-
2219 2046 2222 2071 3

283 2079 440 2147 lum,
460 2090 462 2092 ’
480 2078 658 2134 ceteri
687 2089 859 2136 testes
886 2079 1182 2135 adessent:
1229 2080 1444 2136 deinde
1472 2081 1903 2139 accusationem
1927 2081 2155 2157 incipe—
2217 2118 2219 2122 ι

282 2174 433 2222 rent.
523 2163 703 2235 igitur
728 2163 981 2221 Latiaris
1015 2165 1203 2221 iacere
1235 2165 1510 2223 fortuitos
1538 2167 1799 2242 primum
1826 2187 2153 2223 sermones:

282 2268 421 2303 mox
454 2247 696 2303 laudare
732 2250 1152 2319 constantiam,
1216 2252 1379 2327 quod
1412 2271 1538 2308 non
1573 2264 1640 2309 ut
1673 2253 1852 2309 ceteri
1886 2252 2155 2309 florentis
2217 2261 2222 2282 ‘³

284 2333 495 2394 domus
541 2333 763 2398 amicus
806 2334 1111 2390 adflictam
1152 2337 1525 2394 deseruisset:
1594 2337 1771 2395 simul
1812 2334 2041 2395 honora
2081 2338 2155 2395 de
2217 2398 2222 2415 ,Ι

283 2416 640 2474 Germanico
680 2413 1074 2493 Agrippinam
1113 2421 1399 2477 miserans
1438 2423 1775 2484 disserebat.
1873 2421 1953 2480 Et
1988 2435 2154 2498 post-
2218 2469 2222 2476 ,

281 2523 460 2580 quam
479 2501 774 2572 Sabinus,
821 2514 888 2560 ut
923 2515 1061 2561 sunt
1093 2505 1303 2562 molles
1342 2506 1408 2562 in
1442 2509 1769 2566 calamitate
1807 2509 2149 2566 mortalium

338 2725 565 2766 manebat
599 2723 764 2779 quippe
794 2731 882 2768 etc.
956 2724 1078 2769 Haec
1113 2741 1181 2768 re·
1308 2734 1470 2781 spreta
1490 2728 1549 2767 ab
1569 2727 1676 2770 illia
1730 2727 1961 2772 Ernestius
1981 2732 2042 2773 ab
2065 2730 2142 2774 de-

274 2781 474 2842 spiciunt
495 2781 549 2825 ad
570 2783 755 2823 malam
782 2785 945 2831 otium.
1253 2784 1438 2828 lendum
1482 2795 1648 2829 censet.
1730 2786 1816 2829 Sed
1852 2803 2044 2845 quaem,
2088 2806 2146 2833 an

335 2841 637 2883 celeberrimo
648 2838 770 2894 fori.
808 2839 1040 2883 Ernestius
1055 2840 1178 2883 bene
1251 2847 1491 2900 propterea
1544 2842 1672 2887 locus
1734 2844 1900 2887 melior
1962 2848 2146 2889 evadat?

277 2897 776 2963 interpretatur:„quo
792 2905 1001 2955 tempore
1021 2897 1177 2941 forum
1248 2902 1396 2943 Immo
1439 2900 1771 2954 ambiguitatem
1814 2902 2144 2948 intolerabilem
2212 2903 2222 2971 ‘3

277 2955 588 3012 pleniss1mum
652 2953 970 2999 hominibus.’‘
1057 2955 1174 2998 Nam
1247 2957 1487 3001 contrahit.
1548 2957 1668 3001 Tum
1690 2959 1808 3002 enim
1835 2961 1923 3003 illis
1947 2963 2146 3019 pendere

265 3009 432 3067 forum
454 3027 548 3054 non
575 3011 725 3054 solum
760 3012 948 3055 deloco
981 3011 1071 3055 fori
1106 3029 1176 3056 va·
1247 3023 1397 3071 potest
1441 3031 1465 3057 e
1501 3017 1641 3059 verbo
1679 3018 2040 3076 obiiciebantur,
2093 3029 2143 3062 ut

281 3069 360 3120 l'et,
403 3068 481 3110 sed
513 3068 645 3112 etiam
683 3069 736 3111 de
768 3068 1060 3113 multitudine
1092 3070 1178 3114 ho·
1247 3072 1465 3116 sententia
1503 3074 1583 3116 sit:
1635 3076 1862 3118 obiectum
1905 3091 1999 3119 esse
2041 3076 2142 3125 illis,
2217 3079 2222 3111 ἶ

278 3127 455 3169 minum
489 3125 537 3167 in
571 3125 675 3169 foro
705 3127 948 3182 agentium.
990 3128 1050 3171 cf.
1075 3129 1175 3171 Vir·
1250 3129 1374 3186 quod
1400 3147 1448 3172 ea
1474 3131 1735 3189 spreverint.

278 3183 352 3239 gil.
376 3181 545 3239 Georg.
567 3183 722 3233 2502.
752 3187 974 3227 insanum
985 3185 1173 3241 forum.
1304 3186 1417 3230 CAP.
1441 3187 1511 3231 68.
1546 3187 1730 3232 Silano.
1789 3189 1901 3233 Edd.
1924 3190 2139 3237 Ber.Alc.

277 3235 487 3292 Aeneids
520 3240 562 3289 2,
612 3241 712 3283 758.
770 3242 941 3298 forum
999 3245 1172 3286 indicit.
1244 3242 1446 3288 Rhenan.
1479 3245 1584 3289 Ald.
1616 3245 1814 3291 Sillano.
1895 3249 1999 3294 Vid.
2043 3260 2137 3294 not.

277 3295 601 3356 Wopkensius
634 3305 784 3341 tamen
819 3300 987 3342 mavult
1016 3317 1173 3344 vocem
1244 3301 1299 3344 ad
1321 3304 1363 3350 2,
1384 3303 1427 3345 4.
1511 3321 1515 3324 ·

274 3354 462 3412 intelligi
498 3353 875 3399 de‘eeleberrima
905 3356 992 3398 fori
1029 3367 1170 3415 parte.
1302 3363 1535 3407 voluntas,
1594 3359 1648 3402 H.
1663 3376 1700 3404 e.
1725 3362 2059 3417 benevolentia,
2090 3375 2136 3408 ut

2217 3124 2222 3200 ξ

2210 3242 2222 3316 ,3

276 3413 363 3454 Sed
387 3412 541 3462 locus,
574 3427 706 3469 quern
732 3412 800 3454 illi
834 3415 1063 3466 volebant,
1097 3432 1173 3458 sa-
1242 3417 1359 3474 apud
1374 3417 1559 3460 Sueton.
1577 3418 1659 3460 lul.
1686 3419 1808 3462 (327.
1839 3425 1904 3462 ad
1923 3423 2134 3465 retinen-
2211 3429 2222 3470 'a

272 3469 327 3511 tis
359 3468 571 3512 definitur
607 3486 686 3528 per
717 3470 916 3525 effigiem
949 3474 1048 3514 dim·
1066 3475 1171 3517 Au-
1241 3478 1355 3516 dam
1395 3474 1609 3528 Pompeii
1650 3479 2031 3522 necessitudinem
2081 3497 2135 3522 ac

269 3529 407 3579 gusti.
844 3541 849 3547 ·
1244 3534 1546 3576 poluntaterm

2199 3526 2222 3571 ’ἒ

2215 3615 2222 3630 ,ἢ

2204 3685 2222 3805 3

2206 3886 2218 3934 ’ἔ

2207 3944 2222 3970 1.-

2203 3978 2217 4030 ‚2
