2222 4030
630 754 1409 822 C.‹301tN13L11
1498 754 1945 818 waclssrl

1243 901 1341 936 AB

816 1003 1159 1049 EXCESSU
1208 1005 1378 1050 DIVI
1427 1005 1778 1051 AUGUSTI

476 1115 548 1186 A
702 1110 778 1186 N
932 1107 1008 1185 N
1169 1109 1267 1183 A·
1398 1111 1465 1183 L
1618 1111 1656 1186 1
1813 1113 1884 1185 U
2023 1115 2108 1190 M

909 1265 1169 1320 LIBER
1246 1268 1663 1338 QUARTUS.

745 1527 754 1535 ‘
809 1523 1414 1587 BREVIAR1UM
1485 1543 1760 1589 LIBRI.

504 1652 616 1696 CAP.
643 1652 680 1694 1.
713 1648 923 1693 Tiberius
956 1649 1106 1694 saevit.
1179 1650 1322 1694 Causa
1354 1667 1493 1708 penes
1519 1649 1623 1695 Ael.
1648 1650 1888 1704 Seianum,
1929 1653 2055 1699 cuius
2089 1656 2134 1700 in
2166 1674 2217 1701 e·-

359 1712 487 1758 nium
512 1718 558 1754 et*
580 1725 746 1764 mores.
803 1708 847 1750 2.
880 1709 922 1750 ls
958 1707 1013 1750 ad
1030 1707 1402 1773 ‘dominationem
1428 1708 1614 1767 aspirat,
1658 1724 1747 1766 quo
1771 1718 1820 1752 ut
1841 1712 2097 1768 perveniat,
2130 1674 2219 1758 1ξο-

359 1785 461 1824 mae
490 1769 538 1825 in
570 1774 712 1822 castra·
728 1765 956 1824 praetoria
978 1765 1166 1809 mllitem
1195 1765 1423 1810 conducit.
1483 1765 1524 1808 3.
1557 1765 1711 1809 Druso
1735 1765 1902 1810 Tiberii
1923 1767 2018 1812 filio
2043 1769 2219 1815 insidia·

358 1836 433 1870 tur
454 1838 534 1883 per
558 1839 746 1868 uxorem
767 1823 860 1866 eius
884 1831 1041 1880 stupro
1074 1824 1307 1881 pollutam.
1365 1824 1407 1866 4.
1437 1824 1615 1867 Drusus
1640 1823 1899 1869 Germanici
1932 1834 2082 1883 togam
2116 1829 2219 1873 viri·

356 1885 448 1929 lem
469 1884 622 1928 sumit.
681 1882 829 1926 Status
854 1881 1084 1939 publicus,
1118 1898 1334 1924 numerus
1361 1881 1617 1940 legionum,
1646 1882 1688 1926 5.
1716 1898 1871 1925 earum
1895 1892 1936 1928 et
1959 1884 2218 1931 cohortium

359 1950 402 1985 et
435 1941 645 1984 classium
676 1940 777 1984 loca
806 1946 1104 1996 exponuntur.
1171 1939 1214 1982 6.
1259 1937 1413 1983 Civilis
1446 1938 1772 1984 administratio
1813 1939 1955 1996 qualis
1986 1941 2216 1988 hactenus.

355 2001 398 2043 ³7.
435 1996 619 2042 Seianus
679 1995 895 2040 otentiam
927 2004 1059 2053 auget
1101 1997 1143 2039 8.
1182 1996 1359 2040 sublato
1422 2013 1471 2039 er
1501 2013 1728 2042 venenum
1759 1997 1932 2042 Druso.
2009 1998 2222 2046 Tiberius

358 2057 561 2104 animum
585 2013 819 2106 obiit-mat,
859 2062 1063 2098 senatum
1086 2054 1215 2111 erigit
1237 2055 1364 2112 eique
1387 2013 1504 2099 Elios
1530 2053 1790 2099 Germanici
1815 2055 1905 2099 duo
1929 2057 2219 2106 commendat

357 2123 409 2158 ut
427 2113 603 2171 imperii
627 2111 828 2155 heredes.
885 2111 928 2155 9.
961 2110 1116 2154 Funus
1139 2111 1291 2155 Druso
1316 2112 1518 2155 inlustre.
1580 2115 1648 2155 10.
1672 2115 1739 2157 11.
1762 2111 1890 2155 Falsa
1926 2113 1980 2156 de
2005 2113 2159 2159 Druso
2193 2133 2220 2160 a

390 2179 484 2214 atre
516 2172 693 2214 incaute
735 2179 894 2212 necato
929 2170 1062 2212 fama.
1143 2170 1205 2213 12.
1251 2169 1415 2227 Populi
1449 2169 1575 2214 favor
1608 2169 1710 2213 filiis
1743 2168 2003 2215 Germanici
2041 2173 2222 2217 noxius..

357 2187 414 2272 lis
436 2236 479 2271 et
497 2225 610 2284 Agri
647 2227 773 2283 pinae
795 2227 981 2270 Seianus
1006 2226 1187 2271 insidias
1213 2228 1362 2270 struit.
2220 2277 2222 2279 ¹

507 2285 575 2328 13.
651 2284 815 2327 iberius
847 2285 1089 2341 legationes
1121 2293 1162 2328 et
1196 2285 1506 2329 accusationes
1539 2284 1756 2329 civitatun
1803 2293 1845 2329 et
1878 2286 2222 2344 provinciarum

360 2342 499 2398 audit.
562 2341 631 2385 14.
661 2341 734 2384 De
766 2340 899 2398 asylis
930 2343 1120 2384 actum:'
1139 2342 1377 2385 histriones
1398 2342 1522 2386 ltalia
1548 2342 1683 2401 pulsi.
1746 2344 1814 2386 15.
1848 2344 1976 2387 Alter
2008 2360 2058 2387 ex
2079 2343 2222 2390 Drusil

360 2397 514 2443 liberis
544 2399 654 2443 obit.
719 2397 832 2441 Item
853 2396 1052 2441 Lucilius
1068 2399 1165 2442 Lon
1198 2416 1249 2442 us
1279 2401 1425 2457 princi
1460 2400 1497 2443 is
1526 2401 1711 2444 amicus.
1771 2401 1930 2460 Capito
1966 2399 2222 2466 daniuatus5³

359 2457 432 2502 16.
459 2456 548 2500 Lex
571 2457 657 2500 lata
677 2455 732 2499 de
754 2455 937 2498 flamine
960 2453 1096 2509 Diali.
1204 2456 1412 2499 estalibus
1429 2416 1607 2500 liabitus
1627 2457 1787 2502 honos.
2220 2508 2222 2510 ,

507 2514 574 2558 17.
605 2512 838 2556 Solemnia
863 2520 965 2556 vota
998 2529 1083 2570 pro
1118 2513 1337 2572 principe.
1395 2513 1454 2556 Iis
1481 2513 1634 2557 inserti
1657 2513 1778 2558 Nero
1801 2524 1844 2560 et
1864 2515 2058 2559 Drusus.
2108 2516 2222 2569 hinc<

359 2573 514 2616 odium
542 2569 736 2623 Tiberii,
780 2585 915 2626 quem
950 2568 1138 2614 Seianus
1169 2567 1384 2614 stimulat.
1456 2571 1522 2613 18.
1551 2569 1626 2615 hic
1654 2570 1914 2616 Germanici
1942 2574 2113 2618 amicos
2141 2574 2222 2618 ad-

357 2630 573 2688 greditur.
633 2628 700 2671 19.
732 2627 870 2670 Silius
894 2627 1144 2672 damnatur.
1206 2630 1278 2670 20.
1317 2627 1446 2672 Uxor
1467 2628 1559 2671 eius
1576 2627 1703 2672 Sosia
1728 2628 1776 2671 in
1797 2629 1997 2672 exsilium
2023 2626 2222 2688 pellitur}

356 2688 427 2731 M.
441 2685 597 2745 Lepidi
619 2684 883 2728 moderatio,
941 2686 1012 2728 21.
1036 2685 1139 2729 Piso
1163 2694 1395 2729 accusatus
1421 2685 1529 2728 obit.
1578 2685 1756 2730 Cassius
1779 2686 1966 2731 Severus
1993 2688 2040 2732 in
2063 2682 2222 2732 saxun‘

358 2744 611 2803 Seriphium
634 2743 868 2801 relegatur.
928 2744 1002 2786 22.
1027 2742 1229 2787 Plautius
1253 2742 1457 2787 Silvanus
1479 2743 1610 2800 perit.
2216 2757 2219 2763 ¹

502 2801 573 2845 23.
607 2798 938 2843 Tacfarinatem
974 2800 1093 2843 bella
1135 2817 1290 2844 rursus
1324 2808 1585 2846 moventem
1625 2799 1696 2844 24.
1731 2801 1969 2845 Dolabella
2001 2802 2216 2861 opprimit

356 2860 427 2903 25.
451 2868 496 2903 et
517 2857 676 2903 caedit.
734 2857 804 2900 26.
830 2856 1118 2915 triumphalia
1138 2874 1233 2900 non
1257 2858 1480 2914 impetrat.
1527 2857 1812 2902 Ptolemaeus
1829 2876 2016 2904 munera
2039 2861 2214 2919 accipit.

356 2918 428 2961 27.
460 2914 651 2961 Servilis
673 2923 821 2958 motus
844 2915 1011 2958 semina
1034 2930 1115 2973 per
1139 2915 1310 2959 Italiam
1330 2931 1556 2973 oppressa.

501 2973 574 3016 28.
607 2971 668 3027 Q.
689 2972 790 3015 Vib.
815 2972 1011 3015 Serenus
1045 2988 1069 3015 a
1093 2972 1183 3015 filio
1207 2981 1455 3016 accusatus.
1529 2973 1604 3016 29.
1626 2972 1694 3015 30.
1728 2974 1978 3030 Amorgum
2016 2983 2222 3032 reporta-j

358 3040 446 3075 tur.
505 3029 708 3073 Praemia
741 3029 1019 3073 delatoribus
1051 3037 1229 3072 statuta.
1299 3029 1368 3073 31.
1399 3030 1452 3074 P.
1482 3027 1648 3073 Suilius
1682 3030 1959 3089 deportatur.
2017 3031 2222 3076 Firmium

358 3098 514 3132 senatu
543 3095 767 3131 movetur.
826 3086 894 3130 32.
917 3085 988 3131 33.
1026 3087 1246 3130 Iudicium
1269 3087 1323 3129 de
1347 3086 1414 3130 his
1435 3086 1686 3131 annalibus.
2219 3122 2222 3142 2

503 3145 572 3189 34.
607 3144 863 3188 Cremutius
878 3143 1052 3187 Cordus
1075 3143 1283 3186 historiae
1306 3146 1502 3202 scriptor
1526 3145 1584 3187 ob
1598 3144 1728 3187 Bruti
1751 3152 1792 3187 et
1814 3143 1950 3187 Cassii
1970 3146 2120 3190 laudes
2144 3143 2222 3190 ae-fs

361 3211 539 3248 cusatus
573 3202 709 3245 libere
743 3218 789 3245 se
823 3201 1024 3244 defendit
1055 3210 1098 3243 et
1127 3200 1198 3245 35.
1222 3202 1358 3245 vitam
1389 3201 1651 3244 abstinentia
1680 3201 1796 3244 finit.
1828 3196 1976 3259 gLibri
2001 3205 2093 3246 eius
2119 3199 2222 3269 cre-3⁴1

357 3260 481 3304 mati.
542 3258 613 3301 36.
641 3258 876 3316 Cyzicenis
895 3258 1097 3316 adempta
1122 3259 1317 3302 libertas.
1363 3259 1432 3301 37.
1453 3257 1520 3302 38.
1536 3258 1713 3316 Templi
1737 3258 1959 3301 honorem
1985 3261 2038 3303 ab
2059 3260 2222 3318 Hispa-‘³

360 3318 430 3362 nis
455 3316 657 3361 oblatum
678 3316 888 3359 Tiberius
911 3316 1096 3375 spernit.
1156 3316 1226 3359 39.
1262 3315 1447 3359 Seianus
1478 3315 1617 3358 nimia
1650 3315 1830 3358 fortuna
1864 3331 2022 3360 socors
2045 3312 2222 3403 Liviam*

360 3375 444 3419 sibi
467 3389 651 3418 uxorem
672 3390 695 3415 a
718 3373 920 3439 principe
977 3372 1075 3424 etit,
1115 3373 1192 3430 qui
1222 3374 1291 3416 40.
1314 3373 1515 3416 modeste
1539 3381 1670 3430 negat
1697 3381 1739 3416 et
1757 3372 1904 3415 Seiani
1927 3375 2122 3417 rationes
2144 3392 2222 3425 re-2.

359 3431 490 3479 sellit.
569 3431 641 3474 41.
679 3430 765 3472 Hic
795 3446 847 3471 au
883 3446 936 3472 en
969 3447 1018 3474 ae
1053 3430 1276 3488 potentiae
1311 3429 1495 3473 Tiberio
1542 3445 1764 3473 secessum
1808 3430 1863 3473 ab
1896 3431 2007 3474 urbe
2044 3431 2222 3484 suadet..

357 3488 430 3533 42.
454 3488 613 3532 auditis
636 3486 683 3530 in
706 3503 835 3530 causa
853 3446 1035 3530 {Votieni
1052 3487 1259 3531 Montani
1289 3485 1574 3533 contumeliis
1603 3487 1852 3545 persuadet.
2204 3483 2222 3546 f
