2222 4030
1778 218 1830 255 A.
1846 220 1899 256 U.
1921 218 2000 257 767.

1778 261 1831 299 A.
1849 264 1894 299 C.
1941 266 1999 301 14.

234 222 318 284 58
895 215 1414 281 ANNALIUM

235 351 338 410 riti
374 369 572 408 amore
606 347 875 425 quamvis
909 349 1268 412 indomitum
1304 349 1570 406 animum
1603 348 1669 407 in
1695 347 1921 412 bonum
1950 378 2082 414 ver—

233 438 411 496 tebat.
1158 506 1163 511 ι

224 513 260 546 ⁴²
401 515 686 579 XXXIV.
742 515 861 577 Sed
897 515 1316 588 Germanicus,
1378 531 1598 595 quanto
1645 540 1907 580 summae
1960 518 2081 602 'sp'ei

234 605 510 683 propior,
571 615 735 662 tanto
774 604 1098 679 impensius
1131 624 1240 678 pro
1266 602 1511 661 Tiberio
1551 605 1682 666 niti.
1782 608 2084 685 Sequanos

232 690 536 766 proximos
583 700 642 746 et
685 687 1002 762 Belgarum
1052 688 1311 744 civitates
1360 688 1426 743 in
1477 691 1657 748 verba
1710 694 1832 750 eius
1885 696 2084 768 adigit.

231 771 467 834 Dehinc
493 774 694 831 audito
721 774 1022 847 legionum
1046 774 1305 830 tumultu
1331 775 1546 848 raptim
1573 778 1865 850 profectus
1882 779 2102 836 obvias'

235 873 398 918 extra
438 870 621 917 castra
662 854 902 929 habuit,
954 858 1191 915 deiectis
1216 857 1281 913 in
1305 868 1521 915 terram
1545 863 1732 918 oculis
1760 865 1920 920 velut
1943 886 2086 939 poe-

232 944 500 1005 nitentia.
585 942 907 1020 Postquam
931 944 1155 999 vallum
1174 942 1336 1012 iniit,
1380 944 1606 1001 dissoni
1631 961 1867 1022 questus
1892 951 2086 1006 audiri

234 1040 493 1107 coepere.
552 1040 609 1086 et
649 1029 890 1105 quidam
927 1047 1141 1104 prensa
1176 1047 1359 1084 manu
1396 1029 1520 1085 eius
1558 1051 1665 1104 per
1699 1035 1950 1107 speciem
1988 1055 2088 1090 ex-

233 1115 541 1174 osculandi
564 1115 940 1170 inseruerunt
964 1113 1202 1185 digitos,
1231 1123 1299 1169 ut
1315 1133 1498 1169 vacua
1521 1115 1795 1173 dentibus
1819 1138 1921 1173 ora
1947 1139 2090 1173 con-

232 1202 519 1274 tingeret:
573 1198 676 1255 alii
704 1208 941 1255 curvata
973 1197 1135 1254 senio
1172 1198 1437 1254 membra
1469 1202 1872 1262 ostendebant.
1960 1198 2090 1259 Ad-

235 1287 535 1343 sistentem
571 1282 948 1352 concionem,
1007 1282 1145 1359 quia
1179 1283 1467 1358 permixta
1502 1283 1846 1357 videbatur,
1903 1289 2090 1344 disce-

236 1373 374 1428 dere
398 1370 463 1425 in
484 1368 824 1443 manipulos
845 1367 1027 1426 iubet.
1061 1368 1142 1424 sic
1165 1368 1376 1424 melius
1396 1370 1701 1427 audituros
1723 1392 2088 1447 responsum.

235 1455 451 1513 vexilla
474 1453 775 1530 praeferri,
810 1463 877 1508 ut
897 1451 960 1509 id
983 1452 1188 1510 saltem
1211 1453 1567 1513 discerneret
1591 1453 1878 1516 cohorteS.
1922 1459 2089 1514 tarde

235 1543 729 1614 obtemperavere.
819 1535 994 1596 Tunc
1023 1557 1056 1595 a
1087 1539 1466 1596 veneratione
1495 1535 1752 1615 Augusti
1784 1562 1952 1599 orsus
1981 1543 2089 1598 fle-

233 1709 372 1753 ditur.
442 1705 809 1764 Castitas’potest
841 1720 935 1751 esse
964 1712 1006 1750 et
1036 1704 1132 1750 sine
1202 1705 1328 1756 beat,
1359 1705 1480 1751 addit
1504 1706 1724 1751 rationem
1750 1723 1936 1766 eamque
1962 1709 2088 1752 iner-

234 1764 380 1809 mariti
406 1779 575 1808 amore.
1163 1810 1172 1814 5
1201 1771 1291 1807 tem
1307 1795 1319 1815 ,
1348 1763 1412 1806 sic
1435 1766 1598 1807 melius
1621 1767 1867 1809 audituros
1889 1782 2091 1822 respon-

297 1824 345 1864 in
380 1825 556 1864 bonum
586 1822 813 1866 vertebat.
873 1819 940 1863 Ne
969 1819 1130 1864 intelli·
1201 1835 1335 1864 susm:
1367 1822 1513 1880 aptius
1537 1822 1737 1876 dixisset,
1759 1825 1824 1868 sic
1847 1824 2003 1868 decere
2030 1824 2089 1868 le-

267 1897 326 1931 as,
369 1879 493 1937 quasi
519 1879 696 1922 castitas
734 1886 778 1921 et
820 1877 969 1920 mariti
1000 1893 1131 1920 amor
1202 1878 1356 1935 giones
1392 1895 1549 1922 coram
1591 1879 1860 1938 imperatore
1900 1882 2087 1925 concio-

237 1896 464 1982 domuisse
511 1935 787 1978 indomitum
839 1935 1042 1979 animum
1087 1942 1130 1978 et
1201 1945 1361 1988 nante3
1391 1937 1582 1994 denique
1609 1939 1730 1996 quod
1758 1955 1860 1982 mox
1885 1939 2087 1997 sequitur
2126 1940 2129 1952 ‘

235 1996 391 2038 mitem
406 1993 652 2037 reddidisse
667 1993 864 2044 dicatur3
887 1992 962 2036 sed
985 1992 1126 2036 animi
1198 1993 1317 2036 aliud
1343 1994 1512 2036 iussum
1535 1995 1684 2051 priora
1712 2005 1982 2046 retractans,
2011 2013 2087 2039 ve·

234 2051 450 2096 ferociam
472 2050 732 2093 abstinuisse
753 2066 775 2092 a
798 2049 928 2093 malis
958 2050 1126 2093 facino·
1198 2050 1323 2093 :tilla
1340 2051 1604 2108 praeferri,
1650 2059 1703 2094 ut
1730 2053 1779 2094 id
1799 2056 1969 2096 saltem
1990 2057 2089 2098 dis-

210 2158 218 2165 J
235 2109 362 2153 ribus
386 2117 518 2166 atque
540 2106 715 2164 flagitiis
730 2139 742 2158 ,
781 2107 919 2163 inque
953 2115 1127 2150 rectum

198 2171 200 2173 ’
238 2175 282 2212 et
313 2166 550 2209 honestum
584 2164 734 2222 potius
755 2164 960 2216 vertisse,
994 2173 1043 2207 ut
1066 2164 1128 2207 ita

236 2231 397 2269 contra
428 2222 671 2280 flagitiosos
696 2229 738 2264 et
762 2220 942 2279 iniquos
967 2221 1128 2265 incen-

236 2280 432 2326 deretur.
521 2280 732 2325 Ceterum
791 2277 852 2322 cf.
912 2288 1011 2322 not.
1071 2279 1127 2322 ad

238 2355 280 2385 c·
295 2338 410 2439 gffi’.
426 2393 497 2438 34.
525 2407 716 2449 prensa.
775 2392 891 2438 Edd.
915 2392 1125 2437 Beroald.¹

235 2453 379 2498 Rben.
393 2469 490 2511 sqq.
515 2453 765 2506 prehensa.
827 2450 904 2496 Sic
927 2460 970 2495 et
996 2451 1126 2496 αδδ.

233 2510 352 2556 Edd.
375 2509 504 2555 Pich.
529 2525 628 2568 sqq.
645 2523 848 2566 prensa,
893 2525 949 2552 an
973 2525 997 2552 e
1022 2510 1141 2553 cod.-

232 2569 336 2614 MS.
352 2600 366 2618 ,
394 2576 558 2613 tacent.

206 2645 211 2650 ·
292 2624 609 2670 exosculandi.
680 2624 759 2669 Sic
804 2623 909 2668 cod.
946 2623 1050 2666 MS.
1087 2631 1130 2667 et

237 2685 338 2729 edd.
366 2684 470 2727 Ber.
498 2691 541 2726 et
565 2682 769 2726 Rhenan.
795 2698 895 2740 sqq.
938 2681 1126 2725 cf.Hist.

241 2746 279 2791 1,
304 2743 376 2785 45.
411 2742 680 2783 exosculari
690 2740 890 2783 Othonis
913 2754 1127 2781 manum.

238 2800 410 2852 lbid.2‚
422 2798 493 2842 49.
556 2798 730 2856 Lipsius
752 2798 976 2841 invexerat
1000 2811 1129 2839 oscu-

239 2859 389 2901 landi.
460 2855 670 2898 Veterem
709 2855 980 2913 scripturam
1023 2870 1129 2896 sua-

241 2914 372 2957 dente
397 2914 433 2956 I.
452 2912 684 2955 Gronovio
710 2913 882 2956 reduxit
898 2911 1129 2955 Broterius

242 2981 287 3015 et
309 2979 461 3030 postea
485 2969 714 3013 Wolfius.

293 3031 356 3073 sio
377 3028 540 3070 melius
560 3029 812 3071 audituros
833 3041 1126 3082 responsum.

242 3087 392 3142 vulgo
409 3084 516 3128 haec
528 3086 665 3130 verba
682 3085 740 3127 ita
757 3085 1050 3144 accipiuntur,
1083 3092 1132 3127 ut

243 3161 269 3187 a
298 3141 571 3186 Germanico
608 3141 722 3185 dicta
754 3159 847 3186 esse
878 3143 1127 3188 videantur.

246 3201 545 3256 Responsum
576 3198 855 3255 intelligunt,
899 3199 1021 3258 quod
1057 3199 1131 3241 ille

249 3258 434 3302 daturus
477 3263 570 3298 erat
610 3255 872 3312 legionibus.
950 3256 1014 3300 At
1047 3255 1131 3300 tria

250 3324 380 3364 sunt,
409 3329 522 3370 quae
549 3328 622 3354 me
647 3313 903 3356 offendunt:
933 3314 1132 3372 primum

252 3373 374 3432 quod
401 3369 696 3414 Germanicus
719 3385 991 3424 responsum
1027 3371 1135 3415 dicit

252 3430 545 3476 concionem,
590 3443 724 3485 quam
758 3435 849 3470 erat
883 3428 1137 3481 habiturus3

252 3486 354 3530 dein
375 3485 500 3546 quod
522 3485 708 3528 omnino
730 3484 826 3536 ille,
856 3501 936 3528 cur
957 3486 1136 3529 concio-

256 3559 359 3587 nem
416 3542 640 3588 discedere
686 3542 733 3586 in
778 3543 1031 3601 manipulos
1072 3543 1136 3586 iu·

1198 2117 1408 2151 cerneret
1434 2111 1659 2153 cohortes.
1723 2110 1862 2167 Igitur
1882 2113 1969 2155 iam
1993 2129 2087 2156 non

1199 2166 1324 2214 vult,
1378 2174 1426 2209 ut
1462 2167 1509 2208 in
1543 2168 1798 2225 manipulos
1834 2169 2088 2223 discedant;

1200 2232 1436 2267 contentus
1470 2231 1559 2275 est,
1601 2233 1652 2267 ut
1686 2226 1893 2268 cohortes
1928 2227 2084 2270 saltem

1200 2280 1546 2324 discernantur?
1605 2282 1709 2337 quid
1758 2292 1846 2325 tam
1894 2285 2085 2328 subitam

1198 2337 1261 2380 rei
1285 2340 1582 2382 mutationem
1606 2339 1744 2383 fecit?
1782 2340 1962 2384 Scilicet
1985 2359 2086 2400 per-

1198 2411 1354 2452 peram
1394 2395 1622 2454 bucusque
1661 2397 1813 2441 locum
1858 2414 2083 2457 accepere.

1198 2452 1275 2496 Sic
1334 2454 1506 2496 melius
1559 2457 1833 2510 audituros,
1895 2472 2087 2515 respon-

1198 2527 1298 2553 sum
1327 2519 1437 2555 esta
1461 2511 1674 2554 militibus
1701 2511 2008 2558 contumaciae
2044 2524 2088 2559 et

1194 2567 1388 2612 ferociae
1410 2570 1719 2613 retinentibus.
1761 2571 1826 2613 sic
1849 2570 1893 2613 h.
1923 2589 1959 2614 e.
1985 2589 2090 2629 per-

1199 2626 1386 2677 mixtos,
1445 2627 1509 2670 uti
1559 2635 1700 2670 erant.
1791 2627 2087 2673 Germanicus

1200 2684 1510 2727 contumaciae
1544 2684 1777 2739 paululum
1813 2687 1973 2730 cedens
2011 2687 2087 2729 iu-

1199 2742 1296 2784 bet:
1340 2744 1518 2782 vexilla
1539 2743 1804 2798 praeferri,
1849 2752 1900 2785 ut
1921 2746 1969 2786 id
1986 2748 2087 2786 sal-

1201 2806 1299 2840 tem
1345 2799 1632 2841 discerneret
1681 2802 1906 2844 cohortes.
1993 2802 2086 2845 Iam

1202 2856 1539 2913 obtemperant,
1569 2872 1729 2901 verum
1754 2857 1892 2900 tarde.
1954 2858 2086 2904 Simi-

1199 2913 1301 2956 liter
1338 2930 1468 2971 supra
1504 2931 1544 2958 c.
1570 2914 1641 2956 26.
1683 2916 1980 2969 Responsum
2017 2926 2089 2960 est

1202 2986 1234 3011 a
1281 2975 1505 3015 concione.
1590 2971 1660 3015 De
1700 2973 1867 3017 vexillis
1903 2974 1996 3019 vid.
2031 2976 2085 3017 ad

1202 3045 1242 3072 c.
1271 3030 1340 3072 18.

1258 3103 1290 3128 a
1333 3087 1631 3129 veneratione
1679 3087 1885 3140 Augusti
1930 3102 2085 3131 orsus.

1202 3143 1413 3187 Aurelius
1447 3152 1676 3200 acceperat
1703 3144 1758 3186 de
1788 3146 2086 3198 veneratione,

1204 3218 1289 3258 qua
1311 3201 1551 3258 imaginem
1567 3201 1783 3257 Augusti,
1813 3211 1862 3245 ut
1884 3202 2086 3246 coelestis

1202 3258 1427 3307 numinis,
1471 3257 1765 3302 Germanicus
1796 3260 2004 3302 adoratus
2035 3262 2090 3303 sit

1204 3316 1258 3358 ab
1280 3315 1406 3358 initio
1429 3316 1657 3358 orationis.
1716 3317 1803 3359 Sed
1828 3319 1861 3359 si
1889 3318 1982 3359 talis
2006 3319 2090 3362 fuit

1204 3373 1455 3423 veneratio,
1487 3389 1580 3415 non
1604 3390 1715 3432 opus
1741 3384 1857 3426 erat,
1883 3384 1932 3417 ut
1952 3375 2086 3418 Taci—

1205 3437 1275 3472 tus
1305 3430 1553 3474 Annalibus
1583 3447 1677 3473 eam
1711 3433 1908 3475 infefret.
1971 3431 2090 3474 Cor-

1205 3487 1313 3530 rexit
1348 3487 1483 3543 igitur
1521 3488 1556 3531 I.
1587 3489 1662 3531 Fr.
1693 3489 1953 3532 Gronovius
1988 3490 2090 3532 Au-

1206 3545 1302 3589 relii
1341 3546 1626 3602 opinionem,
1668 3547 1876 3606 exemplis
1909 3548 2090 3597 docens,
