2222 4030
1150 11 1192 38 ,f

261 191 388 259 376
890 139 893 142 ’
929 181 1446 248 ANNALIUM
1805 178 2024 259 &gf-333

408 314 481 358 45.
511 313 656 357 Grave
686 308 950 354 incendium
979 308 1152 353 Romae
1172 306 1378 351 Tiberius
1412 305 1674 350 liberalitate
1703 306 1893 365 mitigat.
1949 309 2113 352 Macro

265 372 510 429 Caligulam
531 377 692 428 captat.
750 367 822 411 46.
850 367 1061 410 Tiberius
1087 367 1141 410 de
1161 380 1420 410 successore
1441 363 1674 408 deliberat.
1719 364 1814 408 eius
1866 365 2112 422 raesagium

265 432 320 476 de
344 427 562 487 Caligula.
616 425 838 470 Morbum
860 423 1117 468 dissimulat.
1177 422 1249 465 47.
1277 421 1442 465 Acutia
1464 421 1722 464 damnatur.
1778 381 2002 466 Albucilla
2022 421 2114 464 im-

263 487 437 546 pietatis
456 487 503 528 in
530 483 780 544 principem
800 481 1011 526 defertur.
1067 481 1138 523 48.
1170 479 1414 522 Arruntius
1437 478 1582 522 taedio
1606 486 1866 535 temporum
1887 495 2019 522 venas
2039 495 2118 522 re-

267 545 412 589 solvit.
469 543 543 586 49.
574 538 788 598 Papinius
818 555 864 584 se
894 538 1169 595 praecipitat.
1230 535 1300 579 50.
1330 535 1539 579 Tiberius
1565 533 1869 579 defectionem
1899 551 2026 579 suam
2049 544 2115 578 te-

268 602 332 660 git
358 599 571 644 Chariclis
605 596 770 641 medici
801 604 899 640 astu
930 603 1226 651 compertam.
1285 593 1409 637 Finit
1439 607 1694 652 oppressu&
1765 594 1836 638 51.
1866 594 1975 637 Eius
2010 594 2120 637 varii

269 674 398 704 casus
419 666 463 701 et
487 671 629 699 mors.
688 653 823 698 Gesta
849 653 959 696 haec
983 652 1108 694 annis
1136 650 1318 695 circiter
1339 667 1411 694 sex

417 726 502 758 CN.
533 723 798 756 DOMITIO
828 724 887 753 ET
921 721 973 751 Μ.
1005 719 1187 751 rvnlo
1224 719 1515 760 CAMILLO,

413 785 538 816 snn.
569 780 848 814 8112121010
894 777 1084 809 GALBA
1114 779 1171 809 ΕΤ
1202 780 1243 811 1..
1275 777 1578 810 CORNELIO
1609 777 1810 819 SULLA,

417 838 645 875 PAULLO
683 837 865 870 FABIO
896 837 955 867 ΕΤ
995 838 1036 866 1..
1070 835 1391 872 v1·r131.1.10,

419 900 461 933 c.
491 895 704 930 CEs‘rlo
739 895 807 927 uA
825 892 929 925 LLO
962 893 1029 923 Er
1051 893 1107 924 M.
1139 891 1432 925 SERVILIO
1463 893 1570 924 nur
1587 891 1642 933 ο,

422 958 470 999 Q·
501 953 758 1002 PLAtJTIO
789 953 848 983 ET
878 950 996 983 SEX·
1027 950 1303 990 PAPIRIO,

422 1016 503 1047 CN.
534 1008 887 1045 ACERRONIO
918 1010 978 1040 ET
1012 1009 1052 1043 C.
1075 1008 1304 1041 PONTIO
1339 1006 1496 1040 COSS·

446 1269 494 1333 I.
555 1239 681 1328 Cn.
711 1265 1011 1326 Domitius
1047 1279 1102 1327 et
1128 1265 1416 1326 Camillus
1450 1264 1878 1326 Scribonianus
1916 1288 2130 1327 consu-

276 1359 462 1416 latum
499 1355 785 1423 inierant,
829 1373 963 1410 cum
1000 1351 1215 1412 Caesar
1248 1353 1551 1423 tramisso,
1593 1353 1755 1430 quod
1788 1351 2040 1431 Capreas
2075 1366 2132 1412 et

277 1444 630 1502 Surrentum
651 1439 950 1508 interluit,
990 1440 1140 1497 freto
1166 1437 1553 1517 Campaniam
1577 1439 1972 1514 praelegebat,
2007 1460 2134 1496 am-

276 1529 489 1602 biguus
531 1545 609 1582 an
653 1525 865 1581 urbem
911 1525 1187 1595 intraret,
1251 1545 1384 1594 sen,
1438 1523 1578 1601 quia
1621 1535 1825 1581 contra
1876 1526 2135 1583 destina-

277 1624 470 1681 verat,
515 1610 764 1686 speciem
796 1610 1035 1667 venturi
1062 1610 1370 1668 simulans:
1410 1619 1468 1666 et
1501 1629 1668 1685 saepe
1701 1610 1768 1666 in
1800 1610 2137 1687 propinqua

279 1699 600 1772 digreSSUS,
662 1695 837 1752 aditis
889 1695 1051 1752 iuxta
1090 1694 1363 1753 Tiberim
1403 1691 1594 1752 hortis
1640 1714 1775 1752 saxa
1818 1715 2056 1754 rursum
2085 1705 2142 1752 et

277 1781 660 1842 solitudinem
681 1780 869 1838 maris.
887 1781 1120 1857 repetiit
1143 1783 1370 1858 pudore
1397 1780 1682 1838 scelerum
1717 1791 1774 1838 et
1801 1781 2140 1850 libidinum,

212 1919 217 1923 ,
282 1869 500 1946 quibus
531 1867 678 1924 adeo
715 1867 1022 1924 indomitis
1058 1879 1378 1938 exarserat,
1423 1877 1492 1924 ut
1521 1886 1689 1924 more
1724 1865 1885 1941 regio
1920 1867 2142 1943 pubem

282 1954 605 2029 ingenuam
637 1952 855 2028 stupris
888 1952 1196 2028 pollueret.
1249 1973 1357 2010 nec
1389 1953 1644 2010 formam
1672 1962 1905 2011 tantum
1944 1964 2000 2010 et
2040 1952 2144 2008 de-

285 2061 421 2098 cora
454 2059 727 2115 corpora,
781 2038 882 2094 sed
920 2038 985 2094 in
1021 2035 1113 2110 his
1152 2040 1481 2096 modestam
1513 2037 1863 2113 pueritiam‚·
1907 2038 1973 2093 in
2011 2036 2144 2101 aliis

286 2125 570 2198 imagines
637 2123 932 2180 maiorum
999 2124 1448 2183 incitamentum
1516 2123 1814 2200 cupidinis
1870 2120 2145 2181 habebat.

286 2209 829 2286 tuncque‘primum
864 2209 1065 2282 ignota
1102 2222 1236 2268 ante
1271 2210 1560 2267 vocabula
1595 2220 1826 2285 reperta
1846 2213 1999 2266 ‘sunt
2033 2207 2147 2264 sel-
2218 2216 2222 2261 ’ς

290 2294 579 2352 lariorum
618 2305 675 2350 et
711 2293 1095 2369 spintriarum
1118 2317 1198 2354 ,ex
1234 2295 1512 2354 foeditate
1560 2294 1679 2351 loci
1722 2315 1788 2351 ac
1832 2291 2148 2369 multiplici
2218 2322 2222 2354 ε

289 2379 597 2455 patientia:
654 2378 1089 2455 praepositique
1125 2381 1310 2450 servi,
1354 2381 1459 2458 qui
1493 2391 1868 2457 quaererent,
1921 2390 2149 2455 pertra-
2214 2403 2222 2430 ·,

292 2461 532 2535 herent,
570 2465 727 2522 dona
761 2463 828 2520 in
859 2476 1192 2540 promptOS,
1226 2465 1419 2523 minas
1454 2466 1767 2522 adversum
1803 2466 2150 2534 abnuenteS,

805 2666 1651 2716 COMMENTARIUS.

413 2768 529 2813 Edd.
564 2776 672 2815 vett.
704 2769 836 2814 unius
870 2769 974 2814 libri
1005 2770 1192 2813 nomine
1260 2785 1455 2815 mannus
1491 2769 1609 2814 bene
1643 2770 1935 2815 restituerunt
1969 2772 2153 2827 digres-

298 2825 487 2878 habent,
528 2842 640 2884 quae
676 2843 800 2872 nunc
832 2835 1016 2872 auctore
1041 2826 1191 2886 Lipsio
1261 2842 1359 2875 sus,
1416 2827 1645 2872 Bekkerus
1679 2836 1725 2872 et
1754 2828 1829 2872 hic
1859 2828 2044 2872 retinuit
2073 2831 2153 2873 de-

301 2885 350 2927 in
372 2884 539 2927 librum
596 2883 774 2928 uintum
805 2893 849 2929 et
880 2893 1053 2929 sextum
1090 2892 1194 2929 sunt
1262 2899 1462 2940 gressus.
1546 2886 1746 2935 Mirum,
1797 2886 1921 2944 quod
1965 2887 2160 2941 degredi

299 2942 475 3000 partita.
601 2942 702 3000 opia
743 2959 899 2986 rerum
934 2958 1015 3000 per
1049 2942 1187 2987 trien·
1264 2943 1461 3001 aliquem
1502 2943 1660 2987 iubent
1696 2945 1752 2987 ab
1784 2942 1936 2987 insula
1957 2945 2154 3002 Caprea-

303 2999 431 3042 nium
466 2998 578 3042 illud
608 3009 834 3056 gestarum
864 3001 1088 3046 suffecisse
1120 2999 1192 3046 vis-
1264 3017 1367 3044 rum
1398 3001 1446 3045 in
1474 3002 1728 3060 propinqua
1758 3002 1897 3046 urbis.
1969 3004 2028 3047 cf.
2061 3010 2157 3047 not.

304 3056 492 3100 debatur
532 3057 588 3100 ad
627 3074 770 3101 unum
807 3058 973 3102 librum
1012 3075 1062 3102 ex
1097 3059 1196 3102 len-
1266 3059 1322 3102 ad
1343 3057 1386 3111 4,
1406 3059 1478 3103 74.

304 3113 430 3164 dum,
458 3129 605 3172 neque
624 3130 648 3157 e
671 3116 1036 3172 praecedentium
1078 3117 1197 3159 ibro·
1325 3117 1463 3160 iuxta
1506 3117 1716 3161 Tiberim
1757 3117 1922 3162 hortis.
1996 3115 2155 3161 Horat.

306 3186 413 3214 rum
437 3186 630 3228 corpore
653 3172 868 3216 credibile
899 3182 964 3217 est
988 3173 1197 3217 Tacitum
1267 3173 1415 3218 Serm.
1439 3179 1480 3223 1,
1502 3175 1544 3227 9,
1568 3177 1639 3220 18.
1699 3175 1889 3219 Sueton.
1902 3173 2003 3219 Tib.
2032 3174 2158 3219 c.72.

306 3244 707 3273 novemannorum
721 3246 793 3274 res
809 3246 900 3274 uno
917 3231 1196 3291 complexum
1269 3232 1354 3276 Iul.
1379 3247 1421 3276 c.
1443 3231 1515 3277 83.

309 3302 403 3330 esse
423 3285 556 3330 libro.
1322 3291 1625 3334 sellariorum
1649 3297 1696 3333 et
1714 3290 2040 3344 spintriarum.
2093 3288 2156 3335 cf.
2220 3312 2222 3316 ¹

366 3342 475 3386 CAP.
515 3344 557 3387 1.
637 3344 886 3398 digressus.
969 3345 1048 3390 Sic
1095 3345 1199 3389 edd.
1269 3345 1392 3390 Suet.
1404 3346 1505 3391 Tib.
1530 3364 1570 3393 c.
1583 3347 1655 3392 43.
1675 3348 1829 3406 ibique
1852 3347 2103 3405 interprett.

310 3399 518 3444 Beroald.
551 3401 653 3446 Alc.
693 3401 896 3448 Rhenan.
935 3419 1032 3462 sqq.
1109 3403 1198 3446 Er-
1325 3407 1456 3448 dona
1487 3406 1537 3448 in
1567 3413 1836 3462 promptos,
1879 3405 2037 3450 minas
2066 3407 2152 3448 ad-

313 3459 479 3502 nestius
502 3466 628 3502 sueto
650 3475 734 3504 suo
766 3475 920 3504 errore
952 3469 1200 3506 mutaverat
1269 3476 1455 3505 versum
1491 3464 1762 3508 abnuentes.
1843 3461 2045 3521 intellige
2078 3479 2160 3520 per

311 3516 361 3558 in
391 3519 648 3570 degressus.
706 3515 947 3575 Rupertius
978 3525 1021 3562 et
1042 3518 1196 3562 Lttne-
1270 3518 1499 3579 syllepsin.
1552 3520 1611 3566 cf.
1631 3521 1673 3572 2,
1695 3522 1767 3565 ΞΟ.
1826 3520 1980 3566 Inutili
2000 3536 2156 3565 emen-
