2222 4030
1726 313 1742 320 ⁵
1799 230 2022 311 2:273}

249 242 331 300 38
925 230 1433 296 ANNALIUM

248 368 462 427 verint.
548 364 780 442 depulsi
804 365 1225 434 aemulatione,
1267 365 1405 440 quia
1440 383 1576 421 suae
1608 362 1855 440 quisque
1889 366 2112 440 legioni

250 475 386 511 eum
419 449 711 508 honorem
747 452 1134 528 quaerebant,
1191 450 1306 504 alio
1345 460 1586 506 vertunt
1623 460 1796 524 atque
1836 471 1957 507 una
1993 464 2111 508 tres

251 538 478 615 aquilas
507 547 564 592 et
587 536 751 610 signa
783 533 1119 593 cohortium
1150 534 1374 590 locant:
1419 535 1596 590 simul
1625 547 1951 607 congerunt
1983 557 2113 592 cae-

253 624 457 699 spite5‚
508 633 814 678 exstruunt
860 620 1151 688 tribunal,
1203 639 1320 693 quo
1363 620 1547 692 magis
1589 620 1904 694 conspicua
1951 621 2115 680 sedes

251 711 421 766 foret.
525 704 986 782 Proper-antibus
1033 703 1280 760 Blaesus
1330 705 1596 773 advenit,
1661 705 2116 780 increpabatque

255 814 320 850 ac
341 791 632 850 retinebat
657 792 949 864 singulOS,
995 788 1323 845 clamitans:
1378 788 1548 858 „Mea
1574 790 1772 863 potius
1798 791 1971 846 caede
2001 790 2117 844 im-

256 878 455 948 „buite
485 896 722 932 manus:
767 875 986 931 leviore
1010 873 1230 945 flagitio
1257 869 1515 946 le²gatum
1548 875 1906 932 interficietis
1939 895 2118 950 quam

259 963 373 1034 „ab
410 962 763 1037 imperatore
802 958 1136 1036 desciscitis,

1237 968 1338 1014 aut
1371 958 1686 1015 incolumis
1720 961 1896 1015 fidem
1932 960 2118 1033 legio-

260 1067 445 1122 „num
509 1047 810 1116 retinebO,
875 1055 978 1106 aut
1044 1041 1344 1115 iugulatus
1410 1044 1837 1119 poenitentiam
1894 1044 2121 1100 adcele-

266 1134 468 1205 ‚,rab0.
484 1129 510 1150 '⁸

262 1358 417 1412 patum
446 1356 596 1409 putat,
628 1347 730 1407 quia
755 1346 805 1390 in
826 1346 1074 1390 miscendis
1099 1345 1160 1389 le-

294 1407 473 1452 ionibus
538 1406 808 1464 religionem
874 1403 1161 1450 violaverint.

286 1481 409 1509 mmo
435 1464 484 1507 in
507 1463 766 1507 universum
791 1461 846 1505 de
871 1460 1069 1505 atrocius
1093 1478 1160 1504 re-

260 1521 535 1567 bellantibus
553 1521 741 1576 suroris
783 1519 1053 1563 vocabulum
1092 1535 1162 1563 ac-

263 1580 419 1681 cip-{Hs-
481 1579 537 1625 cf.
569 1578 683 1622 Hist.
713 1579 751 1626 1,
779 1577 820 1621 9.
897 1575 976 1624 Sic
1009 1577 1163 1620 rabies

267 1652 307 1680 c.
390 1669 401 1680 .

322 1735 459 1789 signa
490 1735 765 1779 cohortium.
826 1731 1072 1790 Disputant
1108 1729 1163 1772 ad

264 1791 309 1836 h.
342 1792 371 1835 l.
412 1792 706 1851 interpretes,
762 1798 915 1832 utrum
956 1788 1164 1831 cohortes

265 1849 450 1909 propria
484 1849 607 1905 signa
637 1847 903 1898 habuerint,
945 1845 1116 1894 diversa
1141 1861 1166 1888 a

267 1907 407 1966 signis
438 1907 806 1965 manipulorum3
848 1920 905 1947 an
937 1902 1010 1947 hic
1042 1902 1167 1962 signa

266 1963 609 2022 manipulorum
631 1963 721 2006 sint
743 1961 1061 2019 intelligenda,
1090 1957 1167 2017 qui

267 2021 318 2064 in
345 2037 521 2079 quaque
547 2020 732 2064 cohorte
759 2027 920 2062 essent.
982 2017 1168 2060 Scilicet

269 2095 367 2123 non
410 2079 672 2122 discernunt
717 2086 934 2134 tempora.
1016 2073 1169 2116 Priori

270 2138 435 2188 aetate,
465 2136 541 2178 ubi
566 2135 681 2178 acies
693 2134 897 2177 Romana
921 2131 1167 2190 manipula-

269 2194 353 2238 tim
377 2193 723 2243 disnonebatur‚
754 2191 880 2234 nulla
913 2189 1170 2233 cohortium

271 2251 587 2301 distinetione,
613 2249 739 2292 nulla
762 2249 888 2291 fuere
914 2246 1171 2290 cohortium

271 2307 424 2367 signa,
455 2309 532 2350 sed
551 2306 906 2366 manipulorum.
972 2306 1030 2346 At
1051 2307 1171 2363 post·

259 2363 414 2424 'quam
439 2363 638 2408 obtinuit
676 2363 960 2407 consuetudo
993 2377 1073 2420 per
1098 2376 1172 2418 ορ·

271 2423 423 2468 hortes
455 2421 728 2480 disponendi
770 2419 1022 2478 legionem,
1071 2417 1174 2461 nul·

275 2479 346 2524 lus
378 2481 424 2523 in
456 2478 550 2522 acie
586 2479 733 2536 potuit
766 2493 860 2521 esse
886 2494 992 2520 usus
1025 2477 1174 2534 signo·

273 2553 379 2581 rum
415 2536 789 2594 manipularium,
844 2535 922 2578 sed
965 2534 1175 2577 cohortes

274 2593 414 2652 signis
443 2593 833 2637 discernebantur.
892 2589 1011 2633 Hinc
1033 2592 1175 2647 Vege-

277 2653 366 2696 tius
399 2652 440 2703 2,
476 2650 543 2694 13.-
579 2651 633 2693 de
665 2649 802 2706 signis
836 2648 1176 2706 manipulorum

277 2717 410 2761 tacet,
434 2709 543 2751 dum
556 2706 733 2751 scribit:
759 2706 974 2748 Primum
988 2707 1178 2762 signum

281 2768 421 2809 totius
462 2765 656 2819 legionis
691 2771 759 2807 est
802 2765 984 2818 aquila,
1037 2776 1179 2818 quam

281 2823 504 2878 aquila-'fer
523 2830 700 2874 portat.
763 2821 1008 2863 Dracones
1035 2822 1179 2862 etiam

277 2894 367 2936 per
396 2881 610 2933 singulas
638 2882 850 2922 cohortes
877 2895 909 2920 a
940 2882 1180 2920 dracona-

283 2937 370 2980 riis
377 2937 606 2992 feruntur
627 2941 691 2978 ad
710 2936 954 2991 proelium.
1001 2935 1058 2977 Et
1069 2933 1181 2977 Ger-

282 2994 489 3037 manicus
531 2993 635 3035 infr.
670 3010 708 3036 c.
740 2993 809 3036 34.
864 2993 972 3035 dum
1015 2991 1181 3034 milites

285 3051 518 3095 discedere
550 3050 597 3091 in
628 3050 887 3109 manipulos
918 3050 1065 3100 iubet,
1115 3047 1182 3090 nil

286 3107 411 3152 addit
444 3107 499 3149 de
528 3107 664 3162 signis
696 3107 1031 3165 manipulorum
1056 3122 1182 3164 prae-

285 3164 517 3216 ferendis3
546 3163 669 3205 iubet
689 3173 836 3206 autem
858 3167 1036 3207 vexilla
1043 3177 1183 3218 prae-

276 3223 429 3279 ferri,
459 3229 510 3263 ut
530 3222 577 3262 id
603 3223 774 3262 saltem
801 3224 1081 3263 discerneret
1116 3235 1184 3262 co-

289 3282 462 3322 hortes.
522 3276 616 3333 Qui
634 3278 760 3319 locus
782 3278 877 3320 sine
901 3295 1034 3321 sensu
1057 3285 1186 3325 esset,

289 3336 338 3379 ni
360 3334 519 3378 vexilla
540 3334 796 3378 cohortium
819 3335 1096 3391 intelligeres
1125 3334 1188 3377 di-

290 3409 418 3436 versa
442 3410 466 3435 a
494 3392 833 3450 manipulorum
865 3392 1016 3449 signis.
1075 3392 1188 3435 Hist.

295 3452 335 3501 1,
370 3447 441 3493 44.
481 3450 710 3506 Praefixa
742 3450 888 3492 contis
919 3451 1072 3502 capita
1104 3465 1189 3504 ge·-

294 3509 548 3550 stabantur·
587 3507 712 3549 inter
754 3507 890 3559 signa
930 3509 1191 3549 cohortium

300 3564 439 3607 iuxta
498 3564 712 3621 aquilam
770 3564 978 3618 legionis.
1075 3564 1189 3607 lbid.

1199 2697 1202 2700 .
1250 2670 1372 2712 egyr.
1410 2653 1437 2696 l.
1477 2651 1505 2694 l.

1232 1361 1272 1393 c.
1292 1346 1364 1390 41.
1393 1345 1673 1390 vexillarius
1703 1344 1968 1387 comitantis
2002 1342 2130 1395 Gal--

1232 1405 1342 1446 ham
1382 1404 1594 1455 cohortis.
1679 1401 1756 1445 Sic
1796 1401 1964 1459 ubique
2007 1397 2029 1443 a
2066 1402 2127 1446 ud

1231 1461 1451 1506 Nostrum
1473 1476 1622 1506 sermo
1647 1468 1710 1501 est
1733 1458 1786 1501 de
1808 1458 1944 1516 signis
1967 1418 2126 1501 eoli'or-

1233 1519 1371 1568 tium,
1400 1534 1495 1560 non
1518 1515 1882 1575 manipulorum,
1915 1524 2045 1572 atque
2068 1517 2125 1560 ita

1236 1576 1289 1619 de
1313 1576 1400 1618 illis
1426 1574 1649 1633 loquitur,
1674 1583 1724 1616 ut
1745 1589 1840 1616 non
1864 1574 2008 1630 possis
2033 1590 2133 1617 nonv

1235 1633 1495 1692 intelligere
1522 1633 1672 1690 signa,
1721 1647 1833 1688 quae
1872 1631 2129 1674 discernant

1237 1690 1468 1742 cohortes,
1510 1705 1607 1732 non
1647 1688 1918 1747 manipulos.

1235 1748 1490 1806 negaverim
1502 1779 1515 1796 ‚
1540 1746 1780 1813 manipulis
1797 1745 1982 1804 singulis
1999 1746 2132 1789 etiam

1236 1805 1452 1849 mansisse
1488 1821 1565 1848 sua
1595 1803 1812 1862 insignia3
1855 1803 2039 1846 minime
2070 1812 2133 1846 ta-

1237 1879 1344 1907 men
1388 1863 1524 1906 credo
1568 1862 1616 1905 in
1663 1861 1815 1904 castris
1857 1859 2135 1904 Pannonicis

1239 1930 1337 1965 tum
1369 1919 1572 1977 singulos
1604 1919 1743 1962 trium
1777 1917 2008 1974 legionum
2040 1933 2134 1960 ma-

1239 1978 1423 2037 nipulos
1445 1977 1570 2036 signa
1592 1993 1670 2021 sua
1691 1991 1782 2018 una
1805 1975 1991 2020 locasse.

1298 2085 1558 2133 congerunt
1611 2077 1845 2132 caespites.
1934 2075 2005 2119 Ad
2059 2091 2138 2117 ex-

1240 2136 1506 2181 struendum
1540 2134 1754 2178 tribunal.
1815 2133 1874 2179 cf.
1903 2133 2022 2177 Plin.
2053 2133 2138 2178 Pa-

1241 2211 1401 2252 negyr.
1425 2209 1462 2236 c.
1479 2192 1547 2243 56,
1559 2193 1600 2236 6.
1629 2190 1847 2250 Xiphilin.
1869 2192 1939 2240 62,
1951 2193 1992 2235 2.
2045 2190 2137 2234 Sed

1244 2269 1326 2298 cur
1346 2249 1619 2293 rebellantes
1644 2259 1735 2291 tam
1757 2249 1941 2308 properi
1973 2249 2030 2292 ad
2060 2247 2139 2292 tri·

1242 2307 1382 2354 bunal
1442 2307 1792 2351 exstruendum?
1877 2306 2140 2364 Respondet

1244 2368 1431 2411 Nosterz
1463 2381 1552 2420 quo
1575 2367 1726 2419 magis
1749 2366 1988 2416 conspicua
2013 2366 2142 2407 sedes

1232 2427 1382 2483 foret.
1444 2422 1558 2465 Nam
1578 2422 1656 2465 ubi
1681 2421 1805 2479 signa
1836 2421 2064 2488 legionum
2093 2420 2140 2463 in

1247 2480 1402 2526 castris
1428 2480 1719 2531 locabantur,
1751 2479 1813 2522 ibi
1836 2478 2032 2521 tribunal
2067 2478 2141 2520 de·
2196 2488 2222 2525 ’,

1248 2556 1342 2582 esse
1386 2539 1622 2594 nequibat,
1677 2536 1780 2595 quia
1820 2535 1897 2578 illa
1938 2535 2144 2579 solebant
2212 2575 2213 2578 ,

1247 2595 1463 2640 tribunali
1489 2594 1779 2638 circumdari.
1826 2591 2143 2637 cf.P1in.Pan-

1575 2652 1716 2694 Tacit.
1750 2651 1830 2693 inf.
1865 2652 1930 2702 15,
1951 2651 2022 2692 29.

1250 2711 1469 2768 templum
1501 2708 1732 2765 legionum
1765 2716 1870 2751 erat.
1930 2707 2037 2750 Sine
2070 2706 2145 2748 tri·

1250 2768 1404 2812 bunali
1436 2767 1548 2808 iusta
1582 2765 1752 2823 species
1785 2773 1914 2823 atque
1956 2763 2147 2820 dignitas
2219 2755 2222 2802 ἐ

1253 2825 1358 2868 loeo
1391 2823 1617 2867 defuisset.
1676 2822 1890 2865 Ceterum
1913 2822 2012 2865 edd.
2044 2829 2147 2864 vett.

1252 2883 1484 2952 scribunt:
1516 2888 1764 2923 extruunt.

1306 2966 1674 3021 properantibus.
1735 2963 1767 3007 l.
1791 2964 1867 3007 Fr.
1889 2961 2147 3005 Gronovius
2220 2954 2222 2957 ¹

1254 3023 1471 3066 malebatz
1498 3022 1805 3074 operantibus,
1824 3019 1947 3078 quod
1960 3020 2148 3062 verbum

1256 3080 1420 3138 legitur
1456 3095 1493 3122 c.
1515 3079 1584 3122 64.
1616 3086 1659 3119 et
1684 3078 1805 3121 Suet.
1828 3077 1986 3122 Claud.
2021 3093 2058 3119 c.
2078 3078 2149 3118 20.
2220 3095 2222 3099 ·

1257 3138 1345 3181 Sed
1367 3138 1541 3179 bonum
1562 3144 1605 3177 et
1627 3134 1852 3178 efficacius
1867 3135 2055 3178 verbum
2073 3142 2152 3183 est,

1258 3194 1380 3252 quod
1412 3192 1632 3251 vulgatur.
1696 3191 1754 3235 cf.
1789 3209 1827 3236 c.
1859 3193 1927 3236 51.
1949 3191 2017 3235 56.
2053 3192 2094 3243 2,
2123 3192 2151 3235 6
2201 3228 2209 3238 .

1258 3260 1303 3294 et
1324 3250 1445 3294 alibi.

1312 3334 1672 3389 poenitentiam.
1734 3331 1945 3376 Cuiacius
1977 3333 2152 3376 emend.

1254 3407 1477 3448 poenam.
1578 3388 1740 3433 Wolf.
1802 3391 1918 3433 bene
1976 3399 2154 3442 monet,

1259 3448 1529 3507 „vulgatum
1575 3444 1858 3506 ἠθικώτερον
1897 3457 1939 3491 et
1980 3448 2035 3491 ad
2074 3447 2156 3491 mi-

1263 3505 1508 3560 seriem-«h

1263 3564 1532 3607 modatius.’⁸
1575 3599 1601 3615 ,,

1997 1688 2130 1732 Haud
2184 1703 2185 1706 ’
2219 1669 2222 1676 1

2091 2649 2222 2693 Id}

1512 3523 1557 3548 m
1616 3505 1969 3565 pei-movendam
2027 3521 2156 3550 aceo·
2216 3551 2218 3554 ,
