2222 4030
1789 177 1842 212 A.
1861 178 1914 214 U.
1932 179 2014 214 773.

1789 221 1840 257 A.
1862 221 1908 257 C.
1953 223 2016 258 20.

241 186 366 244 232
909 178 1423 243 ANNALIUM
1494 219 1496 222 -

242 334 352 371 nos
394 314 716 387 relegatur,
770 332 1040 370 concessa
1060 311 1380 369 Plancinae
1412 310 1815 371 incolumitate
1850 316 1927 370 ob
1965 335 2101 390 pre-

243 419 336 456 ces
358 394 675 472 Augustae.

411 493 641 554 XVIII.
725 493 922 552 Multa
982 515 1050 551 ex
1109 512 1175 548 ea
1234 494 1520 550 sententia
1573 493 1839 568 mitigata
1883 507 2020 552 sunt
2068 517 2103 552 a

178 588 181 591 ’
241 581 539 658 principe:
595 601 671 637 ne
707 600 927 637 nomen
963 577 1199 635 Pisonis
1238 578 1402 634 fastis
1442 579 1820 650 eximeretur,
1864 582 2102 657 quando

244 666 334 726 Μ.
369 663 655 735 Antonii,
711 665 816 742 qui
850 665 1075 721 bellum
1112 662 1335 736 patriae
1371 664 1628 735 fecisset,
1684 663 1802 722 Iuli
1833 661 2105 734 Antonii,

245 753 351 828 qui
387 753 634 808 domum
667 745 922 824 Augusti
956 748 1260 817 violasset,
1301 762 1626 809 manerent.
1714 762 1771 807 et
1805 749 1894 810 M.
1933 749 2106 806 Piso-

244 857 382 893 nem
427 835 788 911 ignominiae
837 833 1049 890 exemit
1091 833 1490 909 concessitque
1537 835 1591 889 ei
1634 847 1878 910 paterna
1926 836 2105 903 bona,

246 922 385 980 satis
408 921 644 990 firmUS‚
686 918 753 976 ut
779 938 947 993 saepe
977 918 1331 986 memoravi,
1377 920 1688 975 adversum
1712 920 2020 994 pecuniam
2051 931 2107 976 et

245 1019 376 1066 tum
429 1007 658 1083 pudore
707 1003 1009 1059 absolutae
1054 1000 1376 1058 Plancinae
1424 1003 1792 1077 placabilior.
1910 1001 2107 1081 Atque

239 1093 439 1161 idem,
511 1111 643 1147 cum
684 1088 958 1144 Valerius
1005 1085 1388 1144 blessallinus
1456 1088 1688 1161 signum
1740 1109 1984 1155 aureum
2044 1090 2106 1144 in

247 1178 390 1234 aede
424 1175 638 1233 Martis
667 1172 923 1242 Ultoris,
967 1170 1218 1229 Caecina
1255 1172 1506 1230 Severus
1541 1195 1703 1230 aram
1726 1173 1963 1232 Ultioni
1993 1187 2111 1232 sta-

245 1263 528 1319 tuendam
570 1258 960 1326 censuissent,
1014 1253 1349 1331 prohibuit:
1405 1259 1483 1314 ob
1526 1271 1790 1316 externas
1829 1280 1892 1316 ea
1922 1260 2112 1316 victo-

174 1363 179 1365 ·
245 1348 365 1404 rias
399 1344 615 1401 sacrari
638 1344 942 1412 dictitans,
986 1343 1303 1398 domestica
1331 1344 1485 1398 mala
1506 1344 1747 1425 tristitia
1774 1346 2110 1419 operienda.

246 1428 574 1490 Addiderat
599 1428 979 1489 Messallinus
1009 1426 1254 1484 Tiberio
1293 1440 1349 1484 et
1382 1424 1680 1503 Augustae
1723 1441 1778 1486 et
1816 1425 2112 1487 Antoniae

249 1530 305 1575 et
329 1513 694 1590 Agrippinae
728 1512 1040 1590 Drusoque
1077 1513 1155 1569 ob
1190 1514 1514 1570 vindictam
1545 1513 1887 1572 Germanici
1926 1526 2115 1589 grates

248 1603 529 1675 agendaS,
573 1600 962 1675 omiseratque
986 1596 1225 1655 Claudii
1265 1599 1646 1660 mentionem.
1735 1612 1791 1657 et
1817 1599 2116 1657 Messalli-

248 1708 396 1743 num
427 1685 668 1762 quidem
689 1683 759 1744 L.
783 1679 1085 1759 Asprenas
1112 1695 1318 1741 senatu
1346 1705 1542 1740 coram
1573 1696 1984 1760 percunctatus
2014 1697 2115 1755 est,

250 1793 330 1828 an
358 1772 618 1847 prudens
642 1769 1048 1845 praeterisset?
1096 1790 1160 1825 ac
1198 1779 1326 1826 tum
1363 1771 1601 1826 demum
1637 1791 1856 1827 nomen
1879 1769 2117 1828 Claudii

250 1857 612 1933 adscriptum
657 1865 759 1916 est.
870 1850 1062 1924 Mihi,
1129 1866 1350 1932 quanto
1403 1855 1576 1931 plura
1628 1856 1955 1913 recentium
2013 1876 2116 1914 seu

306 2077 555 2131 relegatur.
615 2075 691 2120 Sle
719 2074 823 2119 eod.
843 2074 946 2118 MS.
980 2081 1022 2118 et
1049 2073 1150 2118 edd.

250 2141 354 2176 vett.
414 2135 598 2176 Mureto
631 2142 672 2177 et
704 2134 851 2191 Lipsio
885 2131 1148 2178 auctoribus

250 2190 386 2234 hodie
420 2190 630 2248 vulgatur
673 2194 988 2245 relegaretur,
1046 2189 1149 2246 quia

284 2247 479 2291 raecedit
526 2251 866 2291 concederetur.
947 2248 1148 2290 Frustra.

250 2265 448 2361 bulgaro
482 2307 601 2347 enim
639 2314 728 2356 est,
778 2313 1008 2348 senatores
1043 2320 1151 2357 sen-5

249 2362 437 2408 tentiam
469 2363 667 2407 dicentes
698 2362 846 2405 facere
883 2363 997 2413 diei,
1028 2360 1151 2418 quod

249 2419 346 2463 fieri
381 2420 554 2466 volunt.
630 2419 689 2462 cf.
724 2418 842 2461 Plin.
878 2435 978 2476 epp.
1009 2419 1050 2469 8,
1079 2417 1149 2460 14.

251 2477 369 2521 Cum
403 2478 586 2520 latet-im
619 2485 665 2519 et
701 2478 782 2532 qui
808 2486 959 2519 mor-te
982 2476 1150 2531 punie-

253 2537 366 2578 bant
390 2542 434 2577 et
457 2535 537 2590 qui
554 2537 829 2588 relegabant
855 2533 916 2589 (h.
943 2550 981 2578 e.
1005 2540 1152 2575 morte

286 2592 531 2641 uniendos,
571 2592 836 2648 relegandos
869 2607 962 2637 esse
993 2606 1149 2634 cense-

251 2609 407 2706 Eam),
439 2664 533 2692 una
552 2653 789 2697 sedebant,
843 2649 899 2692 Et
917 2665 1045 2692 mox:
1078 2648 1159 2703 qui

253 2709 440 2750 libertos
463 2714 610 2749 morte
635 2707 922 2759 multabant3
954 2716 996 2750 et
1016 2706 1151 2764 paulo

254 2763 398 2807 infra!
429 2766 554 2808 Num
581 2780 690 2819 ergo
717 2764 907 2807 dubium
933 2773 1023 2812 est,
1053 2764 1153 2805 alia

253 2824 411 2865 omnia
452 2823 623 2867 ‚sentire
665 2837 765 2869 eos,
819 2822 899 2878 qui
931 2823 1153 2868 occidunt,

254 2895 395 2936 quam
429 2881 510 2936 qui
537 2883 754 2935 relegant
769 2881 805 2921 ,θ’
850 2879 1011 2925 Noster
1047 2879 1151 2920 infr.

255 2953 294 2981 c.
318 2936 389 2980 23.
419 2938 449 2979 a
472 2945 560 2993 qu'o
595 2938 721 2992 aqna
755 2945 800 2978 et
828 2938 925 2990 igni
954 2937 1151 2978 arceba—

255 3001 348 3037 tur.
411 2993 489 3036 Sic
509 2995 574 3041 M.
599 2994 708 3037 Piso
731 2997 963 3046 relegatur
982 3009 1044 3038 sc.
1060 2994 1152 3034 Au-

253 3041 364 3094 relio
399 3050 579 3100 Cottae,
634 3051 739 3095 nihil
776 3050 895 3099 aliud
934 3050 1154 3108 significat

257 3123 415 3166 quamz
456 3109 666 3152 Aurelius
705 3107 837 3156 Cotta
876 3108 1074 3156 censuit,
1104 3116 1154 3150 ut

257 3166 325 3209 M.
357 3165 408 3210 P.
440 3166 727 3220 relegaretur.
790 3166 896 3212 lude
930 3183 955 3209 a
990 3165 1151 3212 vocab.

258 3224 323 3266 M.
359 3222 468 3265 Piso
502 3230 727 3266 structura
769 3240 793 3267 a
834 3223 974 3279 priori
1006 3222 1156 3264 forma

260 3279 458 3329 deflectit
490 3287 530 3322 et
566 3280 614 3321 in
640 3283 779 3326 verbo
814 3288 1024 3326 mutaret
1057 3278 1156 3326 finis

260 3346 324 3384 est
361 3336 604 3385 sententiae
640 3338 693 3379 ‹le
722 3338 805 3382 Cn.
830 3337 994 3383 Pisone
1028 3338 1155 3383 latae.

260 3393 546 3452 Sequuntur,
597 3410 711 3452 quae
752 3395 870 3442 idem
911 3396 964 3438 de
997 3394 1157 3438 Marco

262 3451 449 3499 censuit.
512 3449 747 3497 Consentit
771 3451 1082 3508 Kiesslingi‘us.

322 3507 434 3553 CAP.
463 3508 531 3552 18.
591 3509 696 3555 Iuli.
757 3506 872 3556 Cod,
897 3509 1033 3557 MSS.
1056 3507 1156 3556 edd.

1220 2082 1324 2117 vett.
1353 2073 1476 2118 Iulii.
1537 2074 1624 2118 Sed
1645 2073 1737 2120 vid.
1771 2083 1865 2118 not.
1900 2074 1954 2118 ad
1988 2077 2025 2128 1,
2049 2077 2117 2120 10.

1220 2133 1332 2176 Mox
1353 2132 1456 2179 cod.
1483 2132 1582 2174 MS.
1615 2140 1660 2174 et
1684 2136 1797 2175 dum
1815 2149 1898 2191 pro
1921 2141 1966 2175 et
1999 2143 2115 2177 tum.

1221 2189 1429 2232 Testatur
1470 2190 1560 2234 lae.
1595 2188 1853 2233 Gronovius
1888 2191 1942 2234 ad
1971 2192 2014 2243 2,
2044 2190 2116 2236 36.

1223 2247 1280 2290 cs.
1308 2247 1367 2290 ibi
1388 2256 1484 2290 not.

1279 2305 1464 2357 signum
1496 2321 1708 2348 aureum.
1773 2305 1972 2362 lntellige
1992 2305 2118 2349 Mar·

1224 2365 1282 2406 tis
1296 2363 1487 2406 Ultoris.
1535 2364 1682 2409 Antea
1702 2363 1998 2407 Messallinus
2017 2363 2118 2407 edd.

1222 2420 1343 2478 Lips.
1378 2420 1508 2463 Grut.
1540 2420 1664 2465 Pich.
1690 2437 1786 2478 sqq.
1845 2422 2120 2463 Messalinus

1223 2478 1326 2522 cod.
1352 2477 1454 2520 MS.
1480 2477 1580 2521 edd.
1598 2477 1812 2524 Beroald.
1836 2477 1982 2521 Rhen.
2007 2477 2116 2522 Ald.

1225 2543 1502 2578 constanter.

1282 2607 1422 2634 aram
1445 2592 1633 2639 Ultioni.
1694 2592 1753 2638 cf.
1779 2601 1876 2636 not.
1902 2592 1958 2636 ad
1984 2593 2023 2642 1,
2051 2594 2118 2636 14.

1225 2649 1316 2692 Pro
1353 2649 1552 2693 Caecina
1592 2649 1662 2697 ed.
1695 2650 1802 2694 Ald.
1837 2651 1969 2698 habet
2001 2649 2117 2695 Cae-

1226 2708 1374 2750 cinna.

1283 2766 1340 2806 ob
1376 2773 1606 2808 externos
1639 2779 1698 2807 ea
1730 2766 1960 2809 victor-1¹08.
2045 2764 2122 2810 Sic

1225 2821 1327 2869 edd.
1363 2821 1505 2865 Rben.
1536 2838 1633 2881 sqq.
1663 2846 1718 2855 -
1778 2822 1988 2869 Beroald.
2022 2822 2120 2865 edi-

1226 2879 1351 2926 derat
1374 2882 1583 2928 victoria,
1611 2879 1733 2937 quod
1753 2879 1910 2923 vitium
1929 2896 1951 2922 e
1969 2880 2121 2924 vicino

1224 2939 1365 2981 verbo
1407 2939 1592 2979 sacrari
1629 2947 1781 2980 ortum
1815 2937 2044 2982 Victorius
2074 2938 2122 2981 in

1226 3010 1307 3037 suo
1360 2994 1597 3050 exemplari
1650 2994 1842 3038 correxit
1893 2997 2121 3042 victorias.

1227 3050 1300 3097 Cf.
1329 3051 1523 3096 eiusdem
1556 3060 1650 3094 not.
1678 3052 1730 3094 ad
1760 3050 1854 3094 Cic.
1883 3068 1953 3110 ep.
1985 3055 2022 3101 1,
2053 3053 2118 3096 19.

1283 3112 1415 3151 mula
1448 3110 1636 3152 tristitia
1670 3111 1932 3159 operienda.
2001 3109 2119 3156 Plin.

1226 3182 1326 3223 epp.
1356 3164 1490 3212 3,»16.
1523 3166 1702 3219 operire
1739 3168 1929 3211 luctum.
1990 3166 2053 3211 Id.
2079 3168 2120 3217 7,

1226 3225 1296 3269 25.
1334 3222 1575 3279 Quantum
1601 3224 1887 3264 eruditorum
1915 3233 1997 3266 aut
2021 3240 2111 3266 mo-

1227 3283 1376 3324 destia
1405 3282 1608 3340 ipsarum
1631 3288 1716 3323 aut
1740 3282 1867 3336 quies
1894 3284 2038 3334 operit
2069 3299 2124 3325 ac

1227 3340 1459 3383 subtrahit
1503 3338 1692 3393 famae.
1790 3337 1930 3394 igitur
1991 3342 2123 3385 mala

1230 3395 1422 3439 tristitia
1453 3398 1631 3449 operire
1665 3394 1767 3437 erit:
1813 3396 1870 3441 ob
1900 3395 2123 3443 tristitiam

1233 3469 1365 3509 super
1407 3450 1492 3497 illis
1538 3452 1700 3496 famam
1743 3468 1900 3496 eorum
1945 3453 2122 3496 silentio

1231 3509 1428 3557 abolere·
