2222 4030
284 148 401 191 XIV
472 142 473 149 ¹
909 99 1513 187 PRAEFATIO.

293 253 416 334 Age
447 262 625 323 vero,
683 251 881 333 inquit
907 248 1250 322 Antonius,
1307 250 1519 334 quctlis
1546 253 1812 313 orator-is
1838 264 1890 312 et
1919 260 2143 337 quanti

283 338 555 399 hominis
586 337 651 394 in
682 333 934 396 dicendo
958 346 1145 418 putas
1171 358 1294 396 esse
1323 334 1651 395 historiam
1681 338 1936 399 scribere
1954 342 1985 396 P
2042 342 2137 411 Si,

283 426 347 484 zz't
378 422 605 484 Graeci
629 421 1031 505 scripserunt,
1086 422 1342 491 summi,
1402 421 1609 502 inquit
1630 417 1930 483 Catulus.-
1982 427 2047 485 si
2071 438 2133 486 ut

284 510 509 576 nostri,
555 504 727 566 nihil
751 530 901 590 opus
928 517 1011 566 est
1044 518 1314 566 oratore:
1348 506 1520 564 ,satis
1553 515 1638 565 est
1665 529 1787 566 non
1821 531 1945 568 esse
1969 535 2136 571 men—

281 594 506 654 dacem.
592 590 788 676 Atqui
810 615 881 651 ne
906 601 1144 652 nostros
1171 602 1548 661 contemnas,
1595 592 1794 674 inquit
1811 591 2139 666 Antonius,

278 678 510 742 Graeci
532 698 765 762 quoque
789 678 878 737 sic
907 678 1086 736 initio
1124 677 1581 760 scriptitarunt,
1628 687 1691 736 ut
1729 689 1933 737 noster
1960 677 2138 749 Cato,

283 777 347 825 ut
374 762 611 834 Pictor,
669 773 733 823 ut
758 761 926 823 Piso,
1011 763 1180 822 Erat
1212 763 1383 822 enim
1412 762 1702 822 Historia
1738 760 1925 838 ‘nihil
1956 766 2144 825 aliud

282 851 411 910 nisi
420 846 766 909 Annalium
798 849 1108 932 confectio,
1155 849 1325 907 cuius
1353 848 1442 906 rei
1465 849 2138 933 memoriaequepubli-

282 957 383 996 cae
411 932 759 995 'retinendae
787 957 976 993 causa
1006 935 1087 993 ab
1118 934 1299 992 initio
1326 955 1524 992 rerum
1550 932 1990 994 Romanarum
2036 961 2142 999 us*

279 1019 528 1106 quead
562 1018 635 1079 P.
671 1018 957 1080 Mucium
994 1017 1338 1102 pontificem
1385 1019 1735 1089 'maximum
1788 1024 2139 1080 reswomnes

276 1106 670 1186 'singulorum
713 1127 1018 1164 annorum
1057 1102 1407 1162 mandabat
1438 1103 1660 1162 litteris
1682 1105 2140 1188 pontifexma·

199 1232 204 1237 =
274 1193 490 1253 ximus
544 1188 943 1277 efferebatque
993 1191 1058 1248 in
1098 1189 1314 1249 album
1354 1198 1405 1247 et
1443 1190 1819 1271 proponebat
1856 1192 2139 1251 tabulam

274 1277 477 1348 domi,
541 1286 812 1360 potestas
862 1284 925 1334 ut
975 1284 1124 1334 esset
1167 1274 1397 1359 populo
1438 1274 1864 1353 cognoscendi,
1937 1278 1998 1334 ii·
2034 1279 2145 1360 qui

281 1365 466 1422 etiam
507 1382 668 1421 nunc
706 1360 972 1420 annales
1013 1361 1286 1419 maximi
1323 1361 1752 1419 nominantur..
1829 1359 2015 1420 Hanc
2050 1363 2141 1421 si-

279 1445 691 1508 militudinem
718 1444 1028 1506 scribendi
1051 1446 1237 1505 multi
1258 1445 1449 1503 secuti
1474 1455 1618 1503 sunt
1636 1489 1652 1513 ‚
1698 1446 1811 1528 qui
1829 1446 2141 1508 sine'‘-ulli's

281 1533 658 1594 ornamentis
700 1534 1072 1591 monimenta
1112 1532 1314 1590 solum
1364 1535 1754 1612 temporum‚·
1801 1528 2141 1603 hominum,

282 1620 550 1678 locorum
601 1618 1038 1700 gestarumque
1058 1655 1062 1669 2
1086 1639 1284 1676 rerum
1341 1616 1714 1698 reliquerunt·
1759 1638 1852 1667 .-=-
1887 1616 2142 1702 lquiq'ue

281 1727 403 1763 non
445 1712 842 1762 exornatores
884 1703 1113 1770 r'erum,
1171 1699 1286 1761 sed
1321 1700 1748 1760 tantummodo
1784 1705 2143 1763 narratores

269 1791 532 1874 fuerunt
561 1802 665 1851 etc.
738 1789 950 1847 Minus
978 1790 1342 1847 satisfaciunt
1359 1809 1521 1865 quae
1546 1791 1618 1845 de
1640 1786 2146 1865 haere-leguntur

282 1880 438 1954 apud
466 1875 735 1934 Gellium
762 1876 828 1930 in
851 1875 925 1934 N.
951 1871 1025 1934 A.
1053 1874 1250 1944 V‚·18.
1295 1872 1647 1931 Historiam
1686 1871 1768 1929 ab
1797 1870 2142 1932 annalibus

280 1958 540 2044 quidam
567 1954 814 2045 differre
845 1979 910 2016 eo
931 1962 1188 2040 putant,
1234 1954 1405 2039 quod
1431 1956 2018 2039 cum'utrumque'sit
2048 1980 2141 2018 re-

274 2069 416 2106 ·rum
451 2053 766 2125 gestarum
807 2043 1123 2111 narratiO,
1178 2065 1387 2101 earum
1426 2051 1630 2100 tamen
1663 2044 1909 2124 proprie
1938 2063 2146 2103 'rermn

284 2133 362 2191 sit
398 2128 698 2197 historia,
755 2129 978 2211 quibus
1011 2129 1186 2187 rebus
1205 2125 1491 2206 gerendis
1519 2129 1867 2211 interfuerit
1897 2129 1982 2199 is,
2037 2131 2150 2214 qui

283 2225 508 2282 narret.
593 2214 882 2297 Eamque
924 2234 1047 2273 esse
1084 2214 1428 2295 opinionem
1458 2212 1849 2296 quorundam
1884 2215 2144 2277 Verrius

279 2297 552 2361 ..Flaccus
580 2300 763 2384 refert
793 2300 860 2358 in
888 2298 1050 2358 libro
1072 2297 1143 2357 de
1168 2297 1524 2379 significatu
1553 2299 1869 2358 verborum
1891 2313 2142 2383 quarto.-

283 2411 356 2448 ac
379 2409 441 2446 se
468 2384 712 2470 quidem
739 2383 1022 2444 dubitare
1049 2405 1323 2467 superea
1348 2406 1408 2442 re
1436 2383 1583 2444 dicit
1598 2381 1663 2460 ay⁵)
1683 2409 1699 2440 .·
1739 2407 1915 2466 posse
1941 2398 2144 2446 autem

287 2472 481 2532 videri
496 2480 677 2556 putat
703 2467 1001 2530 nonnihil
1023 2491 1146 2530 esse
1175 2469 1439 2530 rationis
1465 2471 1530 2529 in
1559 2491 1628 2528 ea
1656 2470 1955 2552 opinione,
1983 2471 2152 2554 quod

287 2556 554 2617 historia
580 2577 794 2636 graece
832 2553 1131 2635 significet
1173 2578 1372 2614 rerum
1415 2555 1816 2634 cognitionem
1855 2578 2144 2637 praesen*

288 2644 458 2703 tium.
544 2640 675 2702 Sed
696 2663 806 2701 nos
833 2638 1050 2700 audire
1073 2640 1250 2699 soliti
1269 2663 1481 2698 snmus
1510 2641 1775 2699 annales
1801 2641 2050 2701 omnino
2082 2642 2154 2702 id

290 2750 446 2797 esse,
491 2726 660 2810 quod
683 2723 982 2786 historiae
1009 2725 1165 2784 sint:
1223 2722 1524 2783 historias
1565 2748 1687 2783 non
1731 2727 1981 2785 omnino
2023 2750 2145 2787 esse

280 2812 364 2872 ·id
385 2812 554 2895 quod
575 2812 840 2871 annales
867 2811 1027 2880 sint,
1068 2811 1255 2869 sicuti
1275 2808 1446 2894 quod
1470 2821 1554 2869 est
1583 2807 1794 2878 homo,
1840 2809 1913 2868 id
1947 2834 2143 2872 neces-

289 2898 462 2958 sario
489 2896 738 2956 animal
762 2917 914 2966 esse,
973 2893 1143 2979 quod
1167 2906 1252 2955 est
1282 2895 1532 2955 animal
1558 2918 1680 2954 non
1710 2893 1784 2954 id
1805 2917 2030 2955 necesse
2061 2909 2145 2956 est

291 2981 598 3043 hominem
625 3004 763 3041 esse.
849 2982 892 3040 I
894 2992 959 3041 ta
989 2979 1290 3041 historias
1318 2981 1560 3064 quidem
1588 3001 1709 3039 esse
1738 2981 1916 3039 aiunt
1949 3003 2147 3041 rerum

284 3079 606 3149 gestarum
648 3067 740 3126 vel
777 3068 1213 3149 expositionem
1256 3068 1349 3125 vel
1391 3065 1999 3136 demonstrationem,
2059 3070 2153 3128 vel

296 3178 415 3237 quo
452 3153 586 3213 alio
625 3153 865 3210 nomine
907 3151 977 3210 id
1013 3150 1331 3211 dicendum
1366 3161 1482 3220 est,
1529 3152 1794 3210 annales
1834 3174 1965 3210 vero
2005 3173 2146 3222 esse,

296 3262 431 3299 cum
476 3262 567 3318 res
601 3246 807 3318 gestae
843 3237 1118 3319 plurium
1162 3259 1469 3297 annorum
1511 3237 1826 3297 observato
1864 3236 2146 3319 cuiusque

354 3430 401 3487 *)
433 3430 486 3473 Et
507 3430 667 3474 merito
701 3429 900 3488 quidem.
