2222 4030
178 200 291 236 AAE'.
308 201 388 235 775.

177 247 229 280 A.
245 245 293 279 C.
329 245 390 280 22.

656 205 830 267 LIB.
878 203 986 265 III.
1050 203 1244 269 CAP.
1281 208 1382 271 59.
1828 213 1966 278 273·

258 334 420 397 LIX.
474 331 778 392 Adversus
825 354 974 412 quae
1013 354 1148 392 cum
1184 355 1373 410 augur
1407 338 1699 399 Lentulus
1739 343 1965 422 aliique*

90 425 251 482 varie
274 424 628 479 dissererent
644 466 661 490 ‚
705 440 773 477 eo
801 422 1117 478 decursum
1144 433 1263 490 est,
1305 434 1373 481 ut
1397 428 1693 499 pontificis
1715 431 1959 488 maximi

91 509 441 568 sententiam
498 506 930 582 opperirentur.
1041 505 1320 572 Tiberius
1364 509 1546 567 dilata
1591 506 1844 572 notione
1883 517 1961 575 de

92 597 221 654 iure
265 591 523 651 flaminis
551 593 819 673 ‘decretas
855 593 934 647 ob
975 592 1359 650 tribuniciam
1387 591 1578 652 Drusi
1611 611 1961 674 potestatem

91 679 475 739 caerimonias
510 677 887 761 temperavit,
930 677 1286 736 nominatim
1306 697 1556 754 arguens
1580 683 1960 744 insolentiam

91 765 414 824 sententiae
467 782 790 839 aureasque
850 762 1073 820 litteras
1133 774 1337 821 contra
1390 767 1653 840 patrium
1710 791 1958 834 morem.
2040 817 2057 823 -

28 858 42 878 “
87 850 391 910 Recitatae
437 860 493 906 et
523 845 708 906 Drusi
754 848 1032 923 epistolae
1089 870 1431 927 quanquam
1477 852 1553 907 ad
1610 856 1959 915 modestiam

88 938 271 994 flexae
339 955 449 1011 pro
514 934 951 1010 superbissimis
1012 935 1408 1011 accipiuntur:
1482 933 1619 995 Huc
1675 939 1960 1000 decidisse

89 1033 325 1092 cuncta,
350 1032 419 1078 ut
441 1041 516 1075 ne
541 1019 773 1076 iuvenis
798 1020 1039 1097 quidem
1061 1032 1226 1079 tanto
1253 1016 1482 1080 honore
1507 1036 1741 1100 accepto
1769 1028 1962 1087 adiret

88 1108 255 1166 urbis
284 1108 452 1180 deosz
480 1105 888 1179 ingrederetur
913 1116 1198 1177 senatum,
1227 1108 1486 1184 auspicia
1509 1109 1718 1166 saltem
1743 1113 1960 1185 gentile

87 1194 244 1269 apud
283 1193 478 1248 solum
513 1191 815 1266 inciperet.
872 1191 1100 1248 bellum
1136 1192 1358 1250 scilicet
1383 1205 1486 1252 aut
1514 1195 1747 1253 diverso
1772 1209 1962 1255 terra-

86 1299 221 1336 rum
245 1276 516 1335 distineri
538 1277 713 1333 litora
740 1288 798 1334 et
818 1277 979 1334 lacus
1004 1274 1367 1353 Campaniae
1390 1301 1528 1338 cum
1547 1281 1802 1340 maxime
1825 1289 1964 1360 per-

85 1375 408 1438 agr-antem.
466 1362 549 1418 sic
582 1362 774 1420 imbui
806 1374 1095 1419 rectorem
1137 1364 1368 1437 generis
1403 1360 1678 1424 humani:
1735 1368 1798 1425 id
1834 1370 1963 1446 pri-

86 1469 252 1507 mum
287 1469 317 1505 e
353 1448 614 1524 paternis
638 1448 905 1506 consiliis
931 1448 1174 1508 discere.
1231 1469 1370 1507 sane
1412 1459 1756 1526 gravaretur
1793 1475 1964 1533 aspe-

71 1642 242 1700 semus
263 1641 330 1696 14,
350 1641 421 1684 42.
483 1642 657 1683 Contra
682 1642 994 1683 aernulattom·

1060 1641 1184 1701 prius
1204 1641 1292 1684 iam
1319 1641 1464 1687 suerat
1488 1643 1534 1687 in
1558 1644 1836 1692 discrimine.
1868 1647 1966 1693 De·

85 1702 315 1744 obnoxius
350 1707 437 1750 est,
482 1699 557 1758 qui
594 1698 797 1741 aemulos
824 1698 986 1750 habet3
1097 1701 1106 1710 ‘

1060 1702 1223 1743 cidisse
1266 1699 1535 1759 simpliciter
1576 1702 1875 1750 mutationem
1909 1706 1966 1753 ,in

84 1751 205 1817 0άῖδὶ
226 1756 398 1811 (dativ.)
441 1757 698 1808 obnoxius,
746 1772 880 1814 quein
914 1756 987 1799 alii

85 1816 254 1867 odere,
294 1814 494 1867 invisus;
532 1817 736 1869 privatis
759 1815 985 1870 adfectio·-

56 1876 219 1925 Vm‘bus
255 1873 432 1930 (dativ.)
477 1875 727 1923 obnoxius,
776 1888 871 1915 non
910 1872 986 1930 qui

82 1933 178 1991 ipse
213 1930 422 1975 adficitur
456 1929 604 1989 aliqua
652 1929 894 1989 cupiditate
939 1931 987 1973 in

81 1991 218 2041 alios,
257 1989 333 2031 sed
355 1989 429 2047 qui
455 1988 649 2031 aliorum
670 1989 716 2031 in
740 2005 785 2031 se
806 1987 984 2045 cupidi-

81 2058 192 2092 tates
226 2045 409 2103 patitur.
474 2045 643 2089 Verum
679 2047 766 2088 hoc
802 2045 987 2089 minime

81 2106 179 2152 vult
205 2103 416 2157 Serv-iun
450 2103 559 2148 dicit
578 2102 728 2161 potius
749 2103 987 2147 Tiberium

82 2173 131 2208 ut
159 2177 390 2207 summum
423 2163 469 2204 in
493 2161 721 2204 neminem
747 2160 810 2204 uti
835 2177 986 2204 aemu-

84 2220 278 2272 latione,
318 2219 423 2263 odio
452 2228 529 2263 aut
552 2219 739 2279 privatis
762 2218 982 2264 adfectio—

83 2278 217 2323 nibus
247 2278 293 2323 h.
322 2293 360 2322 e.
398 2293 503 2321 eum
539 2292 636 2319 non
668 2279 986 2320 aemulatione

82 2346 167 2381 etc.
192 2337 451 2379 obnoxium
474 2351 584 2379 esse.
647 2335 860 2380 Ceterum
878 2338 986 2389 pri-

19 2414 21 2421 ·
83 2403 222 2438 valae
244 2393 530 2450 adfectiones·
549 2401 667 2441 sunt,
688 2408 801 2451 quae
816 2391 983 2438 Nostro

19 2455 22 2493 2
82 2453 189 2511 Agr.
214 2469 254 2496 c.
277 2451 346 2494 19.
372 2450 584 2495 dicuntur
604 2452 760 2495 studia
776 2450 985 2507 privata,

81 2510 215 2555 favor
260 2526 311 2554 ex
348 2508 680 2554 necessitudine
723 2518 798 2552 aut
875 2510 985 2554 ratia

80 2568 253 2627 privata
303 2567 523 2612 oriundus
567 2527 949 2624 (Par-ecilichffeit)
969 2585 987 2621 ;

80 2643 173 2686 quo
222 2639 355 2670 sensu
406 2623 631 2684 aptissime
687 2634 985 2694 opponuntur

80 2683 398 2727 aemulationi
426 2691 466 2726 et
502 2684 627 2727 odio.
688 2682 766 2728 Sic
787 2682 984 2727 Acidalii

82 2757 267 2800 quoque
302 2738 591 2791 coniectura,
642 2756 727 2797 qua
773 2743 986 2785 censebat

82 2798 323 2845 delendum
349 2811 443 2840 esse
464 2806 576 2851 aut,
603 2795 772 2841 inutilis
795 2797 959 2843 evadit.

141 2856 254 2900 CAP.
292 2854 362 2898 59.
400 2857 599 2899 notione.
660 2854 715 2899 Η.
749 2872 787 2899 e.
830 2854 985 2914 cogni·

81 2915 222 2960 tione.
285 2911 350 2954 lta
384 2920 427 2955 et
460 2911 554 2957 Cic.
587 2929 654 2971 pr.
691 2914 815 2957 dom.
851 2912 983 2956 c.13.

83 2972 147 3018 ld.
190 2972 244 3015 ad
290 2970 380 3013 Au.
425 2973 492 3023 11,
534 2971 606 3014 20.
682 2969 775 3013 Liv.
807 2971 877 3020 27,
911 2970 983 3014 25.

82 3029 199 3074 Geli·
230 3028 293 3079 17,
322 3027 389 3070 ¹8·

136 3089 373 3131 decidaese.
435 3085 511 3130 Sic
545 3086 645 3129 cod.
669 3086 768 3130 MS.
805 3095 848 3130 ct
882 3086 982 3130 edd.

81 3143 183 3188 Ber.
220 3142 361 3187 Rhe-n.
402 3143 503 3187 Ald.
544 3143 661 3203 Lips.
701 3142 823 3188 1574.
861 3149 979 3187 reci-

80 3205 203 3246 disse
236 3201 336 3245 edd.
371 3201 492 3258 Lips.
524 3202 823 3260 posteriores,
852 3201 978 3246 Pich.

82 3259 216 3304 Grut.
249 3274 350 3317 sqq.
397 3274 534 3318 usque
571 3260 625 3303 ad
663 3260 752 3304 lac.
789 3259 977 3303 Grono-

79 3320 231 3369 vium,
264 3315 338 3373 qui
362 3317 550 3360 restituit
571 3326 769 3362 veterem
791 3317 995 3376 scriptu-u

79 3392 190 3420 ran».
251 3372 404 3418 Recte.
466 3373 579 3420 Nau·
608 3377 821 3420 reca‘ame
848 3374 981 3434 signi-

79 3433 181 3477 ficat
213 3431 266 3475 ad
336 3431 538 3476 ristinam
570 3434 869 3479 calamitatem
915 3449 982 3476 re-

79 3490 224 3534 diisse.
272 3507 294 3532 c
319 3522 328 3532 .
354 3487 478 3536 Suet.
509 3489 592 3535 tut.
631 3507 670 3537 c.
697 3490 763 3535 17.
798 3492 983 3535 Recidit

79 3562 242 3591 rursus
263 3547 312 3591 in
332 3548 582 3591 discrimen
602 3550 733 3593 aliud
747 3566 759 3600 ;
788 3564 980 3605 namque

162 3614 407 3666 TAcvrcs
448 3614 488 3663 l.

1060 1756 1186 1816 peius
1218 1756 1382 1801 innuit.
1425 1758 1485 1803 cf.
1520 1759 1645 1805 Suet.
1671 1759 1831 1807 Claud.
1857 1780 1896 1809 c.
1917 1763 1964 1808 9.

1061 1819 1127 1858 ad
1147 1829 1229 1858 eas
1249 1816 1324 1862 rei
1332 1816 1598 1872 familiar-123
1620 1822 1871 1875 angustias
1889 1826 1968 1865 de·

1062 1871 1192 1916 cidit:
1236 1874 1359 1931 quod
1396 1874 1665 1935 interpretes
1701 1886 1860 1923 contra
1883 1879 1966 1924 Er·

1061 1930 1256 1973 uestium
1281 1930 1342 1974 ibi
1367 1931 1481 1976 bene
1503 1940 1707 1978 tuentur.
1767 1935 1863 1980 Nec
1881 1938 1964 1981 ab·

1061 1989 1199 2031 surde
1231 1988 1534 2046 Baumgarten
1550 1986 1785 2036 -Crusiusx
1809 1993 1969 2042 scribit

1062 2049 1270 2088 decidere
1299 2047 1519 2090 adiectam
1546 2048 1710 2094 habere
1733 2050 1846 2104 loci,
1886 2067 1968 2095 re-

1061 2105 1214 2147 cidere
1234 2104 1452 2162 temporis
1472 2106 1724 2153 notionem.

1055 2163 1321 2272 22'ausqm‘cia
1344 2164 1532 2206 saltem.
1588 2162 1758 2210 Lucem
1781 2165 1857 2212 dat
1867 2166 1965 2217 Liv.

1115 2280 1289 2320 bellum
1311 2279 1494 2322 scilicet.
1555 2277 1762 2339 intellige
1783 2295 1880 2326 esse
1898 2284 1967 2340 (es

1055 2336 1131 2378 sci
1178 2337 1306 2378 wohl
1347 2335 1532 2394 Krieg).
1613 2337 1762 2396 Aegre
1798 2339 1966 2394 ferunt,

1056 2393 1182 2452 quod
1206 2393 1253 2435 in
1286 2401 1407 2437 tanta
1443 2409 1596 2438 rerum
1627 2397 1967 2455 tranquillitate,

1058 2468 1142 2496 nec
1163 2450 1252 2494 ulla
1274 2451 1498 2495 absentiae
1522 2453 1782 2497 necessitate
1812 2453 1859 2500 in
1892 2472 1967 2499 ur·

1056 2510 1160 2552 bem
1210 2509 1360 2552 venire
1408 2510 1619 2568 negligat.
1699 2510 1968 2557 Delectatur

1057 2567 1224 2611 Noster
1249 2581 1297 2608 ea
1321 2566 1536 2611 brevitate
1560 2566 1754 2612 dicendi.
1794 2568 1967 2641 αἰζηοί.
1995 2590 1998 2596 ’
2047 2591 2050 2601 ·

1057 2624 1112 2668 ad
1141 2626 1183 2675 2,
1214 2623 1289 2668 82.
1373 2622 1441 2666 Ne
1480 2623 1617 2685 igitur
1659 2626 1836 2677 audias,
1951 2636 1987 2673 ι’

1059 2698 1164 2725 cum
1188 2679 1341 2739 Lipsio
1366 2690 1543 2724 mutant
1566 2684 1740 2726 bellum
1772 2680 1819 2727 in
1844 2686 1902 2728 be
1915 2689 1965 2731 10

1059 2738 1127 2782 vel
1149 2753 1253 2783 cum
1268 2737 1452 2780 Heinsio
1472 2740 1743 2785 emendant:
1773 2742 1968 2788 diversa

1059 2803 1299 2838 terrarum
1344 2797 1582 2841 dalecinere.
1663 2796 1788 2843 Male
1831 2800 1968 2847 etiani

1059 2850 1262 2896 Rieklefs
1305 2852 1358 2895 ad
1403 2854 1576 2897 bellum
1617 2856 1794 2900 scilicet
1833 2873 1859 2902 e
1898 2874 1966 2904 se-

1057 2910 1300 2970 quentibus
1324 2909 1531 2970 intelligit
1557 2927 1664 2955 eum
1697 2927 1798 2961 non
1831 2918 1966 2962 datm·-

1056 2983 1170 3012 nere
1183 2985 1197 3019 ;
1244 2967 1368 3026 peius
1402 2967 1617 3027 Ruperti,
1668 2972 1746 3032 qui
1789 2970 1967 3021 belffim

1057 3026 1273 3070 adiective
1298 3026 1493 3084 positum
1518 3025 1681 3087 accipit
1706 3038 1747 3074 et
1804 3046 1854 3075 ro
1880 3023 1967 3076 but

1057 3083 1283 3127 substituit.
1321 3085 1478 3136 haurn
1519 3087 1712 3144 pessime
1788 3088 1965 3142 rullius,

1057 3143 1132 3200 qui
1169 3141 1322 3200 ponit:
1372 3141 1516 3185 Illum
1545 3146 1711 3188 scillcet
1743 3146 1873 3190 haud
1908 3174 1967 3185 -·-

1054 3199 1278 3244 distineri.

1111 3273 1217 3301 cum
1238 3258 1472 3302 maxime.
1534 3257 1610 3304 Sic
1627 3258 1729 3304 cod.
1742 3260 1846 3305 MS.
1862 3261 1964 3307 edd.

1056 3315 1242 3361 Pichen.
1276 3330 1327 3375 sq
1364 3345 1375 3359 .
1411 3317 1627 3362 suadente
1663 3316 1882 3362 Rhenano
1917 3320 1964 3363 in

1055 3374 1271 3432 castigatt.
1374 3373 1448 3418 dd.
1490 3373 1594 3420 Ber.
1618 3374 1820 3420 Rhenan.
1858 3376 1963 3422 Ald-

1055 3447 1155 3491 sqq.
1184 3439 1285 3474 tum
1317 3434 1545 3479 maxime.
1592 3432 1651 3477 cf.
1691 3430 1962 3478 Ramshorn.

1057 3489 1140 3534 Gr.
1174 3505 1220 3548 p.
1244 3486 1345 3534 319.
1409 3489 1532 3534 ldem
1560 3489 1717 3534 vitium
1750 3490 1965 3552 frequens

1057 3555 1122 3591 est
1145 3546 1190 3591 in
1215 3554 1326 3593 vett.
1354 3546 1495 3592 tibris.
1540 3546 1597 3592 cf.
1624 3548 1666 3596 4,
1688 3547 1760 3592 27.
1883 3563 1885 3566 ’

1223 3609 1266 3666 ὃ
