2222 4030
286 187 430 247 264

974 176 1492 255 ANNALIUM

293 316 543 386 cuncta,
593 314 727 393 quis
763 314 1012 390 pecunia
1044 315 1394 392 prodigitur.

1840 185 1890 220 A.
1911 185 1964 221 U.
1989 186 2072 220 775.

1825 226 1892 264 ‘'A.
1919 228 1966 265 C.
2011 231 2072 264 22.

1494 313 1612 372 Sed
1661 316 1776 373 alia
1823 324 2164 397 sumptuum

304 400 574 479 quamvis
609 400 880 475 graviora
918 400 1300 458 dissimulatis
1336 400 1685 477 plerumque
1719 405 1926 477 pretiis
1964 407 2164 463 occul-

302 488 605 544 tabantur:
648 486 873 544 ventris
910 499 965 545 et
998 506 1211 561 ganeae
1239 495 1477 559 paratus
1501 485 1764 542 adsiduis
1790 491 2163 548 sermonibus

274 570 529 646 ,vulgati
557 571 815 628 fecerant
853 592 1079 640 curam,
1130 589 1204 625 ne
1240 569 1514 644 princeps
1556 571 1832 648 antiquae
1868 575 2164 650 parcimo-

302 656 438 714 uiae
475 655 683 713 durius
721 657 1065 714 adverteret.

1169 651 1324 710 Nam
1356 655 1676 743 incipiente
1712 655 1778 718 C.
1810 657 2030 717 Bibulo
2067 679 2164 718 ce—
2208 728 2216 731 Α

297 742 417 800 ,teri
453 739 689 818 quoque
725 741 942 799 aediles
971 741 1368 797 disseruerant
1394 742 1594 815 sperni
1619 745 2045 819 sumptuariam
2074 746 2164 801 le-

302 845 434 901 gem
455 826 750 904 vetitaque
778 825 1124 882 utensilium
1145 825 1334 900 pretia
1368 827 1570 900 augeri
1603 828 1670 883 in
1703 828 1855 886 dies:
1896 850 2005 886 nec
2037 850 2165 886 me-

302 911 604 970 diocribus
655 911 930 968 remediis
975 909 1102 967 sisti
1147 929 1335 984 posse.

299 1008 530 1072 tegrum
557 997 622 1053 id
647 996 948 1070 negotium
985 995 1062 1052 ad
1093 994 1426 1071 principem
1454 995 1822 1058 distulerant.

1434 923 1490 969 et
1534 913 1790 970 consulti
1832 927 2027 990 patres
2066 915 2164 970 in-

1909 999 2028 1058 Sed
2052 998 2163 1057 Ti-

297 1081 500 1140 berius
528 1102 696 1157 saepe
723 1081 881 1155 apud
907 1100 969 1136 se
991 1080 1282 1156 pensitato
1323 1100 1401 1136 an
1438 1082 1694 1138 coerceri
1730 1094 1852 1140 tam
1889 1086 2164 1160 profusae

299 1167 605 1243 cupidines
648 1165 928 1241 possent?
991 1185 1141 1223 num
1176 1165 1450 1223 coercitio
1491 1167 1627 1242 plus
1676 1167 1879 1240 dam-ni
1924 1169 1991 1224 in
2037 1190 2164 1226 rem

282 1252 597 1329 *publicam
620 1251 838 1308 ferret?
901 1271 1080 1327 quam
1105 1251 1454 1307 indecorum
1482 1263 1815 1324 attrectare,
1852 1255 2012 1330 quod
2037 1275 2163 1311 non

299 1337 623 1406 obtineret,
676 1337 774 1393 vel
812 1348 1109 1394 retentum
1145 1337 1534 1410 ignominiam
1571 1350 1629 1395 et
1660 1338 1967 1399 infamiam
2001 1339 2165 1397 viro-

296 1443 432 1480 rum
466 1422 808 1480 inlustrium
843 1433 1133 1498 posceret:
1186 1433 1482 1497 postremo
1519 1423 1742 1481 litteras
1783 1425 1853 1480 ad
1895 1436 2165 1483 senatum

299 1507 659 1583 composuit,
696 1528 950 1586 quarum
973 1507 1262 1564 sententia
1286 1507 1351 1563 in
1378 1503 1539 1566 hunc
1565 1509 1813 1567 modum
1840 1510 1971 1569 fuit.

463 1633 632 1696 LIII.
698 1633 969 1707 „Ceteris
1007 1637 1256 1694 forsitan
1293 1637 1359 1693 in
1392 1636 1571 1694 rebus
1615 1635 1712 1698 .Ρ.
1742 1636 1810 1698 C.
1843 1639 2028 1714 magis
2064 1659 2166 1696 ex·-

295 1721 539 1796 ‚,pediat
570 1742 664 1778 me
686 1743 900 1779 coram
936 1722 1288 1796 interrogari
1321 1733 1378 1780 et
1415 1722 1638 1792 dicere,
1692 1724 1839 1800 quid
1881 1745 1911 1781 e
1946 1746 2009 1781 re
2049 1745 2164 1801 pu-

295 1806 497 1877 „blica
535 1827 830 1865 censeam:
881 1807 947 1864 in
981 1804 1092 1864 hac
1131 1808 1419 1864 relatione
1454 1804 1725 1866 subtrahi
1765 1810 1967 1867 oculos
1999 1829 2164 1867 meos

293 1891 556 1962 „melius
592 1893 733 1963 fuit,
776 1914 852 1950 ne
889 1893 1308 1951 denotantibus
1344 1893 1514 1951 vobis
1545 1914 1647 1951 ora
1684 1915 1751 1951 ac
1782 1906 2009 1953 metum
2039 1896 2165 1952 sin-

295 1977 650 2051 ‚,gulorum,
694 1979 799 2055 qui
839 1979 1107 2056 pudendi
1142 1980 1316 2037 luxus
1355 1991 1777 2053 arguerentur,
1819 1981 1946 2058 ipse
1987 1981 2164 2039 etiam

352 2210 456 2252 alia
478 2218 768 2265 sumptuum.
830 2210 1013 2269 Spectat
1038 2211 1094 2254 ad
1119 2227 1191 2256 ve·

288 2265 532 2316 'stimentffi
562 2267 759 2325 picturas
784 2275 868 2313 etc.

353 2325 682 2368 dissimulatis.
742 2325 820 2367 Sic
852 2325 953 2368 edd.
986 2325 1190 2370 Rhenan.

295 2397 402 2440 sqq.
435 2383 726 2425 dissimilatis
747 2381 1041 2425 ed.Beroald.
1091 2384 1192 2426 Vid.

297 2448 395 2483 not.
445 2439 502 2482 ad
550 2442 598 2491 1,
631 2440 704 2483 28.
749 2439 832 2482 sub
877 2440 1018 2485 verbo
1063 2442 1193 2482 adsi-

296 2498 509 2540 mulans.
795 2501 797 2505 ⁴

353 2556 531 2598 ventris
575 2561 618 2597 et
658 2568 854 2609 ganeae.

297 2611 357 2656 cf.
380 2611 518 2656 Roth.
552 2628 595 2670 p.
616 2612 661 2655 8.

348 2671 687 2725 parcimoniae.
729 2667 806 2714 Sic
823 2668 923 2713 edd.
936 2669 976 2712 R
997 2669 1079 2714 *cle
1095 2686 1193 2729 sqq.

290 2729 614 2827 ρανῗξῖζζοηιὶιε
639 2726 738 2771 edd.
757 2736 859 2771 ante
872 2686 1099 2788 Ryclium
1121 2729 1195 2773 hic

296 2792 342 2828 et
365 2801 389 2827 a
409 2801 420 2826 ι
457 2801 489 2828 ι.

355 2845 637 2885 adverteret.
697 2840 764 2886 Ut
786 2842 828 2894 4,
847 2842 916 2886 35.
946 2843 988 2891 2,
1008 2842 1078 2886 32.

351 2901 703 2956 sumptuariam
739 2902 902 2954 legem.
973 2900 1034 2944 cf.
1077 2899 1193 2944 Gell.

295 2956 339 3009 2,
357 2956 430 3000 24.
490 2956 675 3000 Sueton.
695 2955 858 3003 Oetav.
885 2974 924 3001 c.
946 2959 1018 3002 34.
1044 2966 1087 3000 et
1111 2958 1194 3001 lul.

298 3028 338 3057 c.
362 3014 435 3057 43.
495 3013 586 3057 Dio
613 3014 682 3066 54,
708 3014 735 3055 2
761 3023 804 3058 et
826 3016 896 3059 16.

353 3072 592 3127 vetitaque
623 3073 895 3115 utensilium
925 3074 1080 3128 pretia
1104 3088 1197 3114 au·-

297 3129 410 3184 geri.
469 3129 540 3171 De
563 3130 834 3185 utensilibus
857 3130 918 3175 cf.
947 3133 986 3179 1,
1010 3131 1082 3173 70.
1109 3130 1193 3173 ibi·

299 3202 388 3244 que
405 3194 500 3228 not.
545 3186 664 3230 LFr.
679 3187 946 3232 Gronovius
967 3188 1099 3231 huius
1121 3188 1195 3230 lo-

299 3243 343 3287 ci
365 3243 632 3286 sententiam
658 3245 892 3289 constituit
918 3245 1074 3289 talem:
1108 3245 1194 3297 „in

301 3299 468 3344 cibaria
485 3308 528 3342 et
552 3302 762 3347 convivia
796 3302 895 3361 plus
921 3304 1112 3360 plusque
1146 3302 1194 3344 in

300 3357 418 3408 dies,
451 3372 584 3415 quarn
608 3372 874 3403 concessum
905 3362 984 3411 sit,
1023 3361 1194 3418 impen-

300 3414 404 3457 di.'’
463 3414 550 3459 Sed
574 3416 709 3460 verba
731 3415 860 3460 illum
891 3435 1072 3462 sensum
1101 3433 1195 3460 non

300 3472 476 3523 serunt,
507 3489 619 3531 quae
640 3473 789 3531 potius
809 3475 904 3519 acci
939 3475 1069 3519 ienda
1091 3483 1196 3518 sunt

301 3528 356 3572 de
383 3544 579 3574 annona
609 3532 806 3574 macelli.
868 3548 893 3575 c
915 3565 926 3577 .
951 3533 1071 3576 Suet.
1093 3532 1194 3576 Tib.

934 2554 1191 2614 Synonym.

1233 2222 1235 2225 ’
1265 2227 1304 2254 c.
1328 2210 1398 2254 34.
1428 2225 1764 2268 annonamque
1796 2212 1986 2255 macelli
2016 2227 2164 2256 sena·

1265 2277 1342 2313 tus
1360 2270 1599 2312 arbitratu
1619 2271 1866 2327 quotannis
1885 2278 2164 2326 temperan-

1265 2331 1396 2370 dam.

1324 2384 1550 2427 remediis
1578 2385 1695 2427 sisti.
1766 2383 1881 2428 Cod.
1919 2384 2021 2427 MS.
2061 2401 2160 2428 cor-

1266 2450 1398 2497 rupte
1420 2443 1622 2484 remedii
1648 2443 1738 2485 isti.
1797 2441 1934 2485 Unde
1965 2442 2164 2486 Piehena

1264 2498 1371 2542 fecit
1426 2500 1644 2541 remediis
1694 2501 1810 2542 sisti.
1912 2499 2163 2543 Familiaris

1265 2554 1385 2599 enim
1418 2555 1579 2599 Tacito
1623 2556 1697 2598 hic
1730 2572 1836 2599 usus
1876 2557 2004 2600 verbi
2044 2559 2160 2600 sisti.

1266 2612 1325 2656 cf.
1362 2613 1429 2665 14,
1456 2614 1524 2656 14.
1573 2612 1640 2665 15,
1665 2613 1739 2657 39.
1799 2612 1912 2656 Hist.
1941 2614 1984 2665 2,
2012 2615 2082 2657 11.
2122 2614 2162 2666 3,

1263 2669 1335 2714 71.
1394 2670 1517 2714 Libri
1548 2680 1652 2714 ante
1671 2669 1916 2725 Pichenam
1948 2671 2054 2714 editi
2082 2687 2161 2715 re-

1266 2730 1430 2772 mediis
1451 2729 1610 2772 resisti
1629 2744 1652 2770 a
1673 2726 1900 2771 Beroaldo
1922 2727 2100 2772 habent.

1324 2787 1561 2828 obtineret.
1621 2783 1700 2829 Sic
1724 2784 1825 2829 cod.
1842 2784 1945 2829 MS.
1970 2780 2161 2831 edd.Be-
2215 2806 2219 2810 ·

1264 2843 1409 2887 roald.
1462 2842 1553 2886 Iac.
1587 2841 1796 2886 Gronov.
1847 2841 2025 2887 Ernest.
2061 2861 2161 2903 sqq.

1267 2902 1558 2943 obtineretur
1597 2901 1698 2944 edd.
1733 2898 1876 2942 Rhen.
1911 2916 2008 2958 sqq.
2068 2903 2161 2945 Pro

1265 2966 1500 3002 retentum
1533 2958 1602 3002 ed.
1624 2958 1727 3002 Ber.
1748 2957 1909 3005 vitiose
1931 2957 2062 3002 habet
2083 2975 2164 3003 re-

1267 3024 1468 3059 centum.

1326 3072 1438 3116 CAP.
1485 3071 1556 3117 53.
1638 3075 1969 3117 denotantibus
2016 3075 2160 3118 vobis.

1266 3131 1327 3175 cf.
1352 3130 1464 3188 Agr.
1497 3147 1537 3174 c.
1562 3130 1634 3173 45.
1666 3131 1950 3173 denotandis
1982 3139 2054 3174 tot
2081 3135 2161 3174 ho-

1266 3190 1448 3230 minum
1471 3190 1746 3242 palloribus.
1806 3185 2003 3232 Coniieit
2028 3188 2161 3233 Tibe-

1265 3245 1360 3288 rius
1394 3262 1440 3288 se
1477 3262 1526 3288 ex
1553 3253 1733 3303 patrum
1770 3243 2062 3290 denotatione
2089 3263 2162 3290 eo·

1264 3318 1454 3359 rumque
1483 3302 1628 3345 oculis
1657 3302 1928 3347 observandi
1959 3320 2091 3348 causa
2115 3305 2178 3354 in,

1264 3361 1386 3403 hune
1406 3358 1592 3402 illumve
1609 3359 1761 3403 defixis
1779 3359 2172 3417 deprehensus-uva

1267 3434 1361 3460 esse
1381 3425 1610 3461 nocentes.
1668 3417 1866 3476 Simplex
1888 3420 2179 3466 observandi

1266 3474 1560 3533 significatio,
1612 3491 1747 3533 quam
1781 3475 2015 3518 Ernestius
2056 3475 2171 3529 hnic

1268 3532 1408 3577 verbo
1437 3532 1662 3584 vindicat.
1694 3548 1788 3575 non
1814 3530 1994 3578 sufficit.
