2222 4030
1812 129 1867 169 A.
1880 133 1933 170 U.
1954 134 2044 170 780.

1818 177 1867 213 A.
1889 177 1936 215 C.
1975 181 2040 217 27.

927 131 1449 194 ANNALIUM

442 262 658 326 LXIV.
717 261 1001 322 Nondum
1049 285 1117 322 ea
1165 264 1358 322 clades
1397 262 1755 337 exoleverat,
1808 288 1945 328 cum
1981 268 2137 350 ignis

272 351 558 411 violentia
592 351 804 407 urbem
836 350 994 408 ultra
1027 350 1266 406 solitum
1294 348 1964 420 adfecitrde'ustomonte
1986 351 2137 411 Cae-

271 440 385 496 lio:
447 436 808 510 feralemque
851 455 1077 491 annum
1122 433 1392 489 serebant
1439 444 1495 490 et
1533 435 1837 494 ominibus
1874 439 2136 497 adversis

270 532 605 596 susceptum
627 519 886 597 principi
908 518 1221 576 consilium
1246 518 1574 589 absentiae,
1631 521 1738 597 qui
1772 542 1903 585 mos
1937 523 2135 597 vulg0‚

269 607 513 666 fortuita
537 606 613 662 ad
636 606 869 680 culpam
892 600 1215 672 trahente5‚
1258 603 1325 658 ni
1348 601 1563 660 Caesar
1588 606 1827 694 obyiam
1855 607 1992 665 isset
2027 609 2138 666 tri-

269 693 508 751 buendo
534 690 813 767 pecunias
839 710 905 746 ex
926 687 1104 743 modo
1133 687 1494 749 detrimenti.
1578 685 1879 769 Actaeque
1913 692 1969 748 ei
1992 712 2138 766 *gra-

271 790 358 836 tes
395 776 554 852 apud
590 787 854 832 senatum
881 774 953 828 ab
980 772 1330 828 inlustribus
1353 774 1624 852 famaque
1651 780 1808 851 apud
1833 779 2137 852 populum,

274 862 415 940 quia
449 862 575 918 sine
618 860 938 916 ambitione
982 867 1085 913 aut
1126 857 1535 932 proximorum
1577 862 1850 936 precibus
1903 864 2137 936 ignotos

275 948 453 1005 etiam
492 957 549 1004 et
593 946 751 1003 ultro
800 942 1013 998 accitos
1058 942 1461 1000 munificentia
1504 944 1750 1007 iuverat.
1836 947 2138 1005 adduntur

270 1032 590 1090 sententiae
607 1076 624 1100 ,
665 1040 730 1086 ut
754 1047 927 1083 mons
952 1025 1186 1084 Caelius
1208 1027 1272 1083 in
1294 1039 1594 1102 posterum
1609 1026 1910 1104 Augustus
1932 1033 2136 1107 appel-

271 1119 519 1187 latetur,
565 1114 800 1191 quando
837 1112 1062 1169 cunctis
1096 1113 1318 1169 circum
1341 1113 1726 1186 flagrantibus
1754 1117 1878 1173 sola
1906 1114 2137 1174 Tiberii

271 1203 488 1277 effigies
523 1202 631 1256 sita
664 1199 728 1254 in
762 1199 939 1254 domo
972 1194 1134 1254 Iunii
1173 1199 1460 1255 senatoris
1490 1199 1775 1258 inviolata
1808 1202 2135 1264 mansisset.

272 1288 532 1347 evenisse
560 1285 622 1340 id
658 1283 803 1341 olim
824 1280 1106 1340 Claudiae
1129 1280 1421 1354 Quintae,
1470 1285 1710 1363 eiusque
1738 1298 1987 1344 statuam
2010 1288 2135 1344 vim

271 1373 499 1448 ignium
540 1370 631 1426 bis
675 1369 932 1444 elapsam
976 1368 1231 1425 maiores
1277 1370 1436 1444 apud
1471 1372 1675 1428 aedem
1711 1370 1924 1430 Matris
1957 1373 2136 1430 deum

269 1453 713 1517 consecravisse.
800 1463 1030 1510 sanctos
1050 1465 1431 1531 acceptosque
1454 1457 1803 1514 numinibus
1825 1456 2133 1516 Claudios:

270 1555 329 1601 et
354 1541 682 1616 augendam
712 1538 1130 1595 caerimoniam
1156 1539 1314 1609 loc0‚
1358 1539 1424 1597 in
1446 1561 1563 1619 quo
1599 1553 1830 1601 tantum
1868 1543 1932 1599 in
1965 1544 2135 1620 prin-

269 1629 458 1705 cipem
489 1622 778 1713 honorem
804 1624 891 1680 dii
917 1625 1312 1686 ostenderent.

275 135 398 198 352

435 1734 622 1800 LXV.
666 1733 845 1793 Haud
879 1734 1060 1794 suerit
1091 1736 1418 1795 absurdum
1451 1738 1682 1796 tradere
1710 1749 1973 1797 montem
2000 1757 2137 1798 eum

269 1822 596 1902 antiquitus
623 1819 1177 1899 Querquetulanum
1200 1835 1586 1898 cognomento
1613 1825 1822 1896 fuisse,
1865 1827 2026 1903 q'uod
2045 1837 2136 1884 ta-

268 2047 340 2100 83,
369 2047 413 2091 2.
447 2044 493 2088 T
489 2044 620 2087 iberia·
639 2043 907 2097 principata
936 2044 1166 2086 constitu-

270 2116 371 2150 tum
387 2137 398 2155 ,
437 2118 497 2145 ne
527 2103 604 2145 cui
627 2104 695 2143 ius
719 2108 841 2142 esset
864 2101 1036 2155 equitis
1058 2101 1166 2144 Ro-

267 2163 405 2207 mani
432 2161 523 2203 nisi
549 2160 625 2202 cui
652 2157 856 2211 ingenuo
889 2159 1002 2212 ipsi,
1032 2160 1170 2214 patri

268 2233 449 2276 avoque
493 2224 696 2271 paterno
747 2216 961 2258 sestertia
1015 2215 1170 2260 CCCC

268 2275 632 2332 censussuisset.
693 2271 881 2315 Sueton.
908 2270 991 2314 lul.
1020 2289 1060 2317 c.
1089 2272 1162 2318 33.

267 2335 390 2379 Plin.
423 2349 491 2391 ep.
525 2333 564 2383 l,
594 2329 660 2374 19.
729 2327 824 2371 Nec
860 2328 915 2371 ad
948 2328 1167 2373 damnum

267 2387 692 2437 reficiendum‘S.C.
717 2385 959 2444 spectavit.
998 2386 1076 2429 sed
1109 2403 1167 2430 ne

268 2449 369 2509 quis
387 2447 434 2489 in
456 2445 685 2488 sordidam
705 2442 960 2488 mercedem
981 2443 1069 2487 tale
1091 2460 1166 2487 ne·

235 2525 239 2527 ·
265 2507 438 2568 gotium
460 2508 711 2561 quaereret.

323 2563 435 2608 CAP.
459 2562 532 2605 64.
576 2575 679 2602 cum
712 2557 837 2612 ignis
863 2589 876 2602 .
900 2589 911 2603 .
932 2589 944 2603 .
973 2559 1163 2616 adfecit.

265 2621 328 2666 cs.
362 2620 549 2663 Sueton.
581 2617 686 2660 Tib.
722 2631 763 2659 c.
795 2615 868 2659 48.
930 2616 1089 2660 Vellei.
1124 2618 1165 2669 2,

270 2680 369 2724 130.

323 2736 380 2779 ni
399 2733 574 2778 Caesar
595 2732 778 2774 obm’am
800 2731 922 2775 isset.
980 2731 1040 2774 cf.
1064 2740 1161 2774 not.

265 2795 320 2840 ad
344 2790 463 2845 1,85.
523 2789 610 2833 Hie
632 2804 812 2845 quoque
826 2787 1009 2833 Tacitus
1032 2790 1164 2832 omit·

264 2853 316 2894 tit
333 2883 346 2901 ‚
377 2863 491 2907 quae
512 2846 700 2905 intelligi
724 2856 911 2904 possunt
936 2856 1037 2904 post
1063 2856 1160 2890 tra-

266 2913 447 2963 hentes,
499 2903 696 2962 „vulgus
727 2919 906 2946 summo
942 2905 1048 2947 odio
1077 2903 1161 2947 ad-

264 2981 421 3013 versus
466 2962 715 3023 principem
750 2977 936 3004 usurum
971 2961 1163 3011 suisse”,

265 3024 312 3067 ni
337 3032 422 3066 etc.
481 3019 640 3063 Simile
663 3019 916 3077 exemplum
941 3018 1029 3061 vid.
1056 3019 1161 3063 infr.

265 3082 307 3132 6,
319 3081 362 3124 9.
383 3081 436 3121 ni
448 3078 605 3120 Celsus
629 3108 640 3119 .
655 3108 666 3119 .
681 3108 692 3119 .
716 3077 982 3119 exemisset.
1010 3077 1077 3126 12,
1091 3077 1161 3121 42.

270 3138 338 3187 16,
362 3135 438 3178 28.
771 3147 780 3155 ·

325 3192 547 3238 Claudiae
563 3189 778 3248 Quintae.
839 3188 917 3233 Sic
939 3190 1042 3234 eod.
1056 3190 1160 3234 MS.

269 3259 367 3296 test.
418 3247 637 3298 Pichena,

268 3327 282 3351 (
300 3311 421 3353 uinta
443 3305 635 3349 filiarum
660 3304 792 3362 Appii
817 3303 1007 3348 Claudii.
1067 3305 1162 3348 Cic.

269 3327 364 3409 bat.
389 3383 429 3409 c.
456 3365 523 3406 11.
585 3361 712 3404 Olim
736 3370 917 3406 auctore
940 3362 1162 3406 Beroaldo

268 3423 535 3488 vulgabatur
559 3419 785 3521 quintine
806 3419 875 3463 vel
904 3418 1163 3477 Quinctiae.

269 3481 341 3526 De
361 3497 410 3525 re
433 3477 493 3526 cs.
519 3479 582 3522 Va
603 3491 668 3520 er·
694 3475 813 3520 Max.
839 3479 876 3528 l,
899 3478 938 3529 8,
964 3479 1031 3521 11.

1295 2045 1365 2089 bls
1386 2046 1615 2100 elapsam.
1677 2045 1764 2090 An.
1788 2061 1832 2091 u.
1856 2044 1941 2091 648
1967 2054 2009 2091 et
2030 2045 2132 2090 756.

1237 2101 1297 2147 cf.
1324 2102 1473 2146 valer.
1500 2102 1530 2146 l.
1555 2101 1584 2145 l.

1292 2186 1644 2230 caerimoniam.
1703 2183 1853 2231 Intell.
1879 2188 1932 2231 de
1963 2188 2131 2231 sancti-

1236 2251 1347 2296 tate,
1389 2251 1438 2286 ut
1469 2243 1575 2287 infr.
1606 2244 1674 2295 14,
1694 2243 1765 2287 22.
1796 2246 2134 2289 caerimoniam

1240 2303 1328 2344 loci
1355 2316 1548 2355 corpore
1591 2304 1687 2344 loto
1722 2303 1962 2357 polluisse.
2032 2303 2130 2352 Cic.

1237 2375 1308 2416 pr.
1330 2358 1467 2403 Rosc.
1492 2359 1599 2403 Am.
1622 2358 1695 2403 39.
1755 2359 1889 2404 Tusc.
1914 2362 1953 2414 1,
1978 2362 2045 2406 12.

1294 2445 1603 2486 ostenderent.
1663 2443 1739 2488 Sic
1768 2443 1870 2486 edd.
1900 2443 2005 2487 Ber.
2032 2444 2132 2494 Alc.

1236 2498 1435 2542 Rhe-nan.
1453 2499 1558 2542 Ald.
1575 2499 1672 2544 Mic
1707 2501 1752 2543 ll.
1778 2516 1879 2557 sqq.
1903 2500 2019 2545 haud
2044 2502 2130 2544 du-

1236 2557 1309 2599 bie
1337 2573 1360 2599 e
1385 2557 1484 2600 cod.
1510 2555 1614 2600 MS.
1730 2573 1784 2600 ox
1810 2574 1833 2600 a
1858 2558 1904 2600 Li
1940 2559 2005 2602 sio
2030 2559 2129 2602 edi-

1236 2622 1333 2657 tum
1359 2624 1424 2656 est
1443 2615 1750 2664 ostenderint,
1789 2615 1874 2658 nisi
1906 2573 2068 2670 fallor,
2106 2634 2132 2663 e

1236 2671 1513 2714 coniectura.
1598 2671 1773 2715 Tacent
1822 2672 1943 2717 enim
1985 2675 2130 2718 inter-

1235 2736 1406 2787 pretes,
1441 2745 1527 2772 nec
1557 2728 1792 2786 quisquam
1822 2729 1876 2773 de
1903 2731 2006 2776 eod.
2028 2732 2132 2777 MS.

1235 2786 1348 2844 quid
1396 2784 1610 2844 prodidit.
1700 2787 1886 2831 Revoco
1936 2798 2131 2835 veterem

1235 2845 1526 2903 scripturan13
1566 2860 1669 2887 nam
1699 2859 1846 2888 sermo
1870 2853 1933 2888 est
1957 2861 2052 2889 non
2075 2847 2131 2891 de

1235 2918 1285 2944 re
1305 2902 1419 2944 facta
1442 2901 1582 2958 (quod
1602 2901 1864 2960 exprimitur
1884 2902 1964 2961 per
1979 2912 2130 2947 osten·

1233 2961 1434 3014 derint),
1473 2958 1550 3001 sed
1585 2959 1639 3002 de
1673 2975 1722 3002 re
1753 2959 1962 3004 diuturna
1996 2961 2055 3016 (h.
2087 2979 2128 3007 e.

1235 3018 1565 3072 ostenderent).
1627 3017 1868 3074 Supererat
1899 3019 2019 3061 enim
2043 3019 2126 3061 Ti-

1233 3073 1346 3117 berii
1370 3072 1539 3131 effigies
1561 3075 1661 3131 igne
1682 3073 1893 3118 inviolata
1916 3077 2128 3120 cerneba-

1233 3140 1397 3188 turque
1433 3139 1480 3172 ut
1512 3129 1689 3189 signum
1727 3129 1838 3173 tanti
1874 3131 1922 3174 in
1951 3133 2126 3191 princi·

1232 3205 1335 3246 pem
1366 3187 1570 3231 honoris.
1630 3188 1707 3231 Sic
1742 3190 1778 3239 1,
1816 3188 1882 3230 16.
1918 3197 2130 3234 mutatas

706 3257 755 3290 ut
808 3248 1054 3304 cogitemus
1106 3248 1161 3290 de
1229 3247 1447 3302 princeps
1467 3246 1704 3288 licentiam
1728 3247 1976 3290 turbarum
2001 3255 2046 3290 et
2067 3264 2129 3291 ex

1233 3304 1485 3346 civilibello
1502 3316 1631 3358 spem
1641 3304 1965 3358 praemiorum
1982 3313 2131 3349 osten·

1235 3363 1392 3403 debat.
1454 3358 1522 3407 18,
1565 3359 1633 3403 35.
1675 3363 1866 3403 laudem
1905 3366 2127 3412 strenuis,

1236 3418 1460 3461 solatium
1530 3418 1746 3460 invalidis
1767 3449 1780 3467 ,

1237 3475 1447 3519 omnihus
1472 3478 1735 3520 ostendere.

1855 3423 2127 3475 exemplum
