2222 4030
1803 181 1853 216 A.
1881 181 1931 217 U.
1946 181 2029 217 786.

1807 223 1859 259 A.
1878 224 1925 261 C.
1969 227 2030 259 33.

251 191 375 254 404
458 192 463 195 ·
920 181 1427 277 ANNALIUM

255 322 580 400 parietibus
624 317 960 375 ostenderet
997 326 1274 391 nepotem
1308 314 1420 370 sub
1454 314 1698 370 verbere
1738 304 2117 388 centurioni3‚

256 410 411 465 inter
460 423 768 461 servorum
825 402 1003 472 ictus,
1087 411 1343 456 extrema
1385 397 1540 455 ‘vitae
1582 399 1862 478 alimenta
1902 403 2117 462 frustra

258 503 545 550 orantem.

430 634 628 698 XXV.
668 635 953 695 Nondum
979 634 1029 688 is
1052 633 1228 689 dolor
1251 635 1583 693 exoleverat
1598 679 1616 706 ,
1647 651 1792 693 'cum
1814 637 1887 694 de
1900 631 2122 715 Agrip—

256 729 400 805 pina
434 723 732 792 auditum,
787 740 965 799 quam
1000 717 1305 775 interfecto
1345 718 1563 778 Seiano
1599 739 1699 796 spe
1739 733 2122 781 sustentatam

259 810 581 889 provixisse
603 827 766 878 reor,
810 818 865 862 et
886 814 1199 880 postquam
1223 800 1380 861 nihil
1403 806 1477 861 de
1507 807 1748 864 saevitia
1781 809 2123 866 remitteba-

258 889 384 966 tur,
425 895 729 952 voluntate
766 889 1140 958 exstinctam,
1181 888 1302 944 nisi
1337 889 1389 945 si
1420 891 1647 964 negatis
1683 892 1979 951 alimentis
2015 897 2123 952 ad-

261 981 571 1039 simulatus
640 988 725 1034 est
786 974 951 1044 finis,
1033 973 1139 1050 qui
1199 974 1501 1031 videretur
1566 987 1774 1051 sponte
1839 991 2124 1054 sumptus,

257 1067 557 1124 enimvero
604 1060 884 1119 Tiberius
930 1058 1286 1118 foedissimis
1340 1059 1856 1119 criminationibus
1913 1065 2126 1122 exarsit

255 1149 688 1228 impudicitiam
740 1163 992 1219 arguens
1046 1155 1104 1202 et
1152 1139 1437 1202 Asinium
1484 1142 1731 1204 Gallum
1783 1149 2126 1222 'adulterum

259 1237 502 1314 eiusque
525 1243 713 1290 morte
735 1231 810 1287 ad
832 1229 1096 1288 taedium
1120 1229 1277 1288 vitae
1304 1232 1689 1308 compulsam.
1772 1234 1879 1295 ,sed
1903 1229 2126 1310 Agrip-
2182 1243 2189 1247 ’

254 1323 415 1399 pina=
438 1317 611 1396 aequi
653 1315 997 1392 impatienS‚
1053 1315 1408 1372 dominandi
1444 1317 1618 1375 avida
1651 1317 1928 1376 virilibus
1968 1320 2127 1378 curis
2168 1315 2182 1327 ⁹

252 1407 609 1465 feminarum
643 1401 791 1459 vitia
823 1411 1078 1460 exuerat.
1173 1397 1410 1461 Eodem
1445 1403 1541 1460 die
1580 1404 1949 1476 defunctam,
2006 1427 2125 1483 quo

254 1491 497 1550 biennio
546 1498 682 1545 ante
722 1485 972 1546 Seianus
1010 1506 1232 1561 poenas
1279 1486 1515 1558 luisset,
1579 1490 2017 1567 memoriaeque
2061 1491 2126 1548 id

257 1575 633 1654 prodendum
680 1571 912 1629 addidit
949 1567 1192 1643 Caesar,
1267 1572 1620 1651 iactavitque
1662 1575 1827 1651 quod
1869 1595 1995 1632 non
2038 1577 2127 1634 la-

256 1682 407 1740 queo
463 1657 824 1732 strangulata
877 1676 1071 1733 neque
1125 1657 1191 1713 in
1253 1655 1578 1716 Gemonias
1631 1661 1894 1736 proiecta
1954 1662 2126 1723 foret.

254 1749 436 1805 Actae
473 1746 550 1802 oh
587 1743 651 1799 id
688 1753 880 1817 grates
921 1743 1371 1820 decretumque,
1411 1756 1479 1803 ut
1516 1745 1792 1822 quintum
1831 1747 2128 1805 decimum
2206 1761 2222 1828 Ἰ

253 1832 388 1892 Kal.
423 1829 809 1897 Novembris,
850 1827 1160 1906 utriusque
1199 1828 1361 1886 necis
1397 1830 1523 1902 die,
1565 1851 1672 1908 per
1707 1832 1902 1890 omnis
1938 1853 2128 1891 annos
2211 1862 2220 1866 ·

255 1920 482 1975 donum
506 1913 637 1972 Iovi
662 1924 1003 1975 sacraretur.

257 2149 376 2192 meis
422 2147 568 2190 oculis
616 2161 855 2204 quoquam
901 2149 1156 2189 demoveas

257 2215 381 2249 tuos.
442 2205 608 2248 Noster
632 2205 738 2249 infr.
771 2222 814 2249 c.
837 2205 907 2248 30.
941 2206 991 2247 in
1023 2205 1154 2247 insu-

257 2267 329 2306 las
355 2295 366 2306 .
385 2294 398 2307 .
416 2294 427 2306 .
447 2294 459 2306 .
483 2265 666 2304 demoti
691 2271 800 2304 sunt
829 2261 873 2306 h.
905 2278 944 2304 e.
983 2261 1038 2305 de
1072 2276 1156 2305 suo

258 2321 361 2365 loco
397 2335 492 2363 non
524 2318 710 2368 sublati,
750 2318 827 2362 sed
858 2319 904 2360 in
931 2319 1066 2361 alium
1090 2319 1156 2361 lo·

259 2393 366 2422 cum
402 2376 518 2420 moti
554 2383 674 2420 sunt.
736 2379 974 2419 dimovere
1005 2384 1158 2419 autem

1226 2143 1376 2191 indice
1410 2143 1641 2193 latinitatis
1671 2148 1716 2192 si
1735 2156 1840 2207 post
1869 2148 1966 2193 m'sz'
1987 2148 2127 2197 abun·

1227 2205 1334 2249 dare
1361 2203 1534 2255 dicunt.

1286 2316 1426 2373 aequi
1462 2318 1729 2372 impatiens.
1811 2319 2028 2376 Aequum
2062 2323 2130 2362 est

1229 2374 1432 2417 medium
1484 2374 1602 2419 inter
1641 2377 1860 2433 infimum
1912 2384 1953 2420 et
1996 2391 2128 2419 sum-

259 2434 479 2494 significat
541 2449 637 2476 non
699 2432 850 2476 solum
911 2432 966 2476 de
1030 2432 1161 2484 loen,

258 2492 338 2535 sed
390 2490 525 2535 etiam
576 2506 600 2534 e
651 2504 761 2534 cons
797 2498 900 2533 ectu
954 2504 1161 2539 movere,

259 2549 436 2593 tollere.
499 2547 596 2592 Cic.
633 2563 718 2605 pro
787 2563 879 2591 om.
915 2562 957 2591 c.
981 2546 1052 2589 26.
1085 2548 1161 2588 la-

259 2610 364 2650 bem
385 2622 416 2648 a
436 2620 488 2648 re
506 2607 692 2660 publica
713 2607 966 2647 dimovere.
1015 2602 1159 2662 Igitur

260 2668 506 2707 demovere
525 2664 731 2717 parietes
754 2671 819 2707 est
842 2664 916 2704 die
941 2659 1159 2703 Scheide-

259 2725 461 2771 τυᾶηιίιε»Κ
487 2719 776 2772 verriiclaeen3
822 2721 1063 2762 dimovere
1110 2734 1159 2773 p.
1191 2747 1195 2751 -

259 2781 337 2822 die
374 2779 478 2822 Sch.
522 2776 795 2833 entJ‘ernen,
853 2777 1162 2829 hinwegneh..

262 2850 386 2879 men.
444 2834 578 2879 Certe
599 2850 696 2888 non
719 2844 785 2879 est
808 2833 932 2892 quod
956 2841 1160 2877 veterum

262 2894 488 2937 librorum
512 2893 783 2951 scripturam
807 2906 1091 2951 spernamus.

322 3005 526 3049 Cin-25.
582 3004 862 3059 provixisse.
909 3000 1060 3055 εἈπαξ
1094 3008 1162 3048 λε-

262 3061 492 3124 γόμενον,
541 3069 771 3107 contextus
808 3062 979 3119 poscit,
1025 3070 1075 3105 ut
1106 3064 1163 3105 sit

264 3137 406 3181 porro
438 3120 603 3168 vivere.
670 3119 998 3161 Emendatione
1031 3121 1163 3163 absti-

266 3179 467 3223 nendum
511 3192 606 3219 esse
646 3191 836 3228 cense03
883 3192 992 3220 nam
1033 3176 1165 3220 habet

266 3238 432 3280 Noster
506 3233 725 3292 quaedam
807 3233 890 3276 sibi
965 3236 1163 3292 propria.

266 3291 594 3352 Wopkensius
626 3289 822 3335 coniecit
851 3291 1037 3345 primo,
1090 3293 1165 3333 vi·—

265 3366 410 3394 xzsse.

323 3464 498 3506 nisisi.
561 3442 783 3505 Vidmot.
806 3460 860 3504 ad
881 3461 1009 3510 263.
1053 3463 1157 3506 Per.

267 3536 419 3579 peram
462 3519 714 3563 Oberli-nus
760 3525 802 3563 et
836 3519 1069 3564 Naudetus
1109 3520 1157 3563 in

1231 2446 1380 2474 mum.
1443 2433 1503 2477 cf.
1528 2434 1569 2484 2,
1590 2432 1662 2477 42.
1723 2434 1843 2478 Hinc
1869 2435 2010 2491 aequi
2036 2436 2131 2477 im-

1227 2489 1414 2542 patiens
1437 2499 1500 2531 est
1527 2490 1605 2546 qui
1635 2490 1804 2534 fastidit
1837 2501 1995 2548 parem
2022 2505 2128 2535 cum

1233 2547 1392 2644 cetqris
1422 2547 1612 2604 gradum
1636 2548 1868 2605 tenditque
1887 2547 1934 2591 in
1965 2549 2129 2591 maius:

1232 2610 1308 2645 sto
1331 2619 1371 2647 z.

1275 2715 1583 2772 seminarum
1620 2719 1733 2761 vitia
1769 2726 1986 2762 exuerat.
2052 2715 2131 2762 Ti·

1231 2774 1382 2818 berius
1399 2777 1534 2834 igitur
1556 2775 1854 2820 calumniatus
1877 2785 1954 2821 est.
1991 2790 2130 2820 exue·

1231 2839 1310 2875 rat
1331 2849 1427 2876 non
1451 2842 1515 2877 est
1544 2837 1610 2877 sie
1631 2836 1762 2876 hatte
1789 2837 2022 2890 obgelegt,
2051 2834 2131 2878 sed

1231 2887 1298 2991 {e
1335 2895 1632 2993 war9davon
1651 2890 1773 2948 frei.
1851 2891 1909 2936 cf.
1944 2901 2040 2936 not.
2073 2891 2128 2934 ad

1279 2964 1346 3006 gr.
1381 2965 1422 2994 c.
1477 2982 1488 2993 .

1292 3070 1428 3105 actae
1452 3063 1507 3105 ob
1526 3047 1574 3105 id
1595 3071 1770 3118 grates.
1829 3063 1917 3108 Int.
1943 3061 2126 3110 Tiberio

1234 3120 1432 3221 prqgtali
1466 3121 1717 3165 clementia.
1775 3120 1836 3165 cf.
1869 3121 1993 3166 Suet.
2027 3118 2125 3168 Tib.

1235 3193 1276 3221 c.
1361 3210 1371 3219 .

1292 3292 1507 3346 quintum
1527 3294 1774 3337 decimum.
1813 3292 1888 3336 Sic
1907 3294 2010 3338 cod.
2023 3293 2124 3339 MS.

1233 3348 1333 3392 edd.
1359 3357 1460 3392 vett.
1520 3351 1696 3393 Deinde
1718 3351 1891 3409 Lipsius
1911 3367 2008 3411 sqq.
2034 3354 2124 3396 edi-

1232 3406 1389 3449 derant
1428 3408 1590 3462 quinto
1622 3411 1820 3452 decimo,
1893 3410 2123 3453 Ernestius

1231 3479 1336 3507 cum
1363 3464 1451 3507 Iac.
1475 3464 1714 3512 Gronovio
1754 3467 1995 3524 genuinam
2030 3468 2122 3510 for·

1230 3536 1352 3563 mam
1373 3522 1580 3565 restituit.
