2222 4030
303 188 426 247 888

968 172 1487 242 ANNALIUM

1852 178 1905 217 A.
1920 179 1974 217 U.
1992 159 2077 218 vas.

1852 226 1905 260 A.
1924 224 1971 263 c,
2015 227 2075 261 32.

305 317 554 375 Seianus
583 311 859 387 Curtium
892 307 1161 372 Atticum
1194 315 1596 392 oppresserat.
1664 332 1784 395 quo
1820 313 2030 373 lae-tius
2053 322 2164 372 ''ac-

238 436 242 453 .
307 413 539 477 ceptum
563 419 668 454 sua
694 396 957 472 exempla
978 397 1044 452 in
1067 396 1433 453 consultores
1454 395 1749 456 recidisse.
1924 453 1936 487 ζ
2042 394 2045 395 ’

476 483 591 540 Per
619 483 778 539 idem
806 493 1036 557 tempus
1055 480 1123 539 L.
1148 479 1286 536 Piso
1316 482 1608 555 pontifex,
1660 502 1865 539 rarum
1899 483 1966 539 in
2002 494 2162 542 tanta
2212 519 2222 565 -3

308 569 686 637 claritudine,
727 568 847 624 fato
875 567 1051 635 obiit,
1101 565 1326 621 nullius
1353 565 1581 622 servilis
1611 568 1932 624 sententiae
1955 581 2162 644 sponte
2219 572 2222 580 “

308 667 538 723 auctor,
594 665 654 729 et
687 651 956 730 quotiens
990 649 1302 707 necessitas
1333 650 1663 724 ingrueret,
1704 653 1999 727 sapienter
2031 675 2164 711 mo-

307 743 539 798 deranS.

311 905 569 966 Thracia
603 917 915 964 meruerat.

622 736 859 802 Patrem
885 737 939 792 ei
961 734 1295 813 censorium
1316 737 1495 792 fuisse
1515 738 1866 794 memoravi:
1910 751 2065 796 aetas
2088 740 2165 796 ad

310 823 731 898 octogesimum
788 840 1013 879 annum
1066 821 1377 894 processit:

1459 822 1636 878 decus
1684 819 2044 898 triumphale
2099 825 2166 880 in

1003 905 1104 961 sed
1143 905 1459 980 praecipua
1505 926 1574 963 ex
1616 927 1683 962 eo
1731 908 1948 980 gloria,
2003 910 2167 985 quod

306 995 630 1070 praefectus
664 992 802 1049 urbi
840 1009 1041 1046 recens
1078 990 1423 1046 continuam
1445 1002 1791 1066 potestatem
1822 1004 1879 1050 et
1899 993 2165 1052 insolen-

308 1081 390 1138 tia
417 1078 667 1156 parendi
690 1075 1020 1151 graviorem
1043 1075 1192 1140 mire
1221 1077 1585 1151 temperavit.

476 1188 583 1249 XI.
624 1188 892 1263 Namque
924 1196 1095 1243 antea
1130 1186 1405 1261 profectis
1441 1189 1617 1245 domo
1653 1188 1890 1262 regibus
1926 1209 1993 1246 ac
2028 1210 2188 1262 mox*

306 1275 771 1350 magistratibuS,
838 1291 914 1328 ne
952 1271 1095 1330 urbs
1133 1271 1260 1328 sine
1296 1272 1548 1351 imperio
1586 1273 1769 1345 foret,
1834 1274 1900 1331 in
1936 1286 2168 1352 tempus

305 1497 539 1541 individui.
644 1494 767 1537 Bene
828 1493 895 1538 sic
954 1492 1198 1540 Bekkerus.

307 1555 452 1612 Vulgo
486 1562 584 1596 ante
607 1553 828 1595 Rhodum
861 1551 1079 1594 omittunt
1103 1550 1200 1599 vir-

307 1614 456 1671 gulam
474 1643 485 1659 ‚
515 1619 695 1669 ponunt
718 1619 819 1668 post
836 1611 996 1653 secuti.

367 1670 579 1712 Curtium
603 1668 825 1710 Atticum.
886 1666 943 1710 cf.
965 1665 1007 1718 4,
1029 1666 1099 1709 58.
1143 1704 1149 1711 ,

361 1727 415 1771 L.
451 1727 560 1775 Piso
598 1725 831 1781 pontifex.
899 1724 992 1767 Dio
1028 1725 1098 1775 58,
1130 1725 1199 1768 19.

305 1781 389 1829 τόν
417 1799 464 1827 τε
483 1787 700 1827 Πείσωνα
735 1781 818 1826 τὸν
842 1783 1100 1839 πολίαρχον
1127 1797 1204 1825 τε-

305 1837 585 1892 λευτήσαντα
608 1842 810 1900 δημοσίᾳ
830 1842 956 1901 ταφῇ
978 1841 1206 1898 ἐτίμησεν.

305 1902 425 1945 Hine
452 1899 627 1958 Lipsius
660 1899 916 1958 suspicatur
947 1897 1036 1940 hoc
1069 1898 1203 1940 etiam

306 1962 354 2003 in
397 1959 499 2000 loeo
540 1973 622 2015 pro
654 1955 878 2013 pontifex
911 1956 1202 1999 scribendum

308 2032 399 2060 esse
424 2033 473 2071 p.
510 2031 577 2066 u.‚
617 2023 666 2056 ut
699 2013 755 2056 sit
784 2014 1051 2069 praefectus
1083 2014 1201 2056 urbi.

307 2074 396 2117 Sed
418 2089 561 2129 quum
587 2071 747 2114 deinde
770 2071 933 2114 Noster
951 2068 1095 2114 fusius
1131 2071 1202 2113 di-

309 2138 379 2174 eat
415 2131 467 2172 de
503 2129 676 2171 Pisonis
712 2127 1011 2186 praefectura,
1063 2128 1203 2170 inuti-

308 2187 394 2230 lius
415 2186 553 2228 videri
580 2187 746 2244 poterit
769 2185 952 2228 titulum
975 2184 1102 2228 illum
1124 2201 1206 2227 no-

307 2243 420 2291 mini
456 2243 573 2292 addi.
634 2242 907 2300 Quanquam
943 2243 997 2286 de
1029 2242 1208 2286 Pisonis

308 2300 573 2360 pontificatu
595 2298 658 2342 nil
681 2300 894 2343 innotuit.
928 2299 1119 2343 Naudeti
1143 2300 1207 2342 in-

309 2359 388 2402 dex
412 2357 532 2400 hune
559 2357 607 2399 L.
632 2356 842 2400 Pisonem
868 2357 982 2399 mire
1014 2357 1207 2400 confun-

310 2416 355 2459 di
379 2424 501 2458 tcum
522 2413 766 2471 Calpurnio
783 2413 973 2467 Pisone,
1007 2414 1083 2471 qui
1108 2429 1206 2455 me-

310 2479 515 2516 moratur
529 2472 571 2524 2,
598 2472 668 2515 34.
700 2469 740 2521 3,
767 2472 832 2514 11.
866 2470 906 2522 3,
931 2471 1002 2514 68.
1038 2470 1080 2521 4,
1103 2472 1174 2514 21.

367 2530 640 2572 memoravi.
689 2528 758 2571 De
778 2526 864 2572 hac
883 2545 932 2572 re
955 2527 1068 2571 nihil
1087 2527 1205 2587 apud

311 2586 521 2631 Tacitum
542 2586 779 2644 reperitur.

372 2645 418 2686 in
455 2643 662 2686 Thracia
702 2651 964 2686 meruerat.
1047 2641 1208 2686 Vellei.

312 2701 354 2755 2,
381 2701 453 2744 98.
513 2699 604 2744 Dio
638 2697 807 2752 54,-54.
867 2699 984 2744 Cod.
1008 2700 1112 2745 MS.
1139 2701 1214 2744 dat

313 2761 362 2802 in
387 2759 634 2801 Thraecia.

364 2816 628 2872 praefectus
664 2815 784 2858 urbi.
854 2813 931 2858 Sic
971 2814 1074 2859 cod.
1108 2814 1210 2858 MS.

316 2874 417 2916 edd.
462 2873 670 2916 Beroald.
717 2873 817 2916 Ale.
864 2871 1066 2916 Rhenan.
1115 2888 1212 2930 sqq.

317 2931 406 2973 Sed
439 2928 741 2988 Wopkensio
779 2938 961 2973 auctore
1008 2929 1211 2988 plerique

317 3004 441 3030 nune
471 2988 609 3030 edunt
637 2987 907 3043 praefectus
947 2988 1096 3036 urbis,
1145 2986 1210 3028 uti

317 3053 381 3088 est
403 3044 445 3093 4,
465 3044 535 3087 36.
578 3043 636 3088 cf.
663 3044 726 3087 ibi
746 3053 840 3087 not.
901 3044 1038 3089 Cuius
1060 3054 1211 3088 tamen

318 3100 578 3144 mutationis
627 3118 721 3144 non
765 3109 858 3144 erat
902 3101 1014 3144 iusta
1067 3118 1212 3148 causa,

319 3159 422 3216 quia
448 3165 636 3216 utraque
660 3159 853 3202 formula
882 3159 1050 3201 Nostro
1077 3175 1213 3202 usur-

320 3225 464 3276 patur.
501 3213 559 3258 ef.
589 3218 626 3266 1,
646 3217 718 3258 20.
740 3231 857 3258 mox
882 3219 1049 3259 castris
1065 3231 1214 3268 prae-

305 3276 479 3330 fectus.
516 3272 694 3314 Etenim
719 3272 920 3318 dativum
941 3272 1084 3331 ponit,
1109 3289 1217 3331 quo·

321 3331 436 3375 tiens
465 3330 735 3386 praefectus
758 3339 822 3373 est
849 3346 932 3387 pro
956 3331 1218 3389 participi03

322 3387 590 3448 genitivum,
640 3386 846 3444 quotiens
884 3402 970 3447 pro
1007 3388 1214 3431 substan-

324 3447 430 3487 tivo.

376 3515 539 3547 recem·
561 3501 843 3546 continuam.
904 3501 968 3546 Ita
994 3518 1017 3546 e
1038 3501 1212 3563 Wop-

1273 1494 1417 1540 kensii
1465 1495 1686 1539 sententia
1731 1510 1897 1540 recens
1947 1497 2173 1554 coniunge

1273 1570 1379 1599 cum
1399 1554 1673 1597 continuam
1687 1586 1700 1609 ,
1730 1563 1780 1598 ut
1800 1555 1856 1598 sit
1876 1563 2069 1611 potestas
2089 1571 2172 1598 nu-

1273 1629 1353 1671 per
1389 1612 1571 1654 demum
1603 1611 1816 1666 continua
1853 1611 1984 1656 facta.
2055 1612 2173 1656 Nam

1273 1669 1545 1725 vocabulum
1568 1683 1731 1712 recens
1750 1683 1808 1712 ne
1843 1684 1898 1712 ue
1919 1685 1968 1712 ex
1985 1669 2171 1729 scripto-

1271 1727 1335 1771 ris
1358 1735 1523 1786 aetate,
1558 1741 1709 1783 neque
1733 1743 1783 1769 ex
1801 1726 1815 1769 i
1836 1727 1879 1769 lo
1902 1742 2046 1780 anno,
2087 1743 2170 1772 cu·
2221 1729 2222 1732 ’

1275 1786 1349 1828 ius
1383 1800 1509 1828 nune
1540 1783 1754 1828 describit
1786 1801 1880 1834 res,
1919 1785 1996 1828 sed
2021 1801 2072 1829 ex
2093 1783 2172 1828 illo

1276 1851 1510 1899 tempore,
1559 1857 1652 1899 quo
1685 1841 1791 1884 Piso
1836 1841 2036 1899 primum
2070 1841 2174 1886 urbi
2218 1843 2222 1859 ⁸

1277 1899 1646 1959 praeficiebatur,
1699 1897 2043 1957 intelligendum
2067 1907 2171 1963 sest.

1278 1957 1505 2001 continua
1581 1956 1761 2001 raefec‘ti
1810 1958 1934 2001 urhis
1978 1965 2174 2015 potestas

1274 2025 1397 2067 tum,
1429 2031 1534 2058 cum
1550 1973 1661 2058 Ι1))ἱεω
1683 2031 1779 2057 eam
1803 2023 2071 2073 capesseret,
2094 2030 2172 2058 re·
2204 2032 2222 2067 -ι

1277 2089 1385 2118 cens
1407 2081 1518 2116 erat.
1577 2072 1761 2116 Frustra
1783 2071 1920 2130 igitur
1934 2072 2175 2130 Rupertius

1279 2131 1410 2175 docet
1440 2144 1599 2172 recens
1629 2138 1671 2173 et
1700 2143 1854 2184 nuper
1886 2129 1940 2173 de
1973 2139 2175 2190 tempore

1278 2187 1381 2232 salis
1409 2186 1546 2246 longo
1576 2188 1679 2231 dici.
1742 2187 1922 2231 Priores
1949 2188 2175 2246 interpre—

1278 2255 1345 2290 tes
1370 2245 1575 2292 solebant
1597 2245 1895 2302 coniungere:
1912 2246 2176 2302 praefectus

1281 2305 1391 2346 urbi
1427 2317 1604 2346 recens.
1695 2301 1824 2358 Quae
1868 2319 1975 2347 cum
2015 2318 2177 2361 parum
2216 2304 2222 2314 ¹

1281 2359 1460 2418 elegans
1487 2359 1658 2403 locutio
1683 2376 1775 2403 esse
1799 2359 2046 2412 videretur,
2084 2360 2178 2403 Er-

1279 2418 1446 2460 nestius
1481 2417 1676 2461 coniecit
1705 2417 1914 2460 Tacitum
1950 2419 2179 2477 scripsisse

1277 2482 1493 2525 creatus;
1534 2473 1857 2532 Wopkensius
1879 2477 2074 2519 tentabat
2094 2491 2179 2531 ge-
2209 2468 2222 2526 ζ

1279 2545 1408 2574 rens.
1480 2530 1576 2574 Iam
1613 2533 1675 2574 nil
1706 2547 1820 2589 opus
1855 2540 1920 2574 est
1958 2533 2174 2576 emenda·
2217 2530 2222 2541 ⁴

1282 2588 1429 2639 tione,
1478 2596 1523 2630 et
1558 2604 1616 2631 ne
1657 2587 1732 2632 illa
1780 2589 1989 2647 quidem,
2039 2606 2176 2658 quam

1282 2645 1583 2702 Baumgarten
1601 2672 1621 2680 -
1640 2647 1824 2691 Crusius
1849 2655 2087 2704 proposuit
2120 2648 2177 2692 ad
2217 2659 2222 2666 ‘⁴

1282 2701 1471 2745 Sueton.
1507 2700 1608 2746 Tib.
1642 2719 1684 2746 c.
1719 2705 1789 2746 42.
1823 2717 1988 2746 recens
2016 2707 2174 2748 condi·
2204 2699 2222 2746 ΕΙ

1285 2769 1388 2803 tam
1414 2758 1485 2803 vel
1512 2762 1835 2804 constitutam.
1901 2761 2176 2817 Vir‘doctis-
2210 2779 2222 2791 ’·

1285 2817 1424 2861 simus
1447 2832 1543 2858 non
1567 2817 1908 2874 animadvertit,
1941 2834 2075 2875 quam
2091 2835 2180 2866 fac-
2204 2833 2222 2854 >⁶¹

1285 2882 1441 2918 curate
1463 2873 1546 2916 sibi
1566 2874 1758 2918 invicem
1779 2877 2080 2934 respondeant
2098 2893 2178 2926 vo-

1285 2931 1467 2975 eabula:
1516 2934 1789 2976 continuam
1833 2942 1877 2976 et
1912 2932 2222 2991 inrtempusi

1282 2990 1587 3042 deligebatur.
1665 2989 1761 3034 Nec
1796 2993 1981 3035 omnino
2015 2991 2179 3038 Noster

1285 3047 1340 3089 de
1373 3046 1653 3103 praefectura
1690 3049 1813 3092 urbis
1850 3056 1899 3090 ut
1935 3050 1989 3093 de
2019 3066 2176 3095 recens

1284 3103 1466 3148 condita
1498 3113 1715 3161 potestate
1746 3105 1972 3163 loquitur,
2017 3124 2177 3154 verum
2216 3104 2222 3129 ‘³

1284 3177 1335 3204 ex
1358 3160 1615 3218 antiquitate
1637 3177 1731 3205 eam
1755 3163 1927 3220 repetit.
2216 3165 2222 3232 4³

1343 3216 1454 3261 CAP.
1489 3220 1558 3261 11.
1610 3221 1833 3274 profectis
1874 3225 2032 3264 domo.
2102 3221 2179 3267 Sic
2220 3235 2222 3247 ¹

1290 3275 1390 3318 edd.
1423 3274 1626 3340 Rhenan.
1650 3292 1746 3334 sqq.
1785 3285 1827 3320 et
1854 3278 1918 3322 sie
1950 3278 2176 3325 Victorius
2216 3274 2222 3314 ’Ϊ

1289 3332 1479 3376 correxit
1502 3348 1550 3374 m
1571 3348 1633 3375 ex.
1657 3349 1738 3376 suo
1750 3334 1959 3380 Beroald.
1974 3370 1987 3389 ‚
2016 3337 2062 3380 in
2085 3354 2175 3396 quo
2212 3319 2222 3393 ff

1285 3389 1433 3490 {ilex-at
1461 3390 1710 3446 praefixus
1739 3395 1944 3436 demum.
2017 3394 2094 3440 Sic
2134 3403 2177 3439 et
2214 3400 2222 3440 ἐ’

1348 3462 1386 3489 c.

1343 3504 1394 3546 in
1416 3511 1616 3562 tempus.
1679 3505 1737 3552 cf.
1760 3502 1859 3552 not.
1888 3506 1944 3551 ad
1966 3508 2007 3559 4,
2031 3507 2103 3553 66.
