2222 4030
690 191 1284 271 PRAEFATIO.
1358 228 1361 229 f
1763 225 1925 270 xm

227 341 455 403 Eadem
480 340 715 401 officina
739 339 990 397 eandem
1012 336 1336 397 editionem
1361 339 1600 413 repetiit
1622 359 1719 401 an.
1740 324 1926 403 1544.

57 444 115 508 et
162 444 291 490 tum
337 448 523 507 pauca
567 425 858 508 quaedam
893 445 926 481 a
962 422 1164 499 priore
1204 421 1467 480 editione
1512 425 1704 483 aliena
1741 426 1927 486 inlata

58 529 224 586 sunt,
267 536 376 576 uec
401 513 541 571 satis
563 510 837 579 feliciter,
881 520 951 566 ut
975 508 1098 565 suis
1126 507 1270 564 locis
1295 507 1648 571 videbimus,

226 603 452 667 Editio
478 590 743 664 Aldina.
826 601 1344 662 ProdiitVenetiis
1384 621 1482 663 an.
1514 601 1699 666 1534.
1734 607 1926 666 forma

57 695 358 756 octonaria
382 695 643 762 maiore,
688 701 746 748 et
783 686 898 747 hoc
926 689 1102 747 titulo
1119 707 1140 745 .·
1177 681 1508 746 Cornelius
1535 684 1796 749 Tacitus
1817 712 1928 750 ex—

55 789 198 841 acta
236 798 385 838 cura
434 775 777 855 recognitus
814 782 866 831 et
912 768 1318 831 emendatuS.‘
1398 766 1702 853 Copiosus
1740 773 1931 838 index
1983 809 1989 811 >

57 887 289 933 rerum,
341 862 612 922 locorum
646 868 699 918 et
729 879 1164 941 personarum,
1219 854 1290 915 de
1330 857 1556 940 quibus
1596 857 1663 916 in
1703 855 1805 919 his
1845 861 1929 921 li-

55 951 187 1010 bris
214 951 446 1029 agitur.
539 945 747 1010 Varia
776 943 957 1002 lectio
978 943 1045 1001 in
1075 940 1235 1001 calce
1262 942 1461 1023 operis
1488 942 1804 1024 impressa.
1846 987 1932 1001 -
2026 1014 2029 1016 v

56 1037 197 1111 Quo
222 1038 421 1094 variae
458 1034 730 1093 lectionis
768 1030 1013 1089 nomine
1053 1030 1155 1087 ille
1191 1030 1336 1088 dicit
1359 1026 1646 1089 Rhenani
1683 1034 1930 1108 castiga-

57 1124 251 1182 tiones
275 1134 333 1179 et
357 1121 575 1179 Alciati
603 1118 1014 1177 adnotationes
1042 1116 1107 1173 in
1131 1115 1248 1173 fine
1277 1116 1525 1198 additas,
1612 1113 1807 1199 Aldus
1834 1141 1931 1177 re-

55 1207 265 1283 petivit
283 1204 568 1265 Rhenaui
607 1192 949 1262 editionem.
1035 1200 1414 1275 Quibusdam
1450 1202 1516 1258 in
1554 1202 1699 1261 locis
1728 1224 1931 1262 emen-

55 1292 326 1351 dationes
379 1311 413 1348 a
461 1287 760 1350 Rhenano
812 1288 1148 1363 propositas
1196 1307 1388 1365 neque
1442 1299 1639 1346 tamen
1689 1288 1766 1347 ab
1825 1291 1933 1350 illo

56 1388 318 1454 receptas
374 1374 716 1452 adoptavit:
818 1374 882 1428 in
943 1392 1007 1428 re
1074 1368 1531 1450 orthographica
1592 1375 1932 1436 immutavit

58 1464 367 1541 quaedam.
452 1459 731 1520 Ceterum
759 1479 971 1534 parum
1010 1458 1150 1516 inde
1174 1459 1382 1515 auxilii
1409 1459 1475 1515 in
1498 1480 1624 1517 rem
1662 1461 1929 1520 criticam

62 1548 374 1609 redundat⁴
408 1540 431 1549 ”

227 1628 451 1691 Editio
509 1624 923 1711 Gryphiana,
1007 1651 1158 1707 quae
1222 1631 1447 1706 prodiit
1497 1630 1782 1706 Lugduni
1833 1654 1929 1694 an.

63 1715 247 1780 1543.
289 1719 551 1788 octoniS,
599 1718 811 1793 repetit
845 1727 1185 1773 contextum
1226 1712 1528 1778 Rhenani.
1618 1714 1930 1776 Accessere

58 1803 313 1862 Ferretti
335 1804 543 1865 Notae.
631 1804 704 1863 cf.
725 1800 1037 1860 Ernestius
1067 1802 1131 1858 in
1161 1802 1544 1877 praefatione.
1590 1800 1594 1803 ’
1814 1840 1819 1844 -
1996 1878 2001 1893 Ι

230 1897 455 1958 Editio
491 1896 785 1974 lmcylli,
853 1920 1004 1976 quae
1038 1898 1263 1974 prodiit
1300 1920 1396 1960 an.
1443 1895 1626 1960 1557.
1680 1892 1927 1973 octoniS‚

59 1999 115 2044 ct
155 1983 269 2045 hoc
307 1987 509 2045 titulo:
558 1980 632 2043 P.
667 1977 950 2043 Cornelii
986 1980 1210 2040 Tacita*
1230 2003 1316 2063 eq.
1354 1979 1540 2040 Rom.
1579 1976 1953 2049 Annalium'

57 2070 180 2127 sive
207 2070 527 2130 Historiae
553 2066 871 2147 Augustae
902 2066 1054 2125 libri
1081 2065 1223 2128 XV
1215 2065 1273 2124 J.
1306 2063 1515 2148 Opera
1546 2067 1772 2130 Iacobi
1787 2071 1928 2131 lm-

59 2153 217 2235 cylli
257 2152 690 2215 emendatiores
715 2153 902 2236 facti.
987 2150 1291 2213 Ee'usdem
1332 2151 1582 2214 libellus
1628 2155 1700 2215 de
1739 2161 1932 2217 mori-

57 2242 172 2299 bus
210 2251 262 2302 et
296 2239 546 2325 populis
583 2237 1058 2300 Gerrmmorum.
1143 2237 1299 2298 Item
1350 2239 1503 2300 Vita
1543 2239 1711 2301 Iulii
1740 2242 1931 2323 Agri—-

60 2327 258 2396 colae,
324 2326 625 2396 oratoris,
694 2333 747 2387 et
801 2323 1128 2405 Dialogus
1179 2323 1251 2385 de
1311 2323 1502 2386 claris
1563 2330 1932 2389 oratoribuS.

59 2410 128 2474 U
127 2434 213 2472 na
242 2435 372 2471 cum
405 2409 618 2472 indice.
672 2407 857 2471 Anno
884 2410 1064 2473 1557.
1101 2410 1258 2491 (sine
1285 2416 1400 2471 loci
1427 2415 1614 2495 nota).

231 2499 516 2579 Micyllus
556 2501 904 2578 plerumque
943 2499 1213 2577 sequitur
1254 2500 1579 2558 editionem
1612 2499 1925 2561 Rhenani:

61 2605 491 2663 nonnunquam
525 2587 798 2643 emendat
837 2606 866 2642 e
905 2586 1191 2644 sententia
1216 2583 1498 2645 Beroaldi
1525 2600 1625 2646 aut
1650 2585 1932 2648 Rhenaui

60 2683 159 2730 aut
183 2669 232 2728 F
233 2672 455 2734 crretti.
539 2668 784 2728 Variam
805 2672 1156 2747 scripturam
1179 2673 1422 2731 adnotat
1446 2673 1510 2729 in
1537 2675 1822 2753 margine.

231 2793 286 2872 ᾗ.
308 2790 412 2856 25.
468 2789 692 2853 Editio
718 2790 890 2851 Iusti
907 2787 1140 2874 Lipsii.
1226 2794 1494 2853 Primum
1523 2798 1748 2872 prodiit
1770 2794 1926 2856 Ant-

64 2878 297 2955 verpiae
322 2898 391 2935 ex
417 2880 650 2937 officina
677 2876 1093 2955 Christopbori
1118 2877 1385 2938 Plautini
1420 2902 1512 2942 au.
1545 2877 1726 2944 1574.
1760 2895 1927 2942 octo-

63 2962 185 3032 nis,
224 2975 280 3021 et
312 2958 425 3034 hoc
461 2963 663 3022 titulo:
725 2958 797 3021 P.
831 2955 1113 3022 Cornelii
1156 2960 1370 3022 Taciti
1402 2962 1830 3027 Historiarum
1871 2978 1925 3028 et

62 3043 408 3106 Annalium
470 3046 649 3114 libri,
729 3046 841 3130 qui
887 3055 1165 3116 exstant,
1243 3046 1415 3108 Iusti
1457 3045 1676 3133 Lipsii
1720 3051 1931 3113 studio

61 3141 370 3204 emendati
411 3153 463 3202 et
509 3144 843 3204 illustrati:
912 3143 1020 3206 Ad
1053 3145 1214 3229 Imp.
1252 3146 1787 3211 Maximilianum
1828 3135 1925 3213 [ἶ

63 3229 223 3310 Aug.
262 3226 332 3289 P.
371 3226 447 3288 F.
562 3229 862 3291 Eiusdem
901 3228 1115 3292 ,Taciti
1147 3233 1302 3294 liber
1345 3232 1416 3295 de
1454 3237 1730 3300 moribus
1767 3236 1934 3301 Ger-'

61 3338 404 3374 manorum.
503 3314 666 3375 Iulii
717 3316 1043 3399 Agricolae
1101 3319 1242 3379 vita.
1330 3319 1566 3381 Incerti
1610 3325 1925 3409 scripturis

65 3398 356 3482 dialogus
396 3398 467 3461 de
500 3404 846 3464 oratoribus
874 3406 978 3486 sui
1002 3406 1302 3489 temporis.
1374 3407 1481 3468 Ad
1513 3403 1582 3469 C.
1618 3408 1695 3471 V.
1724 3409 1924 3471 Ioan-

65 3508 195 3545 nem
240 3487 609 3547 Sambucum
651 3488 791 3566 (hoc
827 3494 985 3550 enirn
1027 3495 1238 3553 ordine
1274 3508 1410 3554 tunc
1452 3495 1687 3572 Lipsius
1729 3498 1921 3556 Taciti

1186 3579 1225 3636 3
