2222 4030
1854 155 1907 191 A.
1924 157 1981 193 U.
2005 158 2090 193 77⁶.

1858 199 1908 235 A.
1935 200 1984 237 C.
2027 202 2091 238 23.

264 225 268 231 A
316 158 446 219 302
990 151 1509 215 ANNALIUM

319 303 389 350 ut
409 289 682 347 nondum
705 284 1009 348 exolescat.
1090 283 1387 359 Corrupta
1411 284 1488 340 ad
1514 286 1701 343 scelus
1711 284 1882 347 Livia
1895 291 2180 353 Seianum

318 375 512 454 Lygdi
535 391 771 451 quoque
795 371 1072 447 spadonis
1094 371 1360 428 animum
1384 381 1587 445 stupro
1608 372 1893 446 vinxisse,
1935 381 2096 453 quod
2130 380 2180 437 is

319 461 560 540 Lygdus
583 467 768 516 aetate
793 467 967 533 atque
985 457 1174 513 forma
1198 474 1367 512 carus
1392 455 1638 512 domino
1661 457 1932 537 interque
1952 464 2180 538 primo-

318 566 414 604 res
447 542 751 602 ministros
783 553 922 609 erat.
981 541 1196 597 deinde
1221 540 1377 599 inter
1402 541 1665 598 conscios
1685 543 1793 601 ubi
1814 546 1978 603 locus
2000 569 2182 606 vene-

316 631 439 690 ficii
468 641 816 705 tempusque
847 626 1167 701 composita
1200 625 1349 694 sint,
1399 646 1468 683 eo
1509 628 1787 686 audaciae
1819 645 2182 706 provectum,

316 728 389 775 ut
422 723 677 774 verteret
708 722 764 771 et
797 713 1023 770 occulto
1060 710 1281 768 indicio
1303 708 1570 768 Drusum
1601 715 1816 770 veneni
1852 717 1918 772 in
1954 731 2182 794 patrem

321 809 877 876 arguensmoneret
913 795 1257 865 Tiberium,
1307 797 1616 854 vitandam
1645 801 1979 875 potionem,
2032 825 2201 880 quae*

317 887 512 964 prima
537 885 593 943 ei
617 884 776 960 apud
804 881 995 939 filium
1030 881 1293 956 epulanti
1322 882 1651 944 offerretur.
1709 905 1775 942 ea
1810 888 2018 945 fraude
2055 901 2182 946 tum

319 991 550 1042 senem,
582 981 893 1046 postquam
918 967 1260 1025 convivium
1283 967 1527 1038 inierat,
1570 982 1874 1045 exceptum
1899 974 2180 1046 poculum

316 1057 516 1118 Druso
553 1054 891 1114 tradidisse:
947 1062 1124 1128 atque
1167 1052 1273 1110 illo
1308 1053 1518 1126 ignaro
1556 1065 1613 1111 et
1657 1055 1996 1114 iuveniliter
2030 1055 2183 1116 hau-

318 1144 507 1203 riente
542 1152 773 1198 auctam
799 1137 1225 1213 suspicionem,
1274 1149 1558 1215 tanquam
1578 1152 1741 1197 metu
1770 1153 1826 1200 et
1848 1145 2076 1218 pudore
2100 1144 2183 1200 si-

311 1229 498 1290 bimet
520 1227 821 1299 inrogaret
841 1235 1123 1293 mortem,
1148 1244 1337 1300 >quam
1360 1224 1516 1299 patri
1543 1236 1848 1287 struxerat.

374 1420 486 1464 (ΖΑΒ.
516 1419 584 1466 10.
613 1424 855 1471 corrupta.
917 1416 1007 1460 lnt.
1033 1415 1213 1461 adulte-

315 1479 406 1523 rio:
446 1479 511 1519 ad
537 1478 684 1520 scelus
740 1476 823 1520 int.
848 1474 894 1518 in
920 1474 1082 1518 marito
1108 1491 1210 1533 per-

315 1535 600 1595 petrandum.
667 1509 844 1576 E'odem
889 1548 1022 1575 sensu
1065 1535 1214 1576 scelus

316 1593 482 1639 dicitur
501 1591 549 1645 ,6,
569 1590 642 1635 88.
669 1600 711 1636 et
734 1590 855 1635 aiibi.

372 1697 494 1753 quod
523 1693 566 1736 is
597 1692 798 1750 Lygdus.
865 1690 942 1735 Sic
973 1691 1074 1736 cod.
1105 1691 1209 1734 MS.

318 1754 421 1798 edd.
443 1761 556 1798 vett.
597 1751 830 1796 Ernestius
847 1765 1017 1793 nomen
1031 1750 1216 1805 Lygdus·

315 1811 523 1873 spurium
546 1818 588 1854 et
608 1826 631 1852 a
655 1810 898 1867 glossatore
925 1806 1124 1851 additum
1148 1823 1214 1851 ar-

318 1869 505 1931 guebat3
540 1868 742 1926 expunxit
767 1865 1012 1909 Oberiinus
1039 1873 1082 1908 et
1111 1865 1212 1908 dein

317 1928 404 1973 alii.
472 1925 561 1969 Sed
585 1924 772 1968 minime
795 1924 848 1966 ab
872 1938 955 1965 usu
984 1923 1212 1966 bonorum

315 1984 587 2043 scriptorum
605 1983 704 2026 talis
719 1981 922 2041 repetitio
940 1980 1149 2023 abhorret
1170 1990 1214 2025 et

317 2043 391 2088 hic
406 2039 508 2086 satis
524 2041 683 2084 idonea
699 2040 790 2083 eius
804 2037 1082 2097 repetitionis
1098 2039 1213 2082 ratio

316 2101 416 2147 suit.
486 2099 602 2142 Nam
635 2098 799 2143 verba:
841 2104 1060 2151 corrupta
1088 2129 1100 2141 .
1128 2128 1139 2139 .
1166 2129 1177 2139 .
1201 2125 1216 2140 .

316 2158 551 2212 vinxisse,
604 2155 800 2214 pendent
843 2172 866 2198 e
899 2170 1014 2198 voce
1047 2168 1210 2196 rumo-

317 2232 419 2260 rem
435 2234 450 2267 ;
503 2212 754 2271 sequentia:
807 2215 933 2269 quod
1091 2220 1216 2260 era&

317 2271 563 2333 explicandi
605 2286 734 2314 causa
773 2271 826 2313 ab
861 2269 957 2328 ipso
994 2269 1213 2327 scriptore

315 2331 566 2380 adduntur,
604 2327 710 2371 hinc
745 2336 845 2385 apte
880 2327 1098 2383 repetitur
1120 2343 1209 2369 no-

316 2403 422 2434 men
455 2386 654 2443 Lygdus.
715 2382 883 2427 Similis
917 2383 1048 2441 plane
1084 2383 1209 2426 locus

316 2453 382 2492 est
407 2445 475 2494 12,
497 2443 569 2487 49.
630 2442 683 2486 Is
709 2441 947 2496 Pelignus,
981 2455 1117 2498 quem
1142 2457 1210 2483 ea-

316 2506 420 2549 dem
453 2500 702 2546 temeritate
735 2500 1001 2558 interpretes
1045 2506 1210 2542 tracta-

313 2570 440 2610 runt.

371 2665 498 2705 locus
543 2675 586 2702 v.
631 2665 918 2713 tempusque.
986 2653 1063 2698 Sic
1108 2656 1210 2702 cod.

314 2720 420 2766 MS.
468 2717 570 2763 edd.
611 2716 821 2759 Beroaid.
864 2713 965 2758 Alc.
1007 2712 1207 2757 Rhenan.

315 2778 425 2832 ΑΜ.
483 2774 694 2830 Restituit
715 2772 933 2821 Pichena,
973 2787 1078 2816 cum
1109 2781 1211 2814 ante

316 2853 420 2880 eum
458 2835 688 2878 ederetur:
734 2833 860 2874 locus
895 2843 966 2886 v.,
1011 2836 1211 2884 tempus,

316 2895 410 2938 sine
433 2890 595 2950 copula
617 2904 721 2946 que.

372 2975 632 3030 composita
673 2973 788 3016 sim.
858 2970 934 3024 Sic
977 2971 1075 3014 cod.
1108 2971 1208 3014 MS.

314 3043 413 3079 test.
449 3031 574 3078 Pich.
621 3038 664 3074 et
705 3029 809 3072 inde
851 3027 951 3072 edd.
991 3027 1212 3073 l’ichenae

316 3107 416 3160 sqq·
486 3089 657 3134 Contra
689 3085 789 3130 edd.
815 3085 917 3130 Ber.
943 3086 1043 3130 Ate.
1066 3086 1210 3130 Rhen.

317 3150 515 3206 aiiaeque
570 3146 822 3201 composita
870 3151 1012 3195 sunt,
1086 3146 1211 3213 quod

316 3204 472 3251 nescio
506 3221 563 3248 an
598 3217 753 3247 veram
783 3200 981 3245 exhibeat
1021 3211 1211 3261 scriptu-

317 3270 445 3308 ram.·.
477 3261 536 3306 cf.
569 3269 664 3303 not.
703 3259 757 3304 ad
780 3260 823 3312 2,
844 3259 917 3302 26.
978 3257 1211 3303 Ernestius

317 3338 402 3381 pro
431 3322 529 3363 sint
555 3325 633 3361 aut
673 3325 779 3360 sunt
814 3317 991 3363 volebat
1020 3316 1212 3373 fuerint

317 3379 390 3424 vel
413 3378 642 3435 sueram,
686 3382 842 3418 contra
877 3390 1013 3432 quem
1047 3374 1212 3434 Wop-

318 3436 498 3479 kensius
560 3431 767 3476 disseruit
816 3432 1004 3475 eandem
1052 3432 1212 3476 enalla-

319 3510 405 3551 gen
434 3489 656 3550 temporis
685 3505 778 3535 esse
817 3489 886 3540 14,
918 3491 987 3532 11.
1033 3498 1075 3533 et
1109 3506 1210 3549 pas-

1282 1417 1384 1462 sim.
1422 1415 1536 1476 *Sed
1559 1417 1709 1470 loeus,
1739 1419 1792 1464 ad
1826 1436 1964 1478 quem
1997 1420 2070 1465 ille
2105 1437 2183 1466 re-

1283 1475 1441 1533 spicit,
1470 1475 1574 1519 satis
1594 1476 1755 1520 dubiae
1779 1486 1844 1521 est
1867 1478 1995 1531 fidei3
2036 1496 2183 1536 quan-

1285 1549 1421 1591 quam
1458 1532 1521 1577 nil
1555 1534 1652 1580 veri
1674 1543 1738 1578 est
1762 1536 1808 1579 in
1833 1534 2024 1580 Ernestii
2048 1554 2183 1581 com-

1283 1599 1454 1634 mento.

1346 1677 1400 1705 eo
1451 1663 1680 1706 audaciae
1726 1671 2019 1718 provectum.
2105 1664 2183 1711 Sic

1289 1719 1389 1763 edd.
1409 1718 1517 1777 „Ben
1535 1720 1633 1764 Alc.
1660 1719 1861 1765 Rhenan.
1885 1738 1986 1781 sqq.
2049 1721 2183 1768 Unus

1287 1775 1515 1820 Bekkerus
1551 1793 1698 1834 nuper
1742 1778 1862 1823 dedit
1902 1780 2183 1837 profectum.

1287 1835 1347 1879 At
1377 1835 1420 1887 2,
1452 1834 1524 1880 55.
1571 1836 1806 1880 similiimo
1843 1838 1946 1882 loco
1981 1839 2183 1898 plerique

1285 1893 1587 1936 recentiorum
1614 1903 1861 1949 provectus
1892 1903 2184 1942 mutaverunt

1283 1950 1332 1993 in
1366 1950 1627 2007 profectus,
1676 1952 1748 1997 hic
1777 1960 2052 2008 provectum
2086 1970 2181 1997 ser—

1287 2016 1421 2061 vant,
1462 2009 1574 2052 mira
1607 2010 1922 2054 inconstantia.
1992 2012 2043 2054 ln
2079 2010 2183 2055 loco

1286 2065 1401 2109 Hist.
1439 2065 1483 2121 3,
1527 2066 1593 2111 17.
1632 2083 1684 2110 eo
1712 2075 1959 2122 postremo
1995 2070 2184 2112 ardoris

1278 2131 1531 2180 provectus
1562 2133 1657 2181 est,
1702 2133 1744 2168 et
1779 2125 1912 2169 ceteri
1937 2134 1978 2168 et
2003 2126 2183 2170 Bekke-

1284 2199 1362 2224 rus
1397 2191 1595 2226 veterem
1627 2183 1900 2242 scripturam
1938 2186 2180 2230 retinuere.

1283 2237 1407 2282 Libri
1477 2248 1586 2283 vett.
1648 2249 1907 2285 constanter
1959 2250 2182 2295 proved..

1284 2297 1406 2356 quod
1432 2298 1523 2341 suis
1549 2296 1659 2342 loeis
1682 2298 1882 2357 reposui.

1339 2384 1461 2423 quae
1491 2370 1657 2422 prima
1689 2370 1736 2413 ei
1765 2375 1895 2426 apud
1914 2371 1962 2429 f.
1996 2387 2035 2415 e.
2105 2373 2183 2418 Sic

1284 2426 1540 2471 emendavit
1583 2425 1845 2471 Rhenanus.
1931 2429 2044 2484 Edd.
2079 2430 2182 2475 Ber.

1283 2483 1385 2526 Ale.
1422 2482 1566 2527 Rhen.
1595 2482 1721 2527 1533.
1746 2485 1851 2528 Ald.
1879 2489 2183 2543 quae''prin10

1285 2546 1331 2583 et
1353 2541 1542 2597 apudf.
1569 2557 1609 2584 e.
1670 2540 1925 2600 Utramque
1948 2561 2109 2590 vocem
2136 2553 2183 2588 et

1286 2605 1328 2640 et
1386 2598 1430 2640 ei
1473 2598 1644 2657 saepius
1690 2601 1934 2657 permutari
1980 2600 2026 2645 in
2073 2603 2177 2647 cod.

1286 2654 1421 2698 MSS.
1447 2655 1551 2699 satis
1572 2665 1763 2700 constat.
1798 2657 1857 2701 cf.
1882 2666 1980 2703 not.
2005 2660 2059 2703 ad
2083 2660 2179 2713 3,8.

1283 2711 1454 2756 Verum
1484 2714 1719 2771 permultis
1750 2714 1861 2759 locis
1895 2717 2086 2761 editores
2121 2728 2183 2762 te·

1283 2786 1406 2813 mere
1440 2771 1651 2829 copulam
1687 2779 1731 2814 et
1762 2773 1947 2831 abegere
1980 2775 2102 2818 bono
2138 2785 2182 2820 et

1282 2827 1467 2885 antiquo
1503 2831 1599 2871 iure
1633 2828 1837 2887 positam.
1894 2830 1957 2876 cf.
1995 2840 2091 2876 not.
2124 2833 2180 2877 ad

1287 2889 1325 2936 l,
1348 2886 1418 2928 55.
1481 2885 1637 2945 Neque
1671 2887 1818 2945 inepte
1855 2888 2078 2933 diceretur
2103 2907 2181 2948 po·

1285 2944 1376 2995 tio,
1414 2958 1536 2999 quae
1573 2946 1735 2999 prima
1775 2953 1819 2987 et
1860 2950 1987 3001 apud
2017 2948 2178 3003 filium

1278 3003 1474 3056 pulcanti
1489 3001 1754 3055 offerretur.
1805 3002 2035 3047 Placidior
2060 3003 2179 3047 haud

1285 3057 1418 3101 dubie
1452 3068 1517 3102 est
1548 3058 1730 3102 auribus
1765 3060 1931 3103 nostris
1966 3062 2179 3105 emenda-

1286 3117 1348 3159 tio
1373 3116 1596 3160 Rhenani.

1343 3217 1401 3244 ea
1428 3199 1610 3257 fraude
1653 3208 1755 3242 tum
1797 3215 1971 3245 senem.
2055 3200 2178 3244 Tum

1280 3259 1488 3302 Ernestio
1551 3257 1733 3316 aliisque
1787 3267 2042 3317 suspectum
2096 3267 2178 3303 est.

1282 3316 1373 3360 Pro
1397 3323 1499 3357 tum
1516 3316 1675 3360 volunt
1696 3324 1899 3370 coptum,
1921 3318 2177 3365 inductum,

1283 3377 1523 3428 deceptum
1551 3373 1616 3416 vel
1639 3373 1783 3416 simile
1808 3374 1931 3431 quid.
1993 3373 2178 3416 Frustra

1284 3431 1345 3477 cf.
1393 3438 1534 3474 notat.
1581 3430 1636 3474 ad
1666 3431 1707 3483 2,
1742 3432 1784 3475 9.
1833 3439 1934 3474 tum
1969 3433 2177 3486 permis-

1284 3503 1410 3532 sum.
