2222 4030
264 269 390 330 ⁷104

263 403 377 457 nus
435 395 750 455 maiestatis
797 397 1148 475 postulavit,

934 266 1443 330 ANNALIUM

1812 267 2033 307 11:12768.
2055 252 2059 255 ’

1810 316 1863 350 A‘.
1880 314 1926 349 C.
1970 317 2031 350 15.

1238 398 1638 456 subscribente
1686 396 1959 461 Romano
2003 403 2119 460 Hi-

266 487 485 560 spone:v
545 485 649 560 qui
680 485 933 541 formam
973 486 1127 542 vitae
1161 484 1327 553 iniit,
1378 504 1558 561 quam
1597 496 1799 560 postea
1831 489 2120 551 celebrem

206 567 208 569 ’
265 568 533 624 miseriae
603 575 936 645 temporum
998 582 1056 627 et
1122 569 1400 625 audaciae
1461 565 1776 626 hominum
1835 572 2118 635 fecerunt.

266 673 404 709 nam
430 672 628 727 egem,
669 655 931 728 ignotus,
974 655 1233 731 inquieS,
1277 655 1420 710 dum
1457 650 1700 711 occultis
1735 657 1954 712 libellis
1997 678 2123 714 sae-

264 738 458 794 vitiae·
480 740 765 816 principis
803 740 1060 814 adrepit,
1100 758 1239 795 mox
1261 738 1599 796 clarissimo
1641 742 1850 819 cuique
1889 743 2124 818 pericu-

266 823 394 880 lum
417 825 675 895 facessit,
719 825 1045 900 potentiam
1068 824 1226 899 apud
1249 844 1467 895 unum,
1498 826 1718 892 ,odium
1741 828 1898 902 apud
1921 848 2124 884 omnes

264 909 543 984 adethS,
597 910 760 967 dedit
797 910 1154 984 exemplum,
1204 909 1619 985 quod-secuti,
1661 931 1731 967 ex
1766 913 2125 988 pauperibus

266 993 504 1065 divites,
571 1015 640 1052 ex
689 995 1037 1069 contemptis
1087 994 1430 1064 metuendi,
1476 995 1823 1070 'perniciem
1873 998 2006 1054 aliis
2059 1019 2125 1055 ac

261 1090 624 1155 postremum
665 1080 780 1137 sibi
818 1079 1113 1139 invenere.

261 1300 404 1360 βουλῇ
418 1333 430 1355 ,
461 1299 558 1356 ἰδίᾳ
578 1301 668 1359 μὲν
689 1304 785 1350 τοῖς·
806 1315 852 1343 τε
877 1295 1157 1343 ὑπατευκόσι

263 1353 348 1412 τήν
370 1372 416 1400 τε
430 1356 655 1415 Ἀφρικὴν
678 1361 755 1401 καὶ
779 1357 860 1412 τὴν
872 1355 1048 1413 Ἀσίαν,
1081 1359 1158 1401 καὶ

263 1419 358 1464 τοῖς
380 1415 736 1473 ἕστρατηγηκόσι
762 1414 816 1458 τὰ
839 1414 980 1459 λοιπὰ
1005 1412 1157 1459 πάντα

264 1471 501 1531 ἀπένειμε.
563 1476 626 1518 Ex
653 1475 718 1518 his
749 1483 889 1532 patet,
920 1473 1158 1517 Caesarem

262 1530 518 1588 promiscue
541 1541 584 1574 et
607 1533 843 1576 consulatu
876 1540 918 1574 et
947 1540 1158 1589 praetura

262 1591 444 1633 functos
463 1588 509 1630 in
525 1607 624 1632 suas
639 1589 895 1648 provincias
912 1589 1112 1642 misisse3
1135 1605 1159 1630 a

263 1653 417 1691 senatu
432 1655 579 1689 autem
592 1649 711 1690 viros
727 1649 983 1690 consulares
997 1646 1159 1689 missos

261 1703 310 1746 in
327 1703 579 1759 provincias
597 1704 855 1749 consulares
868 1739 877 1755 ,
905 1704 1158 1763 praetorios

262 1761 309 1804 in
335 1761 592 1816 praetorias.
653 1762 774 1804 Hinc
789 1761 905 1820 App.
927 1762 979 1805 B.
1000 1761 1157 1804 Mithr.

261 1817 364 1862 254.
388 1813 581 1875 Ho'vzou
605 1819 657 1871 δὲ
684 1821 761 1862 καὶ
785 1823 1014 1868 Βιθυνίας
1037 1821 1157 1877 πέμ-

262 1891 399 1930 πεται
428 1877 494 1924 τὶς
525 1873 791 1936 στρατηγός.
854 1875 1017 1926 Vides,
1047 1892 1157 1935 pro-

262 1933 434 1986 vinciae
467 1937 645 1990 generis
682 1937 858 1979 ratione
895 1935 1043 1978 habita
1080 1949 1157 1976 re-

263 1990 458 2036 ctissime
513 1992 672 2036 Tacito
729 1994 819 2037 dici
878 2001 1158 2050 praetorem

260 2049 527 2109 Bithyniae.
603 2053 663 2093 At
696 2055 953 2107 proconsul
982 2050 1156 2104 Bithy-

261 2108 375 2149 niae
407 2105 638 2150 invenitur
663 2109 755 2151 An.
782 2110 847 2159 16,
876 2109 943 2151 18.
981 2117 1024 2149 et
1057 2107 1154 2148 Pli-

262 2163 364 2207 nius
406 2163 454 2206 in
502 2181 600 2223 epp.
638 2165 891 2223 saepissime
922 2164 1155 2223 Bithyniae

232 2222 234 2226 ’
260 2221 510 2280 praesides,
544 2231 851 2266 antecessores
876 2239 1003 2270 suos,
1046 2238 1158 2278 pro-

263 2277 472 2334 consules
502 2279 634 2329 dicit,
672 2296 906 2338 nunquam
937 2293 1157 2337 proprae-

262 2345 380 2379 tores
405 2335 474 2382 vel
503 2347 746 2394 praetores.
801 2338 862 2381 cf.
888 2337 1028 2380 eiusd.
1056 2351 1156 2393 epp.

265 2397 340 2445 10,
386 2394 480 2436 109.
522 2395 618 2438 113.
657 2396 728 2438 65.
787 2396 972 2452 aliisque
1027 2393 1154 2436 locis.

261 2451 489 2494 Nimirum
505 2450 734 2511 Augustus
749 2451 998 2497 secundum
1014 2451 1154 2494 Dion.

261 2510 332 2558 53,
369 2509 438 2552 13.
487 2511 712 2566 praesides
755 2509 1094 2568 provinciarum
1132 2523 1159 2568 a

261 2575 419 2622 senatu
442 2568 603 2612 missos
625 2568 752 2611 iussit
775 2584 868 2611 esse
886 2565 1001 2627 μήτε
1023 2569 1087 2619 ξ·
1150 2575 1155 2577 ’

260 2627 730 2685 παραζωννυμένους,
780 2622 896 2684 μήτε
933 2631 1075 2684 στρατ
1149 2623 1192 2663 ⁷¹³-ss

262 2685 361 2742 τικῇ
384 2685 554 2742 ,ἐσθῆτι
577 2685 872 2742 χρωμένους,
909 2685 986 2727 καὶ
1007 2682 1156 2726 ἀνθυ-

262 2740 437 2790 πάτόυς
469 2746 711 2786 καλεῖσθαι
736 2741 800 2800 μὴ
834 2739 906 2785 ὅτι
935 2739 1040 2790 τοὺς
1071 2737 1157 2783 δύο

261 2797 369 2848 τοὺς
401 2797 742 2854 ὑπατευκότας,
786 2798 901 2842 ἀλλὰ
934 2801 1012 2855 κριὶ
1054 2795 1160 2847 τοὺς

261 2856 428 2908 ἄλλους
481 2862 576 2903 τῶν
628 2852 1036 2916 ἐστρατηγηκότὶιν
1074 2881 1157 2898 -.

264 2915 369 2966 τοὺς
402 2915 453 2961 δὲ
484 2919 663 2975 ἑτέρους
693 2918 734 2971 (a
757 2915 946 2959 Caesare
976 2913 1155 2968 missos)

249 2972 651 3033 ἀντιστρατήγους
683 2971 1019 3032 ὀνομάζεσθαι,
1073 2968 1162 3013 κᾶν

264 3032 315 3076 ἐκ
338 3034 433 3077 τῶν
454 3028 783 3079 ὑπατευκότων
805 3026 914 3087 ὦσι,
967 3031 1159 3079 διέταξε.

262 3089 470 3146 Namque
531 3091 836 3159 propraetoris
887 3087 1161 3134 vocabulum

262 3147 404 3205 magis
431 3149 730 3193 conveniebat
766 3146 957 3191 ducibus
987 3145 1159 3188 exerci-

266 3213 419 3254 tuum,
448 3205 604 3261 quales
627 3213 773 3247 essent
787 3204 985 3249 Caesaris
1008 3201 1165 3258 legati3

265 3262 563 3322 proconsules
581 3261 722 3319 aptius
740 3261 1007 3304 dicebantur
1028 3275 1158 3317 prae-

268 3320 384 3364 sides
399 3327 655 3379 pacatarum
670 3319 1023 3374 provinciarum,
1048 3331 1160 3372 quae

1022 3372 1162 3429 Quod

266 3378 548 3478 pertinerent
562 3394 579 3403 ‘-
600 3376 655 3420 ad
710 3385 929 3418 senatum.

285 3436 302 3447 Ἴ
908 3440 1162 3491 praetorem

307 3433 503 3478 rnestius
563 3431 837 3483 adfirmavit,

270 3493 359 3536 dici
392 3504 707 3550 quemcunque
735 3489 996 3546 provinciae
1028 3503 1161 3546 prae-

268 3549 439 3600 sidem,
469 3548 627 3592 Tacito
660 3545 847 3604 quidem
878 3546 1163 3604 incognitum

270 3614 348 3656 est,
375 3606 453 3665 qui
479 3613 684 3651 accurate
707 3603 939 3660 distinguit
956 3617 1160 3659 procon-

1201 1078 1320 1136 Sed
1344 1072 1709 1137 *Marcellum
1744 1081 2127 1142 insimulabat

1228 1301 1355 1342 sales
1372 1299 1424 1342 h.
1450 1315 1489 1342 e.
1521 1299 1746 1358 praesides
1771 1318 1794 1345 a
1812 1299 1986 1344 ⁴Senatu
2013 1301 2125 1346 mis-

1230 1373 1303 1400 sos
1329 1358 1433 1412 (An.
1464 1360 1501 1409 1,
1523 1357 1591 1400 53.
1625 1358 1665 1408 2,
1690 1358 1757 1401 52.
1797 1358 1864 1407 13,
1890 1361 1927 1400 1.
1963 1359 2028 1410 13,
2054 1360 2128 1405 33.

1232 1415 1384 1464 14,46.
1414 1416 1481 1466 16,
1499 1418 1568 1458 10.
1596 1416 1661 1461 18.
1702 1416 1813 1459 Hist.
1841 1420 1880 1464 1,
1901 1417 1969 1461 76.
2000 1417 2041 1469 3,
2056 1418 2128 1462 46.

1229 1472 1271 1524 4,
1301 1472 1371 1514 48.
1408 1471 1498 1529 50.)
1542 1480 1584 1515 et
1617 1481 1958 1528 propraetores
1997 1474 2041 1518 h.
2086 1491 2126 1518 e.

1231 1528 1430 1586 Caesaris
1450 1531 1619 1588 legatos
1641 1531 1748 1586 (An.
1771 1533 1838 1583 12,
1849 1530 1921 1574 40.
1954 1532 2023 1581 13,
2041 1533 2128 1598 51.)

1228 1603 1317 1630 nec
1349 1604 1549 1645 unquam
1587 1598 1843 1646 praetorem
1886 1589 1994 1632 dicit
2040 1589 2128 1633 nis!

1229 1645 1538 1702 magistratum
1581 1647 1820 1688 urbanum.
1904 1646 2129 1690 Provocat

1229 1703 1415 1760 quidem
1442 1703 1675 1746 Ernestius
1708 1704 1762 1746 ad
1795 1705 1883 1746 An.
1906 1706 1948 1755 2,
1968 1704 2037 1747 56.
2060 1705 2128 1748 77.

1228 1763 1269 1811 4,
1295 1760 1363 1803 15.
1387 1759 1550 1818 quibus
1579 1760 1691 1804 locis
1725 1763 1797 1803 ius
1818 1763 2070 1816 praetoris.
2087 1771 2131 1805 et

1228 1818 1298 1861 vis
1310 1821 1552 1873 praetoris
1578 1819 1790 1876 opinatur
1814 1818 1903 1861 dici
1925 1819 2130 1877 pro'iure

1229 1884 1274 1918 et
1294 1877 1335 1917 vi
1359 1875 1644 1933 magistratus
1670 1875 1976 1934 provincialis.
2036 1875 2130 1920 Sed

1229 1932 1575 1991 intelligendum
1607 1933 1758 1992 potius
1794 1940 1858 1975 est
1892 1934 1960 1977 ius
1991 1943 2034 1978 et
2069 1934 2130 1978 vis

1229 1990 1484 2049 legatorum
1500 1989 1723 2043 Caesaris,
1755 2006 1850 2033 non
1870 2007 2128 2048 proconsu-

1228 2048 1338 2091 lum.
1374 2047 1503 2103 Quae
1528 2064 1632 2091 cum
1653 2048 1712 2090 ita
1734 2049 1840 2096 sint,
1864 2065 2028 2093 censeo
2053 2057 2130 2092 aut

1228 2104 1423 2148 sciolum
1466 2105 1689 2164 quendam
1731 2104 1983 2149 librarium·
2011 2105 2130 2165 apud

1229 2162 1439 2206 Tacitum
1492 2165 1824 2218 proconsulem
1848 2165 2130 2220 xBielzym'ae

1231 2231 1424 2264 mutasse
1455 2221 1503 2264 in
1531 2228 1833 2274 praetorem,
1864 2221 1970 2279 quia
1994 2237 2128 2265 eom-

1229 2278 1432 2337 perisset,
1452 2277 1707 2334 Bithyniam
1729 2294 1821 2320 esse
1846 2278 2131 2336 provinciam

1229 2335 1526 2394 praetoriam,
1571 2343 1645 2378 aut
1680 2333 1900 2393 peculiari
1936 2336 2130 2393 quadam

1231 2394 1285 2436 de
1321 2409 1451 2436 causa
1484 2393 1615 2436 nobis
1643 2392 1873 2451 incognita
1898 2393 1972 2436 hie
1994 2410 2126 2452 prae-

1229 2459 1377 2493 torem
1421 2450 1520 2493 Bith
1555 2450 1656 2492 niae
1702 2451 1806 2494 dici.
1890 2450 2039 2507 Quid,
2092 2451 2129 2496 si

1229 2507 1478 2551 Marcellus
1508 2467 1594 2550 fiiit
1624 2507 1793 2566 legatus
1820 2507 2019 2551 Caesaris
2053 2526 2128 2552 ex·-

1227 2574 1296 2608 tra
1337 2566 1546 2609 ordinem
1587 2573 1630 2607 et
1676 2565 1863 2608 nomine
1912 2568 2130 2624 praetoris

1229 2621 1391 2665 missus
1434 2640 1539 2666 cum
1585 2624 1801 2673 exercitu,
1856 2630 1905 2666 ut
1952 2632 2128 2679 regeret

1229 2679 1521 2737 Bithyniam?
1591 2679 1694 2723 Non
1740 2680 1859 2723 enim
1902 2681 2128 2738 Augustus

1230 2737 1510 2796 provincias,
1584 2753 1696 2794 quae
1752 2746 1897 2780 essent
1956 2738 2128 2796 populi,

1230 2803 1470 2852 propterea
1517 2794 1733 2852 neglexit3
1786 2796 1864 2838 sed
1921 2797 2129 2838 omnium
2204 2819 2211 2855 ''·.

1231 2853 1347 2894 haud
1372 2867 1498 2895 secus
1519 2869 1571 2896 ac
1595 2853 1629 2894 si
1651 2867 1755 2894 suae
1785 2861 1954 2901 essent,
1986 2853 2128 2896 maxi-

1232 2927 1355 2952 mam
1387 2908 1540 2952 habuit
1574 2926 1742 2952 curam.
1801 2910 1866 2953 Ita
1895 2909 1943 2952 in
1967 2910 2128 2962 Bithy-

1232 2968 1306 3009 nia
1341 2966 1433 3024 ipse
1463 2966 1606 3009 adfuit
1635 2983 1675 3011 a.
1706 2983 1751 3009 u.
1783 2983 1823 3010 c.
1843 2967 1942 3010 734.
1976 2961 2131 3026 ibique

1235 3025 1390 3070 omnia
1427 3024 1673 3067 constituit.
1733 3023 1792 3067 cf.
1816 3025 1907 3067 Dio
1935 3026 2005 3074 54,
2027 3026 2071 3068 7.

1288 3083 1615 3124 subscribente.
1662 3082 1722 3126 cf.
1738 3081 1951 3139 Sigonius
1973 3083 2027 3126 de
2053 3082 2127 3125 iu-
2190 3079 2222 3143 ,fx

1235 3139 1363 3182 dieiis
1397 3139 1451 3189 ll,
1477 3142 1545 3182 10.

1291 3195 1370 3252 qui
1382 3195 1606 3251 formam
1626 3196 1750 3239 vitae
1775 3197 1804 3240 i.
1857 3195 1932 3240 Sc.
1952 3196 2127 3256 Crispi-

1232 3270 1340 3303 nus,
1377 3255 1499 3309 quod
1523 3262 1642 3311 patet
1667 3269 1690 3295 e
1715 3269 1810 3311 sqq.
1850 3255 2129 3298 Marcellum
2206 3267 2208 3271 ·

1232 3312 1548 3353 insimulabat
1560 3342 1569 3353 .
1583 3343 1593 3353 .
1606 3343 1616 3353 .
1631 3343 1642 3353 .
1663 3312 1847 3353 addidit
1861 3313 2024 3367 Hispo.
2044 3321 2128 3356 etc.

1234 3369 1310 3412 Sic
1333 3368 1428 3410 Cic.
1450 3384 1533 3425 pro
1548 3368 1686 3411 Arch.
1704 3386 1743 3412 c.
1760 3372 1827 3411 10.
1849 3372 1998 3420 Sulla,
2022 3385 2129 3412 cum
2206 3399 2220 3427 Ἰι

1234 3427 1476 3482 Hispanos
1498 3434 1543 3468 et
1556 3426 1718 3469 Gallos
1738 3429 1961 3477 donaret,
1991 3431 2129 3469 credo

1233 3487 1354 3528 hunc
1368 3493 1605 3538 petentem
1630 3485 1953 3539 repudiasset:
1992 3499 2128 3540 quem
2196 3532 2201 3537 η

1235 3543 1315 3598 (sc.
1348 3540 1558 3593 Sullam,
1603 3557 1698 3584 non
1739 3543 1992 3597 petentem)
2039 3555 2128 3584 nos

1235 3607 1319 3643 etc.
