2222 4030
179 200 407 238 st.13.?8⁴.

178 249 230 280 A:-
247 243 296 282 C.
345 246 407 279 28.

592 205 764 267 LlB.
800 204 905 267 {Va
981 203 1179 267 CAP.
1217 209 1315 269 70.
1355 210 1456 269 71.
1833 211 1958 271 859

90 358 267 395 cuum
292 358 516 412 poena,
555 335 663 392 ubi
688 335 845 392 inter
870 346 1113 393 sacra;et
1138 347 1305 404 vota,
1360 359 1479 414 quo
1524 347 1786 413 tempore
1819 360 1954 397 ver-

87 423 181 479 bis
206 423 383 480 etiam
402 420 667 498 profanis
691 420 975 477 abstineri
1000 431 1138 477 'mos'
1155 431 1331 488 esset,
1384 423 1581 480 vincla
1619 434 1676 481 et
1706 424 1952 502 laqueus
2007 476 2020 490 ,

87 508 487 566 inducantur?
538 525 666 562 non
699 507 1055 580 prudentem
1074 502 1386 562 Tiberium
1411 508 1950 572 tantamkinvidiam

85 593 343 649 adiisse?
426 591 756 670 quaesitum
801 590 1294 667 meditatumque,
1355 611 1431 646 ne
1473 593 1619 668 quid
1662 594 1950 670 impedire

86 678 387 747 credatur,
427 697 549 754 quo
571 676 773 732 minus
799 674 944 732 novi
966 675 1364 750 magistratuS,
1407 697 1526 752 quo
1561 679 1742 735 modo
1779 680 1950 738 delu-

83 764 194 820 bra
229 774 288 820 et
320 762 528 819 altaria
565 760 648 817 sic
680 780 974 818 carcerem
1009 761 1332 820 recludant.
1428 759 1673 820 Secutae
1704 763 1950 840 insuper

25 898 27 917 4
85 848 314 904 litterae
350 858 542 921 grates
576 846 837 920 agentiS‚
881 847 1044 923 quod
1069 841 1372 903 hominem
1401 845 1699 905 infensum
1721 849 1810 906 rei
1831 858 1948 926 pu-

81 932 271 990 blicae
292 932 694 1008 punivissent,
712 932 940 989 adiecto
965 931 1256 1006 trepidam
1278 930 1394 987 sibi
1413 930 1597 987 vitam
1613 978 1630 1002 ‚
1654 946 1949 1009 suspectas

84 1018 464 1076 inimicorum
500 1017 745 1074 insidias
761 1062 779 1086 ,
820 1017 992 1074 nullo
1027 1016 1382 1075 nominatim
1419 1017 1796 1092 compellato:
1840 1040 1948 1076 ne-

82 1124 198 1180 que
233 1115 432 1162 tamen
470 1103 855 1161 dubitabatur
893 1102 959 1159 in
990 1100 1294 1162 Neronem
1328 1112 1387 1160 et
1410 1095 1806 1179 Agrippinam
1849 1105 1947 1161 in-

82 1189 267 1249 tendi.
1600 1260 1602 1266 y

247 1271 467 1334 LXXI.
508 1270 591 1332 Ni
622 1271 777 1332 mihi
809 1274 1169 1332 destinatum
1197 1273 1352 1332 foret
1383 1293 1558 1332 suum
1586 1291 1854 1353 quaeque
1879 1275 1946 1332 in

78 1380 306 1416 annum
338 1360 587 1430 referre,
628 1361 838 1419 avebat
867 1359 1105 1427 animus
1138 1359 1361 1417 anteire
1382 1359 1695 1438 statimque
1715 1380 1944 1420 memo-

77 1465 208 1503 rare
232 1443 451 1514 exituS‚
492 1465 643 1522 quos
662 1444 942 1504 Latinius
958 1456 1143 1524 ratque
1169 1441 1395 1521 Opsius
1419 1445 1710 1524 ceterique
1732 1445 1945 1521 flagitii

76 1530 205 1589 eius
237 1540 567 1608 repertores
601 1527 894 1602 habuere,
935 1550 1062 1588 non
1093 1531 1274 1613 modo
1298 1541 1612 1608 postquam
1637 1529 1706 1592 C.
1729 1528 1944 1590 Caesar

76 1636 277 1674 rerum
309 1615 532 1692 potitus
566 1629 683 1688 est,
724 1618 827 1676 sed
867 1615 1155 1674 incolumi
1186 1613 1463 1686 Tiberio:
1498 1614 1625 1694 ,qui
1659 1616 1944 1676 scelerum

73 1702 379 1759 ministros
403 1712 472 1759 ut
491 1702 750 1778 perverti
774 1704 850 1760 ab
875 1702 1007 1759 aliis
1029 1701 1298 1772 nolebat,
1350 1701 1432 1759 ita
1462 1702 1815 1781 plerumque
1845 1695 1944 1760 sa-

73 1789 252 1845 tiatus
287 1798 346 1846 et
379 1787 594 1846 oblatis
628 1788 694 1845 in
727 1787 977 1845 eandem
1011 1805 1253 1863 operam
1284 1787 1621 1845 recentibus
1638 1798 1863 1846 veteres
1887 1785 1944 1846 et

72 1890 419 1950 praegraves
443 1874 691 1935 adflixit.
775 1892 985 1931 verum
1010 1868 1118 1929 has
1142 1883 1317 1950 atque
1343 1873 1487 1931 alias
1511 1873 1775 1932 sontium
1796 1892 1943 1950 poe-

71 1979 179 2015 nas
215 1959 280 2015 in
314 1953 576 2035 tempore
601 1959 920 2019 trademus,
956 1965 961 1972 ’
1004 1955 1168 2015 Tum
1192 1958 1418 2015 censuit
1438 1953 1686 2017 Asinius
1711 1955 1943 2030 Gallus,

69 2045 238 2103 cuius
270 2043 597 2103 liberorum
630 2040 961 2123 Agrippina
996 2038 1310 2103 matertera
1343 2055 1499 2115 erat,
1549 2044 1885 2121 petendum
1905 2063 1942 2101 a

127 2270 207 2312 uba·
232 2270 363 2313 inter·
390 2283 529 2314 sacra
558 2278 604 2314 et
632 2279 760 2315 vota.
823 2269 966 2315 Simi-

70 2327 127 2371 lia
169 2327 223 2371 de
262 2326 446 2372 Tiberio
520 2327 693 2372 nex-itur
722 2326 967 2373 Suetonius

69 2384 205 2431 061.
264 2383 337 2429 De
368 2384 444 2429 illa
534 2385 773 2431 leudarum
798 2384 888 2429 lan.
922 2391 967 2428 et

68 2441 260 2487 omnino
290 2442 463 2488 dierum
490 2442 708 2487 festorum
735 2441 968 2500 sanctitate

67 2498 131 2545 cf.
153 2498 365 2544 Plutarch
395 2500 444 2545 in
473 2499 627 2544 Mario
692 2532 704 2546 .
725 2501 828 2548 480.
888 2497 965 2544 Se·

66 2572 168 2603 nec.
207 2558 432 2604 controv.
468 2558 509 2612 5,
539 2559 583 2602 4.
682 2558 774 2604 hilo
807 2565 966 2604 contra

66 2614 216 2661 Flaoe.
241 2631 286 2676 p.
303 2615 409 2662 976.
467 2614 589 2675 Lips.
615 2615 673 2659 ad
694 2618 738 2660 h.
764 2616 795 2660 Ι.

1095 2267 1209 2315 CAP.
1231 2268 1304 2313 71.
1336 2268 1533 2312 anteat-e.
1594 2265 1672 2313 Sic
1693 2267 1795 2313 edd.
1814 2261 1936 2328 Lips.

1037 2342 1139 2386 sqq.
1157 2326 1314 2371 antire
1338 2324 1563 2371 cod.·MS.
1587 2325 1690 2372 edd.
1703 2325 1809 2383 Ber.
1835 2342 1935 2385 sqq.

1094 2398 1192 2427 non
1225 2387 1366 2427 modo
1389 2417 1400 2427 .
1421 2415 1435 2428 .
1454 2399 1468 2428 ;
1491 2386 1576 2439 sed
1594 2415 1607 2429 .
1627 2415 1640 2428 .
1662 2396 1686 2430 .‘
1736 2382 1808 2428 Cf.
1833 2391 1933 2428 not.

1036 2441 1093 2487 ad
1122 2444 1160 2491 1,
1181 2440 1254 2486 77.
1285 2441 1326 2493 8,
1351 2438 1516 2485 62.’65’.
1748 2454 1774 2483 ’.
1846 2449 1874 2491 ᾖ

1057 2558 1069 2570 .
1093 2507 1276 2543 veteres
1305 2505 1350 2542 et
1375 2510 1675 2566 praegraves.
1736 2495 1937 2559 Groslo·'¹

1037 2563 1423 2660 giliusetsrglliettatsig
1444 2555 1816 2672 ιέεέρτιῖιῖιᾟῖἝ
1846 2553 1935 2659 ξεῖ

124 2855 224 2884 non
380 2848 535 2885 entem
578 2849 664 2886 etc.
747 2839 823 2885 Sic
851 2839 959 2886 cod.
1034 2858 1168 2897 rem,·
1218 2843 1259 2896 5,
1292 2843 1334 2887 8.
1376 2845 1572 2887 adlatas
1603 2850 1649 2889 et
1679 2843 1933 2897 achimas,-

66 2897 170 2943 MS.
192 2899 293 2943 edd.
307 2899 409 2944 Ber.
426 2899 549 2955 Alc.;
576 2914 674 2942 mm
695 2900 963 2955 impruden·

66 2966 161 3002 tem
182 2956 496 3002 edd.Rbenan.
516 2973 615 3016 sqq.
659 2956 747 3001 Sed
773 2963 964 3015 praestat

67 3022 190 3058 vetus
219 3014 456 3072 scriptura.
526 3015 642 3059 Sunt
683 3014 817 3058 verba
853 3028 963 3058 con·

1036 2904 1076 2953 5,
1088 2902 1132 2947 7.
1159 2903 1314 2945 multa
1322 2898 1582 2958 foedaque.
1634 2899 1931 2960 Pt-aegraves

1524 2954 1535 2969 Ι

1036 2966 1141 3005 sunt
1162 2959 1240 3003 διὰ
1266 2955 1406 3016 κόρου
1427 2971 1687 3018 γενομενοι.

1091 3020 1139 3061 in
1172 3026 1378 3074 tempore
1407 3019 1666 3062 trademus.
1721 3014 1794 3062 De
1813 3014 1928 3060 Lati·

68 3070 355 3124 iectantium,
406 3072 668 3117 rimantium
702 3071 962 3130 interroga-

67 3130 190 3174 tione
223 3130 395 3175 ironica
427 3146 643 3190 expressa.
687 3130 744 3173 cf.
776 3137 871 3174 not.
904 3129 960 3174 ad

65 3186 108 3235 2.
136 3187 202 3231 15.
227 3188 310 3231 sub
334 3204 408 3234 vv.
434 3191 568 3231 aliud
597 3189 684 3231 sihi
710 3188 959 3245 reliquum.

67 3244 363 3289 Germanice:
418 3244 555 3290 Olme
588 3246 802 3289 Beatum
838 3247 960 3288 habe

66 3303 198 3346 wohl
236 3301 444 3346 Tiberius
487 3306 635 3348 ee‘nem
677 3317 732 3347 eo
770 3299 960 3363 grossen

67 3360 221 3404 Ham
238 3361 330 3404 sich
351 3365 672 3418 untereogen?
718 3359 863 3404 lmmo
887 3371 959 3404 re*

67 3417 316 3476 spondentt
354 3420 614 3475 «Juaeu‘lum
652 3422 961 3463 meditatum-

69 3490 155 3530 τινε
185 3483 273 3522 etc.
334 3477 520 3523 Aeniam
552 3481 648 3522 und
667 3477 789 3522 Plan
822 3479 891 3523 sen·
914 3491 963 3522 es

69 3540 154 3577 etc.

1034 3076 1112 3119 nio
1136 3075 1178 3128 6,
1194 3076 1239 3119 4.
1300 3073 1430 3133 Opsii
1457 3074 1620 3119 exitum
1651 3073 1770 3120 haud
1791 3072 1928 3119 dubie

1036 3134 1082 3177 in
1105 3132 1229 3176 libris
1249 3130 1493 3192 deperditis
1513 3129 1699 3179 rettulit.

1090 3196 1366 3234 matertera.
1424 3189 1539 3236 Nam
1552 3188 1765 3249 Vipsania
1779 3222 1792 3243 ,
1814 3202 1930 3234 uxor

1034 3247 1202 3300 Asinii,
1269 3246 1598 3308 consanguinea
1647 3245 1927 3345 Agrippinae

1031 3321 1163 3349 soror
1189 3304 1298 3359 suit,
1328 3305 1413 3350 i.e.
1438 3304 1599 3350 eodem
1625 3314 1752 3363 patre
1810 3302 1938 3363 ipsa-⁸

1030 3361 1110 3406 nio
1149 3371 1280 3407 natae
1317 3362 1498 3413 ambae,
1555 3361 1731 3408 divorsa
1770 3364 1937 3406 matre.¹

1035 3420 1152 3480 Lips-

1083 3481 1356 3535 petendum.
1429 3477 1561 3524 Unus
1599 3476 1741 3524 Aldus
1788 3489 1924 3532 repe-

1035 3538 1238 3581 tendum.
