2222 4030
1803 258 1926 343 253.-
1943 260 2027 342 ⁷⁰2:

266 261 387 325 110
891 254 1442 321 :ANNALIUM

259 405 363 452 aut
392 390 536 449 alibi
568 385 746 466 quam
775 384 841 443 in
871 382 1100 447 theatro
1146 398 1570 462 spectarentur:
1632 397 1690 465 et
1723 397 2112 466 spectantium

259 471 696 536 immodestiam
713 472 916 530 exsilio
940 472 1235 529 multandi
1255 484 1510 547 potestas
1534 475 1913 548 praetoribus
1926 481 2110 542 fieret.

426 555 765 625 LXXVIII.
790 556 792 559 ’
821 555 1142 632 Templum
1185 567 1254 612 ut
1297 557 1363 614 in
1409 558 1646 615 colonia
1666 558 2112 622 *Tarraconensi

259 658 583 706 strueretur
595 640 858 717 Augusto
874 689 890 713 ‚
926 642 1260 718 petentibus
1281 638 1565 717 Hispanis
1586 640 1966 719 permissum,
2006 651 2112 706 da-
2175 651 2182 662 “’

258 745 503 809 tumque
543 730 610 787 in
648 746 857 788 omnes
900 725 1235 802 provincias
1270 729 1619 803 exemplum.
1716 729 2111 791 Centesimam

263 836 476 875 rerum.
489 815 790 874 venalium
811 823 944 887 post
971 812 1129 868 bella
1163 810 1363 867 civilia
1399 812 1731 871 institutam
1761 819 2111 893 deprecante

255 898 524 980 populo3⁴
558 899 741 957 edixit
773 896 1050 957 Tiberius
1092 895 1355 953 militare
1392 890 1685 974 aerarium
1730 923 1797 960 eo
1844 905 2107 962 subsidio

256 989 393 1045 niti:
437 986 613 1044 simul
644 986 928 1059 imparem
958 980 1129 1037 oneri
1159 1001 1286 1036 rem
1319 982 1651 1056 publicam,
1693 989 1812 1043 nisi
1830 989 2106 1048 vicesimo

252 1073 510 1133 militiae,
530 1088 688 1127 anno
709 1065 972 1125 veterani
996 1065 1453 1126 dimitterentur.
1506 1067 1588 1123 ita
1619 1073 1921 1143 proximae
1951 1076 2110 1132 sedi—-

253 1152 434 1218 tionis
454 1157 606 1213 male
627 1152 918 1220 consulta,
961 1150 1177 1226 quibus
1204 1151 1459 1208 sedecim
1480 1153 1911 1230 stipendiorum
1930 1159 2109 1218 finem

253 1248 682 1320 expresserant,
725 1237 944 1294 abolita
972 1235 1037 1290 in
1057 1248 1378 1310 posterum.
1496 1284 1499 1289 .
1808 1291 1810 1293 ,

417 1323 696 1386 LXXIX.
751 1319 971 1381 Actum
1013 1321 1228 1377 deinde
1272 1322 1337 1377 in
1373 1333 1580 1380 senatu
1615 1324 1694 1381 ab
1719 1319 2012 1384 Arruntio
2037 1341 2110 1387 -et

251 1407 424 1473 Ateio
437 1458 455 1484 ,
496 1431 574 1468 an
595 1411 671 1468 ob
690 1405 1084 1465 moderandas
1098 1404 1337 1464 Tiberis
1358 1408 1782 1468 exundationes
1803 1424 2107 1470 verteren-

246 1583 389 1631 dunt,
417 1584 527 1628 ‚uter
548 1578 627 1618 det
656 1578 782 1618 latus
812 1573 903 1616 illis
938 1572 1142 1629 (succes-

246 1637 430 1691 soribus-
447 1633 625 1692 Pyladis
649 1640 692 1674 et
714 1629 944 1690 Bathylli).
993 1630 1140 1676 Etiam

246 1694 448 1742 Plin.29‚
463 1693 500 1735 1.
524 1699 568 1733 et
579 1688 846 1734 Tertullian.
871 1687 925 1732 de
945 1698 1139 1748 spectac.

244 1769 290 1812 p.
316 1753 410 1797 100.
432 1750 489 1793 A.

302 1817 385 1852 aut
407 1807 532 1851 alibi.
569 1804 638 1850 Ne
661 1803 810 1854 domi,
832 1820 891 1848 ne
910 1802 958 1846 in
979 1802 1138 1849 hortis.

241 1867 293 1912 Li
328 1884 362 1910 5.

253 1949 259 1952 -
296 1884 467 1968 Ιἐαῖεςίἶίο
488 1920 738 1964 multandi.
783 1917 1136 1962 .Edd.Beroald.

243 1980 506 2026 RhemA‘ld.
520 1978 663 2022 exilio
685 1978 954 2020 mulctandi.
999 1976 1136 2035 Seqq.

243 2039 343 2084 edd.
364 2038 622 2088 multandi,
651 2035 717 2078 uti
739 2035 870 2077 habet
893 2033 1133 2078 cod.Flor.

244 2096 330 2140 litt.
363 2095 572 2152 Langob.‘
598 2110 684 2137 scr.
709 2092 777 2144 13,
798 2093 869 2134 28.
904 2100 946 2134 et
977 2090 1135 2147 optimi

243 2153 356 2203 libri,
390 2152 542 2195 Germ.
587 2168 627 2194 c.
658 2151 725 2192 12.
776 2149 834 2193 cf.
869 2147 1136 2191 Grotefend.

244 2211 326 2255 Gr.
360 2211 434 2254 lat.
467 2210 522 2253 ll.
566 2208 738 2266 §.182
807 2205 1135 2249 Recentiorum

243 2268 319 2312 alii
339 2266 498 2310 volunt
519 2268 774 2313 mulctare,
815 2263 889 2306 alii
911 2266 1112 2306 multare
1121 2277 1137 2316 ,-

241 2335 415 2372 veteres
459 2323 615 2367 eadem
656 2319 960 2365 inconstantia
1002 2320 1134 2363 labo-

239 2391 371 2428 rant..
415 2381 627 2425 Ceterum
650 2377 847 2435 intellige
868 2386 1133 2436 potestatem

240 2439 393 2485 exsilio
422 2438 648 2483 >multandi
680 2437 853 2487 datam,
892 2434 928 2478 si
952 2436 1133 2493 quando

239 2497 430 2546 leviores
481 2495 790 2539 correctiones
846 2493 926 2547 (ut
978 2509 1134 2536 carcer

238 2553 442 2606 insa-13,
463 2554 547 2610 28)
579 2568 672 2596 non
697 2550 905 2595 sufficere
929 2550 1133 2594 videren-

237 2622 328 2657 tur.

297 2670 493 2715 cm78.
537 2669 786 2723 Templum
820 2673 873 2707 ut
903 2667 952 2708 in
983 2667 1132 2708 colon.

240 2729 436 2773 Tarruc.
471 2736 556 2772 etc.
626 2723 821 2770 Duravit
853 2723 907 2765 ad
937 2731 1129 2764 aetatem

236 2786 435 2830 Traiani.
516 2784 738 2843 Spartian.
790 2781 839 2823 in
882 2779 958 2822 vit.
1002 2778 1127 2822 Trai.

238 2860 277 2886 c.
303 2845 368 2887 12.
390 2843 436 2886 in
459 2842 534 2886 vit.
556 2842 713 2885 Sever.
743 2855 782 2882 c.
804 2837 846 2882 3.
878 2836 939 2880 cf.
965 2836 1127 2880 Florez

235 2901 463 2944 Medallos
519 2900 573 2943 de
614 2898 813 2956 Espafia,
871 2894 1015 2938 Tabla
1056 2895 1126 2945 44,

235 2970 281 3018 p‘.
305 2957 679 3013 583.'(Brotier.).

296 3015 623 3058 Centesimum.
684 3011 988 3054 Ed.Beroald.
1019 3026 1124 3054 cen-

235 3073 490 3115 tessimam.
548 3071 619 3114 De
640 3087 690 3113 re
712 3069 797 3112 vid.
821 3078 914 3112 not.
935 3069 990 3112 ad
1004 3071 1043 3120 2,
1054 3070 1126 3114 42.

235 3139 280 3172 et
291 3129 542 3171 Burmann.
567 3129 621 3171 de
640 3126 842 3183 vectigal.
855 3127 990 3169 Rom.
1006 3144 1043 3170 c.
1059 3129 1125 3172 11.

235 3186 422 3231 sueton.
449 3184 554 3228 Oct.
580 3203 619 3228 c.
639 3186 710 3227 49.
741 3183 831 3226 Dio
853 3186 921 3236 55,
941 3183 1012 3227 25.

250 3270 258 3274 -
284 3243 500 3286 ,militare
521 3244 774 3285 aerarium.
830 3242 900 3285 De
922 3257 1012 3299 quo
1032 3242 1124 3286 vid.

236 3301 426 3345 sueton.
453 3299 558 3343 Oct.
591 3315 628 3342 c.
654 3299 725 3341 49.
761 3298 851 3341 Dio
877 3299 946 3347 55,
964 3299 1035 3342 25.

293 3359 388 3402 nisi
414 3358 628 3400 vicesimo
661 3372 723 3398 m.
758 3372 803 3398 a.
863 3356 956 3399 Dio
983 3357 1052 3405 57,
1080 3357 1122 3399 6.

235 3420 331 3465 τοῖς
353 3431 399 3459 τε
420 3411 717 3473 στρατιώταις
739 3417 833 3461 τοῖς
852 3415 902 3457 ἐν
920 3415 972 3472 τῇ
987 3419 1122 3457 Παν-

234 3477 368 3529 νονίᾳ
410 3471 466 3516 τὰ
507 3470 625 3516 αὐτὰ
670 3474 765 3519 τοῖς
814 3468 887 3513 ὑπ’
943 3475 1121 3516 ἐκείνου

238 3530 535 3587 (Germanici)
585 3531 796 3574 δοθεῖσιν
840 3526 1118 3587 ἐδωρήσατο.

233 3590 280 3640 ἐς
316 3591 478 3648 μέντοι
518 3586 569 3636 τὸ
611 3589 768 3634 ἔπειτα
810 3584 865 3631 οὐ
894 3583 1121 3646 πρότερον

1212 1570 1320 1623 τοὺς
1350 1574 1434 1647 ἔξω
1467 1576 1547 1631 τῆς
1573 1573 1766 1626 Ἰταλίας
1793 1581 2107 1639 στρατευομέ-

1211 1648 1321 1682 νους
1362 1635 1532 1701 αἶιέλυε
1577 1635 1689 1694 πρὶν
1727 1634 1782 1678 τὰ
1822 1641 1996 1681 εἴκοσιν
2027 1639 2104 1695 ἔτη

1211 1695 1599 1759 στριξτευσασθαι.
1669 1691 1753 1736 Ed.
1786 1693 1996 1741 Beroald.
2030 1699 2103 1741 vi-

1189 1764 1418 1800 ‚cessuria

1268 1808 1470 1850 sedecim
1495 1809 1826 1863 stipendiorum
1836 1806 1991 1866 finem
2010 1828 2104 1856 ex-

1203 1872 1492 1919 presserant.
1562 1865 1804 1910 Brevitatis
1838 1868 1986 1912 studio
2025 1872 2106 1915 ob·

1207 1938 1366 1966 scurus
1388 1922 1461 1965 hic
1481 1923 1796 1981 interpretibus
1809 1924 1975 1970 Noster
1997 1944 2102 1973 eva-

1207 1980 1277 2023 sit.
1368 1979 1459 2023 Sed
1512 1982 1664 2039 accipe
1715 1983 1959 2038 genitivum
2017 2003 2107 2044 pro.

1206 2037 1408 2137 §.genitivo
1434 2038 1685 2095 qualitatis,
1714 2048 1764 2081 ut
1788 2039 1957 2084 indicet
1989 2060 2105 2102 qua-

1225 2111 1294 2137 em
1329 2095 1467 2138 finem
1501 2095 1799 2153 expresserint
1823 2114 1885 2140 sc.
1908 2101 2107 2146 sedecim

1207 2168 1457 2200 annorum,
1496 2161 1545 2194 ut
1577 2153 1768 2196 dicimus
1791 2154 1995 2201 exsilium
2018 2159 2102 2203 de-

1208 2225 1307 2252 ceni
1341 2225 1592 2259 annorum,
1631 2210 1749 2252 diem
1782 2212 1935 2268 viginti
1966 2206 2102 2274 quat-

1205 2274 1311 2310 tuor
1331 2267 1565 2311 horarum.
1595 2267 1763 2311 Latiori
1780 2277 1927 2314 tamen
1937 2273 2102 2320 Noster

1207 2323 1348 2368 utitur
1386 2325 1567 2368 licentia
1609 2326 1655 2367 in
1697 2325 1948 2380 adhibendo
1982 2336 2100 2390 geni-

1206 2379 1296 2446 tiyo
1315 2414 1326 2431 ‚
1358 2397 1484 2425 more
1500 2381 1809 2437 Graecorum,
1842 2389 2004 2444 quibus
2026 2409 2101 2450 ge-

1206 2440 1456 2482 univorum
1488 2439 1588 2483 finis
1626 2440 1671 2484 in
1707 2440 1794 2486 hoc
1817 2461 1980 2501 genere
2004 2449 2099 2493 fere

1204 2496 1387 2547 nullus,
1453 2513 1539 2540 nec
1580 2497 1691 2541 adeo
1733 2499 1802 2543 his
1845 2502 2098 2562 displicebit

1204 2554 1447 2599 ἑκκαίδεκα
1480 2556 1598 2599 ἑτῶν
1627 2559 1766 2606 τέλος.
1829 2558 2098 2614 ΟυεεΕῃ-ο.

1203 2615 1365 2656 novius
1425 2613 1606 2662 attulit,
1689 2614 1800 2658 nihil
1859 2608 2098 2676 explicant.

1201 2669 1501 2713 Freinshemii
1529 2671 1806 2716 emendatio:
1845 2686 1981 2718 sexto
2010 2683 2102 2721 de-

1201 2729 1319 2770 cimo
1338 2728 1674 2780 stipendiorum
1682 2729 1850 2785 finem,
1880 2733 1983 2776 satis
2008 2735 2096 2780 ele.

1200 2801 1308 2850 gans
1349 2793 1441 2833 est,
1499 2784 1691 2829 mininie
1727 2795 1891 2833 ,tamen
1932 2807 2097 2837 neces-

1197 2859 1326 2886 saria.

1255 2899 1367 2943 CAP.
1391 2899 1462 2942 79.
1522 2914 1589 2942 an
1620 2902 1675 2943 ob
1699 2906 2020 2951 moderandas
2039 2909 2095 2956 T.

1200 2972 1276 3000 ex.
1315 2964 1623 3000 verterentur.
1681 2959 1746 3002 Ex
1775 2977 1902 3005 mero
1937 2980 2096 3010 emen-

1201 3014 1334 3058 dandi
1358 3014 1507 3057 studio
1527 3014 1760 3063 Ernestius
1785 3036 1867 3077 pro
1889 3022 1944 3062 ob
1966 3023 2095 3067 vole-

1197 3073 1272 3115 bat
1302 3075 1391 3122 ad;
1427 3071 1637 3115 Heinsius
1662 3084 1986 3121 averterentur
2007 3097 2091 3138 pro

1197 3134 1500 3173 verterentur.
1569 3131 1718 3173 lmmo
1752 3135 1807 3175 ob
1842 3144 1988 3179 exacte
2023 3156 2092 3182 re-

1197 3187 1390 3245 spondet
1423 3186 1511 3228 loci
1547 3187 1730 3233 rationi.
1791 3190 1905 3233 Nam
1936 3197 2090 3239 mode-

1195 3244 1359 3286 randas
1382 3259 1476 3286 esse
1496 3243 1548 3286 Τ.
1570 3245 1890 3290 exundationes
1914 3251 1978 3293 nil
2001 3269 2090 3296 ani-

1196 3301 1454 3366 bigr-*baturg
1487 3309 1528 3342 at
1550 3318 1606 3344 an
1631 3305 1687 3346 ob
1714 3307 2015 3351 moderandas
2039 3310 2089 3352 il-

1194 3358 1256 3399 las
1299 3357 1486 3400 flumma
1525 3367 1828 3413 verterentur,
1887 3369 2088 3420 quaestio

1194 3423 1300 3458 erat.
1361 3418 1529 3457 Averti
1557 3427 1703 3460 autem
1733 3419 1921 3463 flumina
1955 3432 1996 3466 et
2026 3425 2088 3468 la·

1195 3489 1272 3515 cus
1294 3487 1394 3537 nou
1412 3481 1633 3538 poterant,
1654 3476 1732 3519 sed
1755 3485 1930 3520 tantum
1953 3485 2085 3525 verti.

1192 3530 1244 3572 Id
1269 3528 1500 3574 latinitaus
1524 3548 1690 3589 gnarus
1715 3533 1875 3578 sentiet
1896 3552 1966 3580 me
1990 3555 2084 3584 non

1193 3594 1422 3631 monente.
