2222 4030
1788 247 1843 287 Α.
1858 251 1912 286 U.
1931 248 2013 289 769.

1789 292 1846 331 A.
1861 293 1907 330 C.
1952 294 2012 330 16.

251 253 371 313 138
907 244 1427 311 ANNALIUM

246 401 499 459 superne
542 378 756 438 ictibus
797 379 1305 438 conflictabantur.
1403 375 1602 437 Sensit
1649 381 1768 439 dux
1812 386 2098 461 imparem

247 468 517 526 cominus
541 484 829 541 pugnam,
870 465 1226 540 remotisque
1248 464 1495 538 paulum
1525 465 1860 539 legionibus
1892 472 2099 535 fundi-

245 565 402 610 tores
423 552 847 628 libratoresque
873 549 1275 606 excutere'tela
1301 560 1358 605 et
1380 552 1729 624 proturbare
1755 549 1984 611 hostem
2005 558 2099 613 iu-

244 639 361 698 bet.
414 637 623 692 missae
647 657 677 692 e
698 636 1006 692 tormentis
1030 630 1258 702 hastae,
1291 647 1629 712 quantoque
1653 640 1954 714 conspicui
1973 662 2100 696 ma-

244 723 333 797 gis
381 733 876 797 propugnatoreS‚
937 731 1101 775 tanto
1152 718 1423 792 pluribus
1477 723 1823 780 vulneribus
1875 725 2100 784 deiecti.

243 806 482 864 Primus
505 804 718 864 Caesar
752 827 886 863 cum
913 803 1222 879 praetoriis
1250 801 1591 863 cohortibus
1617 821 1785 884 capto
1811 811 1969 866 vallo
2000 812 2102 867 de·-

246 893 335 950 dit
369 891 654 968 impetum
679 892 744 946 in
774 892 975 946 silvas:
1027 889 1239 944 collato
1268 890 1389 947 illic
1418 893 1604 965 gradu
1632 907 1931 954 certatum.
1990 891 2101 952 ho·
2158 937 2165 941 -

246 990 395 1036 stem
413 998 449 1035 a
470 988 631 1051 tergo
655 978 823 1052 palus
840 1021 856 1044 ,
898 972 1208 1031 Romanos
1237 974 1462 1031 flumen
1487 989 1587 1034 aut
1610 991 1839 1035 montes
1864 981 2100 1036 claude-

244 1064 414 1121 bant:
456 1063 722 1139 utrisque
748 1059 1055 1117 necessitas
1079 1059 1145 1116 in
1179 1059 1343 1130 loco,
1385 1081 1514 1137 spes
1547 1063 1614 1119 in
1642 1064 1891 1133 virtute,
1946 1066 2102 1122 salus

247 1168 317 1206 ex
339 1149 605 1207 victoria.

416 1287 585 1349 XXI.
645 1287 768 1350 Nec
809 1288 1010 1344 minor
1048 1283 1364 1343 Germanis
1416 1288 1676 1347 animus:
1741 1288 1843 1347 sed
1890 1310 2101 1364 genere

242 1397 472 1456 pugnae
501 1387 556 1432 et
577 1395 879 1431 armorum
901 1373 1358 1449 superabantur,
1401 1395 1536 1430 cum
1555 1375 1762 1449 ingens
1784 1378 2101 1434 multitudo

244 1463 387 1521 artis
412 1461 556 1518 locis
578 1460 925 1536 praelongas
948 1454 1143 1516 hastas
1170 1478 1296 1513 non
1324 1462 1734 1535 protenderet,
1785 1482 1910 1518 non
1935 1463 2103 1518 colli-

244 1559 431 1622 geret,
475 1565 667 1622 neque
706 1544 1036 1601 adsultibus
1066 1555 1122 1600 et
1145 1543 1450 1600 velocitate
1477 1566 1794 1622 corporum
1822 1559 2104 1618 uteretur,

244 1644 442 1690 coacta
475 1631 682 1687 stabile
722 1631 796 1686 ad
832 1629 1151 1705 proelium:
1219 1641 1424 1685 contra
1467 1633 1664 1702 mileS,
1730 1633 1841 1688 cuir
1874 1645 2103 1690 scutum

241 1717 467 1794 pectori
504 1717 847 1791 adpressum
874 1727 930 1771 et
955 1715 1218 1770 insidens
1249 1715 1455 1788 capulo
1484 1738 1728 1787 manus,
1780 1717 1930 1774 latos
1966 1720 2104 1775 bar-

241 1804 526 1860 barorum
551 1812 729 1871 artuS,
771 1801 933 1857 nud'a
956 1819 1058 1856 ora
1083 1799 1313 1855 foderet
1333 1800 1608 1879 viamque
1633 1814 1820 1876 strage
1842 1798 2106 1860 hostium

245 1888 529 1964 aperiret,
575 1888 894 1962 impromto
935 1885 1055 1941 iam
1080 1879 1356 1940 Arminio
1397 1888 1473 1944 ob
1512 1888 1794 1957 continua
1825 1890 2105 1964 pericula,

246 1974 368 2030 sive
395 1974 567 2029 illum
598 1992 799 2028 recens
834 1982 1137 2046 acceptum
1160 1970 1379 2027 vulnus
1405 1974 1756 2033 tardaverat.
1846 1972 2013 2046 Quin
2048 1986 2104 2030 et

244 2057 690 2132 Inguiomerum
728 2069 851 2114 tota
884 2056 1232 2113 volitantem
1269 2056 1390 2113 acie
1429 2059 1668 2116 fortuna
1705 2059 1889 2132 magis
1927 2081 2104 2136 quam

241 2145 432 2201 virtus
467 2143 785 2201 deserebat.
844 2154 901 2198 et
931 2139 1349 2210 GermanicUS,
1406 2164 1522 2219 quo
1553 2145 1739 2218 magis
1763 2164 2106 2218 agnoscere-

241 2223 371 2299 tur,
416 2230 743 2296 detraxerat
763 2228 1019 2301 tegimen
1041 2226 1217 2300 capiti
1242 2226 1588 2305 orabatque,
1618 2229 1955 2287 insisterent
1977 2251 2105 2287 cae-

244 2315 448 2372 dibus:
507 2314 597 2369 nil
650 2333 798 2387 opus
848 2311 1121 2387 captiviS,
1179 2313 1364 2366 solam
1405 2314 1871 2371 internecionem
1918 2315 2105 2389 gentis

242 2400 423 2463 finem
447 2399 604 2456 bello
634 2399 780 2458 fore.
866 2395 1274 2474 Iamque'sero
1316 2396 1435 2455 diei
1469 2400 1746 2458 subducit
1777 2421 1845 2457 ex
1873 2401 1994 2458 acie
2018 2402 2106 2457 le-

241 2591 314 2636 45.
341 2599 506 2647 portas
529 2591 807 2644 succedunt,
850 2587 976 2632 Caes.
1001 2587 1056 2631 B.
1081 2585 1140 2630 G.
1210 2586 1310 2631 Lib.
1334 2589 1403 2633 10.
1436 2598 1469 2634 t.
1494 2590 1566 2634 64.
1598 2591 1628 2634 l.
1656 2591 1696 2634 1.
1721 2607 1805 2637 nec
1838 2591 2048 2635 dicantur
2081 2609 2106 2636 a

242 2651 284 2703 2,
328 2651 372 2698 6.
445 2648 660 2694 Similiter
691 2647 800 2691 Tac.
834 2647 948 2690 Hist.
988 2646 1029 2697 3,
1066 2646 1141 2687 29.

242 2703 358 2765 'quos
387 2708 618 2750 inciderat
646 2721 730 2763 pro
759 2706 811 2753 in,
830 2718 942 2760 quos
966 2704 1143 2746 cecide-

242 2774 337 2819 rat.
397 2763 583 2808 Frustra
606 2763 743 2822 igitur
765 2763 974 2807 Muretus
993 2776 1142 2803 emen-

245 2823 406 2878 dabat:
465 2830 517 2865 ιιι
563 2821 607 2864 si
645 2836 780 2864 muro
829 2822 1142 2870 succederent,

246 2895 507 2940 quanquam
534 2895 581 2922 ea
604 2894 786 2936 quoque
810 2885 1032 2920 structura
1069 2892 1145 2919 ex-

247 2938 448 2995 emplum
491 2936 622 2979 hahet
666 2935 784 2993 apud
828 2934 927 2978 Liv.
963 2933 1034 2984 23,
1071 2934 1143 2977 44.

252 2996 403 3052 Quem
441 3002 492 3039 ut
521 2994 792 3037 successisse
831 2993 985 3035 muris
1008 2991 1144 3034 Mar-

244 3050 387 3103 'cellus
410 3053 540 3095 vidit.

249 3163 251 3166 Ι
305 3111 658 3163 libratoresque.
738 3107 792 3150 In
827 3107 929 3151 cod.
964 3105 1070 3149 MS.
1106 3105 1142 3148 Ι.

252 3164 516 3215 Gronovius
577 3166 745 3208 invenit.
796 3166 1146 3219 libritoresque5

249 3224 316 3278 sic,
342 3217 480 3277 ⁸etiam
515 3221 562 3263 in
598 3223 696 3264 cod.
728 3222 851 3267 Flor.
885 3223 969 3265 litt.
1005 3222 1144 3278 Lang.

250 3278 508 3337 scr.13,39.
524 3309 538 3327 ,
566 3280 687 3336 quod
712 3279 784 3322 ille
809 3279 1006 3323 defendit
1027 3293 1143 3336 pro-

249 3337 358 3395 p'ter.
376 3335 625 3395 analogiam
644 3336 692 3378 in
714 3338 880 3393 libr-ile,
903 3338 1142 3391 libripens.

250 3395 482 3442 Ernestius
516 3404 620 3437 non·
644 3395 835 3451 recepit,
879 3394 987 3453 quia
1023 3391 1143 3452 apud

249 3454 450 3498 Plinium
470 3466 636 3495 omnes
659 3450 760 3493 libri
785 3450 975 3496 babeant
999 3452 1141 3494 libra-

252 3519 404 3560 tore-⁹,
431 3510 659 3568 iidemque
677 3507 764 3551 sint
785 3507 833 3551 in
853 3509 964 3554 Cod.
988 3508 1144 3552 Theo-

253 3569 352 3625 dos.
388 3569 438 3612 L.
469 3567 536 3613 13.
574 3575 605 3612 t.
633 3565 740 3620 4.,1.
768 3565 813 3609 2.
883 3565 994 3611 cod.
1028 3568 1139 3614 lust.

1213 2647 1355 2694 libra,
1399 2649 1476 2691 sed
1507 2666 1531 2692 a
1560 2649 1792 2692 librando.
1863 2649 1902 2690 V
1906 2649 2104 2707 ulgatum

1213 2701 1379 2749 habent
1403 2706 1503 2773 edd.
1528 2706 1634 2750 Ber.
1653 2705 1797 2750 Rhen.
1819 2706 1924 2751 Ald.
1948 2723 2045 2765 sqq.

1229 2807 1232 2810 ·
1273 2788 1385 2833 CAP.
1410 2789 1480 2833 21.
1540 2804 1712 2844 genere
1732 2805 1924 2845 pugnae
1950 2798 1995 2832 et
2018 2805 2105 2833 ar-

1215 2862 1419 2890 morum.
1481 2846 1540 2891 cf.
1566 2864 1683 2907 supr.
1716 2865 1755 2892 e.
1783 2847 1852 2891 14.

1273 2931 1486 2974 insidens
1515 2934 1680 2987 capulo
1705 2946 1892 2974 manus,
1953 2931 2105 2989 Capu-

1214 2989 1310 3033 lum
1340 2989 1536 3045 intellige
1565 2990 1621 3033 ad
1654 2989 1888 3047 tegendam
1919 3005 2104 3037 manum

1215 3047 1498 3090 munimento
1526 3047 1724 3104 quodam
1745 3048 2030 3092 instructum.

1272 3134 1402 3172 nuda
1437 3144 1542 3174 ora.
1603 3129 1662 3174 cf.
1692 3128 1847 3172 Germ.
1877 3146 1916 3171 c.
1938 3130 1982 3174 6.
2023 3131 2107 3174 vix

1215 3188 1302 3230 uni
1319 3189 1514 3230 alterive
1537 3188 1680 3229 cassis
1698 3195 1782 3229 aut
1804 3189 1957 3241 galea.

1272 3275 1554 3326 imprompto
1586 3271 1685 3313 iam
1706 3270 1942 3315 Arminio,
2005 3272 2106 3314 Vo-

1216 3331 1428 3381 cabulum
1471 3329 1693 3372 Arminio
1745 3328 1866 3372 deest
1908 3329 1957 3371 in
2000 3329 2103 3372 cod.

1214 3387 1316 3431 MS.
1344 3396 1387 3430 et
1410 3385 1481 3433 ed.
1508 3386 1717 3430 Beroald.
1743 3386 1791 3429 in
1825 3402 1909 3442 qua
1944 3395 2008 3429 est
2042 3385 2101 3430 la·

1215 3460 1344 3488 cuna.
1376 3443 1600 3502 Edd.sqq.
1616 3444 1779 3488 habent
1799 3460 1822 3487 e
1846 3444 2101 3487 coniectura

1212 3499 1438 3546 Beroaldi.

1212 3569 1431 3606 sceretur.

1498 3504 1610 3549 Mox
1643 3502 1743 3547 edd.
1778 3508 1886 3549 vett.
1921 3504 2104 3555 adgno-
