2222 4030
959 203 1151 265 A'N'N
1166 203 1215 264 A
1234 206 1284 264 L
1302 204 1324 262 l
1342 204 1395 263 U
1411 203 1483 262 M
1827 202 1880 282 *ᾖ
1902 203 2063 280 137⁸&

1946 274 1958 284 .
2004 249 2065 282 35.

293 218 419 275 418

299 343 604 406 Artabano
641 338 938 414 reliquum
975 357 1151 414 quam
1187 335 1235 390 si
1266 335 1367 410 qui
1391 345 1765 391 externorum
1789 340 2024 414 corpori
2048 361 2152 396 cu-

303 433 496 489 stodes
525 428 796 492 aderant,
849 421 968 488 sujs
991 423 1238 498 quisque
1272 421 1510 475 sedibus
1545 431 1831 491 extorreS,
1876 423 2008 499 quis
2043 444 2151 480 ne-

303 536 416 594 que
439 511 586 570 boni
611 510 940 566 intellectus
965 526 1155 581 neque
1183 504 1326 560 mali
1350 525 1486 560 cura
1502 550 1519 573 ‚
1562 507 1663 560 sed
1687 510 1955 563 mercede
1979 509 2152 564 alun-

300 615 430 670 tur,
470 595 732 653 ministri
759 592 1091 648 sceleribus,
1178 586 1272 645 his
1307 590 1631 663 adsumptis
1665 590 1730 646 in
1753 593 2075 669 longinqua
2098 605 2153 649 et

287 682 667 743 ‘contermina
688 673 960 756 Scythiae
993 677 1192 747 fugam
1215 674 1564 744 maturavit,
1608 693 1708 750 spe
1744 678 1974 746 auxilii,
2015 678 2151 754 quia

298 768 590 849 Hyrcanis
611 763 1055 836 Carmaniisque
1082 780 1189 834 per
1211 759 1570 816 adfinitatem
1594 760 1844 817 innexus
1873 773 2020 818 erat:
2066 774 2155 818 at-

300 877 413 933 que
440 851 681 910 interim
702 868 868 925 posse
889 841 1174 914 Parthos,
1218 845 1551 900 absentium
1569 858 1805 922 aequos
1823 892 1840 916 ‚
1879 867 2156 922 praesen-

291 944 459 998 ¹tibus
481 936 729 994 mobiles
743 980 758 1001 ‚
801 933 875 988 ad
899 930 1325 1004 poenitentiam
1345 929 1582 988 mutari.

468 1017 781 1080 XXXVII.
838 1011 922 1073 At
951 1014 1230 1072 Vitellius
1269 1015 1518 1089 profugo
1554 1013 1861 1071 Artabano
1901 1026 1958 1071 et
1988 1015 2155 1071 flexis

304 1113 379 1169 ad
413 1127 636 1166 novum
671 1122 865 1176 regem
891 1101 1271 1175 popularium
1297 1099 1510 1154 animis
1536 1095 1802 1156 hortatus
1826 1099 2156 1156 Tiridatem

296 1188 503 1273 'parata
537 1208 830 1265 capessere
865 1187 1051 1242 robur
1080 1186 1384 1259 legionum
1419 1185 1830 1261 sociorumque
1865 1186 2056 1260 ripam
2081 1188 2155 1242 ad

302 1277 624 1356 Euphratis
650 1274 829 1331 ducit.
893 1270 1354 1327 sacrificantibus
1372 1315 1388 1339 ‚
1425 1290 1561 1325 cum
1583 1266 1682 1326 hic
1705 1269 2155 1329 moreRomano

290 1359 723 1423 suovetaurilia
746 1360 940 1425 daret,
981 1357 1082 1411 ille
1111 1375 1329 1431 equum
1363 1355 1649 1430 placando
1682 1356 1846 1412 amni
1876 1357 2157 1412 adornas—

250 1456 252 1458 ’
294 1449 421 1520 set,
480 1445 829 1503 nuntiavere
877 1442 1114 1498 adcolae
1149 1436 1518 1521 Euphratem
1564 1441 1730 1496 nulla
1775 1441 2057 1497 imbrium
2095 1441 2158 1498 vi

309 1545 513 1612 sponte
543 1543 598 1588 et
625 1531 982 1585 immensum
1010 1526 1232 1596 attolli,
1286 1525 1463 1582 simul
1489 1526 1824 1582 albentibus
1849 1526 2070 1601 spumis
2094 1526 2158 1581 in

308 1616 550 1678 modum
585 1613 933 1672 diadematis
982 1613 1216 1669 sinuare
1262 1612 1469 1680 orbeS,
1521 1611 1848 1686 auspicium
1893 1613 2161 1687 prosperi

308 1719 717 1777 transgressus,
805 1698 1050 1775 quidam
1094 1696 1366 1752 callidius
1410 1696 1948 1771 interpretabantur
1992 1697 2160 1755 initia

308 1801 553 1849 conatus
604 1786 859 1842 secunda
909 1803 1101 1859 neque
1148 1782 1458 1850 diuturna,
1522 1781 1663 1858 quia
1712 1801 1944 1851 eorum,
2013 1803 2160 1858 quae

310 1890 465 1935 terra
504 1873 739 1929 coelove
786 1870 1308 1944 portenderentur,
1363 1866 1790 1936 certior‘fides‚
1842 1867 2161 1926 fluminum

312 1959 605 2040 ipstabilis
631 1967 840 2011 natura
863 1954 1039 2009 simul
1062 1953 1392 2008 ostenderet
1416 1952 1617 2008 omina
1639 1964 1998 2028 raperetque.
2045 1953 2162 2011 Sed

311 2057 491 2123 ponte
527 2042 778 2098 navibus
817 2040 1020 2095 effecto
1058 2038 1443 2112 tramissoque
1482 2038 1736 2094 exercitu
1773 2038 2001 2112 primus
2039 2037 2163 2097 Or-

313 2131 601 2204 nospades
624 2125 841 2192 „multis
873 2124 1137 2200 equitum
1173 2122 1443 2178 millibus
1467 2123 1530 2177 in
1555 2134 1741 2179 castra
1767 2123 1956 2191 venit,
2000 2125 2162 2180 exsul

315 2216 617 2293 quondam
654 2222 710 2266 et
740 2209 1019 2278 Tiberio,
1069 2228 1204 2265 cum
1226 2205 1624 2264 Dalmaticum
1655 2208 1879 2264 bellum
1915 2209 2165 2265 confice-

313 2313 433 2370 ret,
474 2294 637 2353 haud
663 2295 950 2366 inglorius
971 2293 1284 2367 auxiliator
1307 2312 1493 2368 eoque
1515 2292 1747 2348 civitate
1761 2290 2034 2351 Romana
2057 2294 2174 2350 d0-‘

317 2397 517 2442 natus:
564 2401 702 2436 mox
736 2378 980 2453 repetita
1012 2378 1267 2434 amicitia
1303 2378 1458 2451 regis
1491 2379 1680 2434 multo
1709 2380 1864 2453 apud
1893 2395 2031 2435 eum
2054 2375 2164 2435 ho-

377 2546 748 2601 Carmaniisque.
808 2542 885 2587 Sic
915 2541 1019 2586 eod.
1039 2540 1143 2584 MS.
1167 2549 1211 2584 et

318 2608 420 2652 edd.
467 2618 624 2648 omnes
665 2610 841 2661 praeter
876 2601 946 2642 ed.
981 2597 1209 2646 Gronovii

318 2664 444 2710 1672.
465 2677 578 2721 quae
599 2661 674 2704 dat
689 2659 1042 2713 Cat-manisque.

378 2744 568 2792 CAP.37.
586 2749 766 2798 parata
788 2755 1041 2796 capessere.
1073 2739 1208 2782 Hein-

318 2805 410 2850 sius
450 2801 635 2859 corrigit
676 2806 954 2855 capesseret.
1013 2798 1212 2840 Frustra.

319 2863 434 2906 Nam
456 2867 643 2916 utraque
664 2865 886 2900 structura
910 2871 1016 2898 sana
1037 2863 1117 2898 est.
1151 2853 1210 2898 cf.

323 2921 391 2968 12,
416 2918 486 2961 49.
522 2916 701 2971 regium
729 2915 907 2967 insigne
927 2927 1112 2956 sumere
1136 2928 1215 2954 co-

319 2981 559 3026 hortatur.
608 2972 683 3016 Sic
703 2985 898 3014 monere
921 2986 1024 3013 cum
1049 2968 1212 3013 infinit.

325 3038 363 3087 1,
385 3033 455 3076 63.
489 3032 555 3080 12,
576 3031 645 3073 46.
679 3028 744 3079 13,
770 3028 838 3071 37.
872 3028 936 3079 16,
967 3029 1038 3072 11.
1099 3026 1211 3070 Hist.

323 3094 365 3144 4,
386 3090 455 3133 33.
515 3088 726 3132 Ceterum
750 3087 819 3129 ed.
842 3087 942 3129 Ald.
969 3086 1044 3128 dat
1075 3100 1209 3135 cape-

320 3162 451 3194 scere
462 3179 474 3197 ,
503 3146 567 3188 uti
593 3143 720 3188 solet.

378 3229 724 3275 suovetaurilia.
785 3225 859 3269 Sic
880 3225 980 3268 edd.
1001 3225 1209 3268 Beroald.

325 3290 423 3334 Ale.
456 3287 657 3330 Rhenan.
687 3284 807 3343 Lips.
845 3299 942 3341 sqq.
1013 3282 1212 3326 Alciatus

325 3347 518 3391 malebat
583 3343 868 3386 solitaurilia
885 3374 897 3395 ,
974 3340 1213 3382 Rhenanus

325 3420 432 3458 sue,
474 3416 583 3455 ove,
616 3401 836 3447 taurilia,
866 3399 928 3441 uti
952 3398 1094 3440 Aldus
1117 3398 1213 3439 edi-

327 3462 405 3504 dit.
449 3459 688 3501 Rhenanus
712 3457 766 3499 ita
788 3457 1012 3498 invenerat
1039 3455 1085 3497 in
1110 3455 1211 3498 cod.

323 3518 426 3562 MS.
463 3516 559 3564 Liv.
597 3518 634 3564 1,
665 3514 735 3558 44.
783 3513 858 3556 ubi
898 3512 1030 3556 hodie
1075 3511 1208 3555 etiam

1278 2542 1668 2586 suovetaurilibus
1699 2541 1905 2599 legimus.
1963 2542 2031 2585 Ne
2065 2549 2167 2601 puta

1277 2598 1497 2656 placando
1518 2598 1700 2641 flumini
1716 2601 2055 2642 suovetaurilia
2076 2609 2168 2643 tum

1278 2672 1302 2699 a
1315 2654 1532 2697 Romanis
1551 2671 1644 2698 esse
1666 2656 1796 2706 saeta,
1817 2656 1891 2698 sed
1909 2656 1964 2700 ad
1982 2658 2165 2700 lustran-

1280 2713 1388 2756 dum
1429 2711 1690 2755 exercitum.
1761 2712 1898 2756 Marti
1933 2714 2054 2757 enim
2089 2713 2163 2758 fie-

1283 2771 1391 2813 bant
1417 2768 1493 2811 illa
1516 2785 1655 2821 saera,
1681 2771 2014 2828 nonEuphrati,
2037 2787 2166 2829 quem

1285 2826 1485 2870 venerari
1505 2826 1739 2870 Romanos
1759 2843 1851 2871 non
1875 2828 2073 2872 decebat.
2110 2830 2167 2872 cf.

1286 2883 1378 2928 Liv.
1409 2886 1450 2935 1,
1466 2882 1541 2927 44.
1572 2884 1703 2935 8,10.
1763 2885 1922 2928 Persae
1986 2887 2168 2930 lacando

1285 2942 1406 2984 amni
1427 2957 1591 2998 equum
1617 2942 1907 2986 adornarunt.
1947 2903 2018 2986 Be
2039 2960 2168 3001 equo,

1283 2999 1476 3041 solemni
1498 2999 1738 3043 Persarum
1762 3000 1954 3045 victima.
2015 3000 2074 3046 cf.
2099 3001 2166 3045 lu-

1283 3056 1385 3099 stin.
1422 3056 1464 3104 4,
1500 3058 1566 3099 10.
1641 3057 1848 3116 Xenoph.
1879 3057 2023 3102 Anah.
2054 3061 2096 3111 4,
2126 3059 2166 3102 5.

1284 3112 1348 3155 ld.
1375 3114 1540 3172 Cyrop.
1564 3114 1603 3164 8,
1623 3112 1664 3156 3.

1335 3171 1384 3212 in
1429 3174 1623 3213 modum
1659 3173 1959 3216 diadematis.
2032 3173 2168 3216 Nam-

1283 3243 1369 3283 que
1422 3228 1626 3271 diadema
1679 3239 1743 3272 est
1786 3229 1922 3273 fascia
1969 3230 2168 3274 candida.

1284 3286 1472 3330 Sueton.
1491 3286 1571 3328 lul.
1596 3303 1635 3330 c.
1651 3287 1722 3329 79.
1784 3287 1985 3330 Valerius
2003 3288 2169 3340 RIaxAE,

1284 3343 1326 3391 2,
1342 3343 1382 3385 7.
1442 3343 1575 3385 Silius
1599 3345 1663 3391 16,
1676 3345 1773 3386 241.
1837 3345 1952 3388 Plin.
1983 3347 2048 3394 11,
2072 3345 2138 3387 16.

1338 3402 1555 3454 prosperi
1583 3410 1909 3456 transgressus.
1971 3403 2046 3445 Sic
2070 3402 2168 3446 edd.

1285 3457 1490 3501 Beroald.
1538 3457 1739 3502 Rhenan.
1788 3475 1884 3517 sqq.
1974 3460 2170 3505 Alciatus

1284 3514 1481 3559 ediderat
1498 3530 1719 3572 prospere
1736 3524 2067 3572 transgressus.
