2222 4030
1859 237 1910 274 A.
1924 238 1978 274 U·
1991 238 2075 274 77⁵.

1859 280 1913 320 A.
1929 280 1975 318 C.
2014 283 2075 319 22.

308 245 436 308 285
958 233 1484 299 ,A'NNALIUM

306 372 858 446 memorabaturque
878 365 948 428 L.
973 364 1203 424 Metelli
1220 365 1516 441 pontificis
1540 367 1782 424 maximi
1816 372 2162 448 exemplum,

310 461 414 539 qui
448 454 675 516 Aulum
714 451 1085 512 Postumium
1123 451 1427 507 flaminem
1469 452 1815 514 attinuisset.
1913 453 2002 514 Ita
2037 477 2162 514 sors

309 543 486 605 Asiae
529 541 594 598 in
640 559 804 618 eum,
847 539 950 616 qui
988 535 1388 593 consularium
1413 533 1816 611 Maluginensi
1859 541 2163 615 proximus

312 641 436 689 erat
447 675 464 700 ‚
507 620 736 684 collata.

477 730 726 798 LXXII.
811 730 1031 791 Iisdem
1065 730 1276 788 diebus
1300 729 1562 808 Lepidus
1595 735 1668 791 ab
1703 747 1909 793 senatu
1940 737 2165 812 petivit,

305 839 373 886 ut
403 823 706 883 basilicam
725 815 955 887 Paulli,
997 811 1254 874 Aemilia
1281 818 1672 890 monimenta,
1713 821 1953 897 propria
1987 843 2168 897 pecu-

307 913 412 969 nia
451 911 708 967 firmaret
757 912 1128 977 ornaretque.
1216 913 1339 958 erat
1380 903 1556 959 etiam
1590 915 1718 960 tum
1753 905 1819 962 in
1854 927 2019 964 more
2050 929 2166 983 pu-

307 997 463 1055 blica
489 989 918 1052 munificentia:
959 1006 1068 1043 nec
1093 981 1394 1060 Augustus
1415 987 1987 1061 arcueratTaurum,
2018 988 2167 1057 Phi-

307 1085 568 1160 lippum,
620 1075 904 1143 Balbum,
960 1067 1201 1128 hostiles
1236 1073 1473 1129 exuvias
1509 1084 1611 1130 aut
1640 1075 1991 1132 exundantis
2026 1097 2167 1153 opes

307 1177 583 1227 ornatum
632 1162 706 1218 ad
741 1158 908 1216 urbis
947 1167 1004 1214 et
1039 1168 1338 1233 posterum
1377 1157 1627 1232 gloriam
1666 1160 1951 1220 conferre.
2048 1182 2166 1238 quo
2195 1203 2197 1205 ·

305 1267 432 1315 tum
463 1246 727 1322 exemplo
752 1243 1012 1318 Lepidus
1034 1246 1385 1320 'quanquam
1420 1245 1702 1318 pecuniae
1738 1245 2005 1302 modicus
2041 1246 2171 1303 avi-

305 1353 435 1400 tum
461 1337 635 1392 decus
659 1328 927 1388 recoluit.
1013 1322 1096 1385 At
1116 1325 1390 1403 Pompeii
1414 1325 1709 1386 theatrum
1747 1329 1881 1404 igne
1920 1331 2165 1388 fortuito

305 1421 582 1482 haustum
625 1413 840 1473 Caesar
889 1423 1320 1470 exstructurum
1366 1413 1664 1489 pollicitus
1712 1426 1827 1485 est,
1895 1436 1961 1473 eo
2005 1417 2166 1493 quod

305 1527 478 1566 nemo
530 1524 559 1559 e
601 1499 826 1557 familia
870 1499 1252 1555 restaurando
1287 1499 1603 1570 sufficeret,
1654 1513 1930 1558 manente
1969 1512 2168 1559 tamen

303 1591 546 1651 nomine
567 1583 854 1662 Pompeii.
942 1583 1119 1639 simul
1143 1583 1420 1641 laudibus
1446 1583 1731 1642 Seianum
1754 1586 1992 1657 extulit,
2034 1598 2170 1644 tan-

305 1697 484 1756 quam
537 1673 741 1732 labore
792 1669 1216 1745 vigilantiaque
1259 1668 1386 1725 eius
1430 1680 1590 1726 tanta
1633 1669 1723 1727 vis
1771 1691 1962 1728 unum
2010 1673 2168 1729 intra

306 1766 594 1827 damnum
624 1756 887 1814 stetisset.
972 1751 1054 1812 Et
1090 1774 1368 1812 censuere
1405 1765 1600 1828 patres
1640 1755 1893 1830 effigiem
1931 1755 2168 1827 Seian0‚

306 1867 456 1928 quae
497 1844 654 1921 apud
690 1837 987 1898 theatrum
1019 1837 1291 1914 Pompeii
1331 1839 1640 1901 locaretur.
1740 1861 1933 1925 neque
1977 1843 2166 1900 multo

305 1944 438 2011 post
460 1929 702 1997 Caesar,
747 1947 880 1983 cum
911 1923 1152 1982 Iunium
1175 1923 1451 1982 Blaesum
1482 1927 1897 2001 proconsulem
1932 1921 2168 1984 Africae

305 2012 594 2093 triumphi
635 2011 966 2085 insignibus
1011 2010 1329 2081 attolleret,
1385 2011 1525 2067 dare
1565 2011 1628 2068 id
1667 2032 1727 2068 se
1765 2011 1915 2070 dixit
1950 2008 2169 2070 honori

306 2103 536 2172 Seiani,
581 2099 747 2157 cuius
776 2097 876 2153 ille
905 2096 1231 2153 avunculus
1264 2107 1404 2154 erat.
1597 2096 1609 2105 '

474 2185 756 2270 LXXIII.
844 2202 932 2265 Ac
956 2219 1154 2265 tamen
1199 2226 1290 2263 res
1327 2204 1523 2263 Blaesi
1564 2207 1774 2281 dignae
1814 2207 2024 2265 decore
2062 2206 2169 2267 tali

272 2302 484 2359 xfuere.
584 2315 723 2352 nam
773 2291 1149 2368 TacfarinaS,
1213 2312 1555 2368 quanquam
1602 2293 1831 2369 saepius
1872 2293 2170 2369 depulSuS‚

305 2382 588 2462 reparatis
613 2400 721 2458 per
743 2379 952 2436 intima
975 2373 1210 2436 Africae
1244 2377 1478 2435 auxiliis
1512 2373 1628 2436 huc
1664 2379 2040 2454 adrogantiae
2066 2400 2169 2436 ve-

362 2601 476 2647 CAP.
493 2600 567 2645 72.
624 2596 934 2641 monimenta.
991 2593 1068 2638 Sic
1096 2594 1202 2638 cod.

304 2661 409 2706 MS.
434 2659 503 2703 ed.
528 2655 735 2700 Beroald.
765 2661 812 2697 et
836 2661 1022 2696 receutt.
1050 2652 1153 2695 inde
1176 2668 1200 2695 a

307 2721 394 2764 lac.
431 2715 686 2761 Gronovio.
724 2740 784 2748 -
842 2710 955 2753 Edd.
993 2709 1199 2757 Rhenan-

305 2777 410 2821 Ald.
434 2791 487 2834 sq
521 2805 533 2818 .
562 2776 890 2815 monumenta.
940 2766 998 2811 cf.
1023 2775 1119 2810 not.
1147 2766 1202 2809 ad

305 2854 344 2881 c.
367 2832 441 2878 23.
489 2790 629 2875 (idem
657 2829 744 2872 Iac.
771 2825 1033 2869 Gronovius
1064 2823 1200 2882 paulo

306 2900 408 2937 ante
459 2906 483 2933 e
525 2887 629 2931 MS.
676 2885 867 2928 restituit
917 2884 977 2924 ab
1018 2889 1202 2932 senatu,

305 2963 445 3009 quum
467 2945 640 3005 priores
663 2942 846 2986 ederent
871 2956 903 2982 a
925 2946 1113 2983 senatu.

362 3010 595 3050 arcuerat.
631 3001 695 3044 Ex
715 2995 1031 3041 emendatione
1048 2994 1201 3052 Lipsii‚

338 3080 441 3106 uam
465 3075 676 3119 recepere
703 3055 972 3100 recentiores
990 3053 1201 3096 editores.

305 3079 419 3165 iidd.
443 3117 654 3162 Beroald.
679 3114 882 3157 Rhenan.
903 3128 999 3169 sqq.
1027 3125 1203 3163 argue-

307 3184 414 3225 rat,
447 3174 570 3233 quod
593 3171 782 3230 Ruperti
805 3171 1006 3228 repetiit,
1036 3166 1199 3224 Wop-

308 3236 432 3280 kens.
456 3231 654 3276 defendit
675 3227 788 3273 locis
811 3229 853 3275 4,
868 3228 922 3270 12
944 3235 984 3270 et
1004 3226 1073 3268 37.
1104 3224 1143 3275 5,
1158 3226 1199 3284 8.

307 3291 462 3337 Livius
491 3289 559 3339 88,
582 3285 662 3341 28
698 3287 767 3336 40,
799 3285 865 3331 12.
933 3283 1062 3341 Sulp.
1097 3281 1196 3325 Sev.

307 3348 407 3395 412.
467 3347 524 3390 Et
553 3359 748 3399 arguere
777 3359 882 3386 sane
917 3341 1082 3385 dicitur
1112 3355 1198 3397 pro

309 3421 519 3451 accusare
531 3437 541 3454 ‚
578 3400 810 3446 criminari
824 3398 826 3402 ’
843 3399 1034 3457 aliquid,
1066 3398 1200 3453 ἐλέγ-

304 3478 434 3524 χειν,
486 3465 650 3515 riigen.
729 3457 816 3498 Sed
855 3473 1075 3514 nusquam
1115 3453 1200 3511 legi

309 3533 509 3577 arguere
531 3519 738 3574 aliquem
761 3514 936 3569 aliquid
943 3514 1127 3568 facere,
1152 3518 1201 3554 ut

310 3579 365 3624 sit
386 3578 632 3636 vituperare
651 3571 720 3616 vel
739 3571 967 3617 criminari
990 3569 1200 3630 aliquem,

1270 2594 1393 2652 quod
1415 2593 1580 2652 aliquid
1603 2594 1750 2638 faeiat.
1809 2593 1978 2639 Eadem
2002 2597 2166 2640 utrius-

1271 2669 1360 2709 que
1398 2652 1518 2694 verbi
1549 2652 1757 2696 confusio
1791 2661 1854 2704 est
1886 2653 1997 2696 Hist.
2030 2654 2072 2703 3,
2094 2654 2164 2699 56.

1271 2710 1348 2752 ubi
1377 2709 1446 2752 ed.
1472 2708 1592 2768 Spir.
1627 2710 1702 2753 dat
1733 2725 1932 2765 arguere
1965 2728 2049 2770 pro
2081 2728 2167 2755 ar-

1278 2782 1420 2811 caere.

1325 2853 1649 2905 proconsulem
1680 2852 1885 2908 Africae.
1944 2852 2029 2898 Ed.
2059 2854 2164 2899 Ber.

1268 2923 1483 2964 procons.
1542 2907 1656 2952 Edd.
1683 2908 1887 2954 Rhenan.
1921 2927 2021 2969 sqq.
2050 2928 2163 2966 pro-

1273 2969 1519 3009 consulem.

1331 3050 1439 3093 CAP.
1474 3049 1545 3092 73.
1612 3065 1666 3092 ac
1703 3058 1876 3094 tamen.
1945 3050 2024 3095 Sic
2064 3051 2165 3095 edd.

1273 3107 1478 3150 Beroald.
1512 3105 1712 3151 Rhenan.
1759 3124 1857 3165 sqq.
1937 3107 2165 3151 Bekkerus

1270 3164 1583 3264 nuplqrdedit:
1606 3169 1682 3231 ‘At
1702 3173 1883 3263 tiqment’
1916 3165 2053 3265 qgold4
2069 3181 2165 3263 n505n

1271 3232 1336 3266 est
1397 3238 1497 3263 ulus
1547 3238 1631 3264 ocu.
1693 3238 1751 3264 c.
1789 3237 1847 3264 no
1873 3254 1883 3264 .
1917 3239 1938 3264 a
2054 3256 2065 3273 ‚
2151 3254 2163 3266 .

1271 3289 1314 3323 et
1336 3278 1450 3320 Ilist.
1473 3279 1513 3327 5,
1542 3279 1603 3320 16.
1665 3278 1769 3322 Vid.
1794 3278 2062 3322 Ramshorn.
2083 3279 2163 3322 Gr.

1270 3341 1297 3392 §
1327 3336 1421 3379 179.
1455 3336 1497 3377 7.
1540 3351 1582 3393 p.
1617 3335 1712 3377 523.
1788 3337 1834 3379 Si
1869 3345 2028 3379 auctor
2062 3346 2163 3380 ante

1271 3394 1445 3438 dixisset
1467 3392 1674 3450 triumphi
1698 3392 1892 3436 honores
1909 3393 2068 3437 Blaeso
2091 3410 2163 3437 ne-

1272 3459 1420 3510 gatos,
1481 3458 1578 3492 tum
1627 3451 1916 3496 scribendum
1960 3460 2071 3494 esset
2111 3459 2163 3493 at

1273 3518 1453 3608 ίαιέιξὸτ.
1516 3506 1575 3550 cf.
1601 3506 1869 3552 Ramshorn.
1900 3506 1981 3552 Gr.
2018 3507 2047 3564 ὃ
2070 3508 2163 3552 181.
2206 3538 2222 3576 4
