2222 4030
1821 247 1933 332 2:22³.
1947 247 2038 330 ⁷¹32:

277 257 356 325 80
947 245 1456 308 A-NNALIUM

276 383 486 440 clausa.
573 377 791 435 Fuerat
813 379 885 435 in
910 375 1287 436 matrimonio
1312 376 1570 448 Tiberii,
1610 377 1958 439 florentibus
1977 381 2121 441 Caio

276 480 332 524 et
354 464 541 523 Lucio
564 461 942 532 Caesarib11S‚
980 475 1390 539 spreveratque
1414 475 1482 520 ut
1505 463 1808 538 imparem.
1877 487 1985 524 nec
2009 468 2125 535 alia

275 565 396 611 tam
420 550 628 606 intima
655 548 899 606 Tiberio
925 568 1124 616 causa,
1171 568 1275 603 cur
1297 543 1585 605 Rhodum
1609 549 1958 611 abscederet.
2009 553 2124 608 im-

277 637 509 713 perium
533 631 777 710 adeptus
805 646 1124 701 extorrem,
1175 632 1456 688 infamem
1494 645 1548 690 et
1585 645 1718 708 post
1755 634 2128 692 interfectum·

275 720 623 778 Postumum
647 719 972 793 Agrippam
997 717 1190 772 omnis
1218 717 1340 791 spei
1377 736 1619 790 egenam
1654 718 1858 794 inopia
1894 740 1959 776 ac
1994 721 2126 777 tabe

275 808 452 880 longa
486 805 761 880 peremit,
818 805 1125 859 obscuram
1161 803 1287 857 fore
1323 822 1526 858 necem
1561 803 1990 880 longinqui-tate
2027 826 2127 861 ex-

276 891 394 947 silii
427 900 604 949 ratus.
632 927 635 930 -
714 887 844 944 Par·
867 906 1037 943 causa
1077 886 1347 941 saevitiae
1382 887 1447 941 in
1484 886 1903 963 Sempronium
1939 888 2126 946 Grac-

275 973 481 1045 chum,
522 973 627 1052 qui
647 973 868 1030 familia
892 971 1114 1040 nobili,
1147 968 1352 1026 sollers
1375 970 1613 1044 ingenio
1641 986 1697 1029 et
1719 994 1897 1048 prave
1919 976 2127 1031 facun-

275 1063 414 1130 dus,
468 1059 715 1115 eandem
752 1055 965 1113 Iuliam
990 1056 1068 1110 'in
1092 1054 1472 1111 matrimonio
1499 1054 1588 1116 M.
1615 1054 1910 1132 Agrippae
1944 1070 2126 1115 teme-

274 1155 520 1204 raverat.
621 1163 728 1199 nec
763 1143 812 1197 is
850 1140 1090 1197 libidini
1126 1140 1277 1199 finis,
1333 1140 1610 1196 traditam
1648 1140 1891 1198 Tiberio
1930 1143 2128 1218 pervi-

275 1251 378 1288 cax
413 1228 644 1286 adulter
683 1225 1051 1284 contumacia
1087 1235 1143 1281 et
1178 1224 1331 1280 odiis
1357 1225 1420 1280 in
1444 1225 1726 1283 maritum
1747 1229 2126 1293 accendebat:

275 1302 657 1389 litteraeque,
712 1331 856 1387 quas
893 1308 1046 1367 Iulia
1079 1310 1235 1385 patri
1270 1306 1538 1383 Augusto
1575 1331 1709 1367 cum
1744 1312 2127 1369 insectatione

276 1399 507 1470 Tiberii
557 1397 815 1471 scripsit,
895 1416 928 1451 a
976 1390 1247 1455 Graccho
1310 1395 1663 1470 compositae
1720 1397 2127 1458 credebantur.

276 1485 464 1559 Igitur
498 1493 726 1539 amotus
759 1479 1099 1550 Cercinam,
1154 1476 1345 1536 Africi
1389 1480 1568 1536 maris
1616 1481 1903 1552 insulam,
1957 1494 2129 1559 quat-

274 1568 602 1628 tuordecim
645 1566 818 1623 annis
867 1565 1136 1622 exsilium
1184 1564 1473 1624 toleravit.
1573 1564 1746 1622 Tunc
1789 1567 2004 1623 milites
2052 1567 2127 1624 ad

331 1730 379 1772 in
409 1725 716 1771 matrimonio
741 1724 928 1769 Tiberii.
987 1723 1047 1770 cf.
1072 1721 1165 1767 Dio

274 1787 343 1838 54,
368 1784 439 1829 31.
473 1784 596 1827 Suet.
616 1782 730 1826 Tib.'
751 1799 792 1826 c.
818 1782 861 1825 7.

329 1851 381 1887 ut
405 1843 654 1898 imparem.
716 1840 813 1888 Liv.
838 1840 880 1888 6,
900 1834 972 1882 34.
1000 1838 1054 1891 de
1075 1838 1167 1882 Fa·-

270 1902 343 1946 hia
378 1901 573 1950 minore,
617 1897 828 1942 Ambusti
863 1897 976 1948 filia,
1029 1905 1165 1954 nupta

271 1956 366 2003 viro
399 1955 599 2017 plebeiot
642 1959 764 2011 quod
796 1956 958 1997 iuncta
987 1952 1169 2009 impari

273 2023 409 2061 esset.
466 2013 574 2058 Tac.
599 2013 713 2057 nist.
732 2013 772 2064 2,
797 2013 865 2055 50.
896 2012 1166 2054 Maternum

273 2087 417 2130 genus
438 2071 609 2126 impar.
672 2067 1015 2112 strombeckius
1040 2077 1166 2125 putat

272 2128 440 2175 Tiberii
458 2144 596 2187 genus
613 2143 702 2170 non
719 2127 828 2169 adeo
844 2125 989 2182 impar
1010 2125 1163 2172 fuisse,

272 2196 325 2233 ut
355 2186 502 2246 sperni
527 2184 722 2242 potuerit
744 2184 798 2227 ab
827 2183 964 2232 Iulia,
1003 2182 1162 2225 intelli-

273 2247 424 2348 gifthe
466 2244 705 2343 issngzrgm
742 2239 796 2284 de
828 2240 912 2284 alia
948 2255 1012 2283 re.
1074 2237 1163 2282 Sed

273 2321 300 2349 c
322 2335 333 2348 .
402 2317 447 2344 n.
595 2330 607 2343 .
665 2315 709 2342 n.

329 2334 515 2414 inopia,
540 2372 597 2408 ae
630 2358 738 2398 tabe
770 2357 931 2409 longa.
1001 2353 1051 2398 ἓν
1088 2353 1167 2399 διὰ

270 2420 421 2465 δυοῖν.
466 2411 528 2460 cf.
553 2411 686 2457 Roth.
710 2429 754 2471 p.
782 2411 854 2455 32.
1122 2412 1129 2428 ¹

330 2473 674 2530 longinquitate
698 2471 871 2514 exsilii.
908 2469 1030 2526 Quia
1042 2469 1166 2513 Rhe-

272 2535 393 2594 gium
437 2546 531 2575 non
572 2529 683 2572 adeo
730 2537 957 2573 remotum
1002 2537 1066 2571 est
1111 2529 1165 2572 ab

271 2592 411 2642 urbe,
449 2585 649 2645 Lipsius,
689 2585 920 2629 Ernestius
953 2595 997 2629 et
1021 2586 1167 2629 Wol-

272 2650 356 2693 ssus
398 2644 795 2700 longinquitatem
846 2651 1030 2713 cesnsent
1077 2642 1167 2686 dici

273 2707 746 2814 3’1'04‘3-{ffl32ssg‘2355120
767 2697 1164 2809 Citam-,25¹3

271 2823 382 2866 Tac.
408 2819 499 2863 An.
521 2815 562 2873 4,
586 2815 660 2859 27.
697 2815 970 2871 longinquos
989 2817 1164 2867 saltus3

271 2879 312 2931 3,
332 2878 400 2922 24.
422 2874 742 2931 peregrinatio
763 2874 1033 2928 longinqua.
1095 2871 1163 2914 Si·

271 2936 438 2988 militer
458 2931 622 2976 Graec.
645 2926 878 2989 μακρότης
898 2946 992 2975 non
1014 2929 1163 2972 solum

273 2995 329 3038 de
368 2992 498 3039 loco,
558 2989 634 3032 sed
677 2989 808 3035 etiam
858 2987 912 3031 de
958 2995 1163 3044 tempore

271 3057 528 3107 usurpatur.
609 3045 644 3088 I.
680 3046 755 3102 Fr,
793 3044 1056 3088 Gronovius
1100 3053 1160 3088 ta-

273 3122 377 3153 men
399 3104 567 3148 mavult
588 3104 731 3146 exitii
751 3118 836 3161 pro
863 3102 1049 3152 exsilii,
1081 3101 1161 3158 ,id-

273 3181 362 3224 que
395 3161 557 3221 probat
589 3159 719 3203 Roth.
762 3176 806 3217 p.
830 3158 902 3203 32.
961 3157 1161 3217 Ryckius

273 3225 562 3273 vero,cont1·a
576 3215 859 3259 Gronovium
885 3216 1078 3275 disputat
1092 3232 1161 3259 ac-

274 3272 471 3338 cipitque
491 3274 883 3330 longinquitatem
907 3273 961 3316 de
991 3272 1163 3316 distan-

273 3338 360 3385 tia,
399 3347 514 3391 quae
541 3330 659 3387 inter
689 3331 848 3372 urbem
881 3339 923 3373 et
943 3330 1164 3388 Rhegium

274 3401 390 3443 erat,
418 3383 753 3445 seil.CGCXX-.
780 3386 1052 3431 milliarium.
1103 3386 1162 3431 Et

273 3450 392 3495 haud
411 3444 557 3495 dubie,
577 3461 694 3504 vquae
717 3444 763 3486 in
789 3460 838 3486 ea
862 3443 1072 3488 locorum
1095 3444 1158 3488 di-

275 3503 433 3552 stantia
469 3503 611 3558 fiunt,
654 3501 902 3559 longinqua
938 3502 1024 3545 dici
1059 3517 1160 3560 pos·

277 3573 401 3614 sunt,
436 3561 472 3604 si
493 3559 752 3618 referuntur
773 3558 828 3602 ad
853 3573 924 3607 ea,
966 3575 1078 3615 quae
1111 3559 1158 3601 in

1237 1724 1331 1782 ipsa
1375 1723 1487 1766 urbe
1530 1723 1768 1769 eveniunt:
1811 1741 1863 1769 ac
1894 1723 2050 1783 Rhegii
2090 1725 2127 1769 si

1240 1780 1359 1824 exsul
1384 1779 1583 1833 decedit,
1626 1783 1725 1839 quis
1750 1783 1930 1826 tandem
1954 1782 2127 1827 Romae

1239 1837 1465 1896 expediet,
1506 1854 1595 1895 quo
1618 1840 1736 1882 malo
1764 1838 1969 1883 adflictus
1995 1857 2127 1885 occu·

1237 1896 1384 1938 buerit
1420 1896 1589 1938 morti?
1646 1896 1708 1940 At
1736 1898 1771 1940 si
1804 1897 2023 1955 Rhegium
2053 1913 2128 1957 op·

1239 1953 1394 2012 pidum
1420 1968 1653 2011 comparas
1679 1969 1781 1997 cum
1807 1956 2012 1998 extremis
2038 1956 2128 1998 im-

1239 2010 1348 2070 perii
1370 2010 1568 2068 angulis,
1603 2011 1908 2069 propinquum
1936 2021 2016 2056 est.
2065 2013 2125 2057 cf.

1238 2070 1324 2110 An.
1345 2066 1409 2118 14,
1427 2068 1490 2109 12.
1507 2069 1756 2124 longinquo
1778 2070 1837 2116 ab
1855 2070 2024 2112 exsilio
2039 2071 2127 2112 Ta-

1237 2132 1424 2167 rentum
1455 2139 1682 2179 regressa.
1758 2126 1866 2168 Mox
1896 2125 2127 2172 Ernestius

1236 2182 1444 2225 sollicitat
1474 2190 1676 2241 tempora
1709 2183 1755 2225 in
1784 2187 2063 2227 accendebat
2085 2193 2128 2229 et

1235 2239 1433 2294 scripsit.
1513 2238 1817 2283 scribendum
1858 2249 2008 2285 censet
2046 2259 2129 2285 ac-

1238 2300 1463 2339 cenderat
1485 2306 1526 2340 et
1550 2297 1651 2340 dein
1672 2298 1928 2352 scripserat
1946 2309 2130 2358 propter

1238 2353 1505 2399 antecedens
1526 2362 1858 2398 temeraverat.
1919 2357 1980 2400 At
2007 2358 2128 2401 nulla

1237 2411 1369 2470 plane
1393 2420 1459 2455 est
1486 2411 1579 2455 eius
1602 2413 1861 2456 mutationis
1880 2413 1995 2456 ratio
2025 2414 2129 2458 ido-

1240 2485 1340 2512 nea.
1423 2468 1653 2512 Gracchus
1696 2477 2017 2513 temeraverat
2057 2473 2125 2515 lu·

1238 2525 1341 2569 liam
1355 2557 1368 2574 ,
1398 2534 1636 2584 antequam
1649 2526 1833 2570 Tiberio
1855 2527 2130 2583 traderetur3

1236 2583 1443 2626 traditam
1495 2585 1786 2628 accendebat.
1874 2585 1953 2629 Est
2004 2587 2127 2631 enim

1238 2640 1292 2682 de
1325 2638 1532 2685 Graccho
1574 2639 1770 2690 narratio
1812 2658 1891 2700 per
1931 2659 1978 2686 se
2017 2659 2124 2688 con-

1237 2706 1357 2740 stans
1380 2714 1524 2756 neque
1549 2697 1728 2740 aliunde
1749 2699 1964 2755 pendens.
1996 2703 2126 2747 Seri·

1232 2754 1330 2808 psit
1350 2763 1414 2797 est
1438 2754 1626 2798 aoristus
1647 2771 1744 2797 rem
1767 2754 1934 2799 factam
1959 2758 2123 2816 simpli-

1233 2811 1344 2854 citer
1363 2811 1579 2854 indicans.
1610 2811 1778 2855 Eadem
1799 2814 1971 2858 ratione
1994 2824 2125 2859 utun-

1231 2877 1306 2911 tur
1329 2870 1466 2912 verba
1486 2870 1700 2922 aperuit,
1734 2871 1969 2927 suasitque
1997 2889 2038 2917 c.
2051 2873 2124 2919 55.

1238 2924 1310 2970 Cf.
1343 2925 1612 2969 Ramshorn.
1651 2925 1809 2972 Gram.
1853 2945 1896 2985 p.
1934 2929 2032 2974 402.
2067 2947 2125 2984 c.‚

1235 2992 1277 3028 et
1304 2992 1399 3028 not.
1429 2983 1483 3026 ad
1505 2983 1547 3035 2,
1573 2984 1645 3027 62.
1676 2978 1717 3036 6,
1738 2984 1810 3029 31.
1845 2987 1912 3037 12,
1933 2988 2004 3031 31.

1289 3070 1617 3112 credebantur.

1706 3069 1782 3114 Sc.
1836 3078 1930 3113 tum
1981 3087 2121 3130 quum

1234 3127 1548 3170 scriberentur.

1293 3217 1484 3252 amotus
1518 3209 1781 3278 Cercinam.
1843 3210 1918 3258 Sc.
1951 3213 2005 3256 ab
2030 3213 2121 3259 Au-

1235 3267 1666 3374 5223215223223523.
1684 3269 1956 3384 {atax
1967 3272 2120 3380 5¹5¹5¹1¹31

1231 3385 1275 3426 οἱ
1298 3380 1348 3424 δὲ
1370 3383 1523 3426 λοιποὶ
1546 3385 1593 3432 ἐς
1616 3380 1780 3439 νήσους
1804 3381 2119 3444 ὑπερωρίσθη-

1230 3453 1333 3486 σαν.
1415 3438 1560 3483 Ceteri
1596 3440 1836 3495 Quinctius
1873 3442 2118 3502 Crispinus,

1231 3495 1406 3564 Appius
1439 3495 1626 3540 Cludius
1663 3508 1706 3542 et
1735 3499 1912 3557 Scipio,
1953 3491 2118 3559 asiique

1232 3553 1420 3599 rumoris
1445 3555 1665 3599 nominis..
1703 3556 1762 3599 cf.
1779 3557 2056 3610 Ve11.2,100.
