2222 4030
1809 206 1858 241 A.
1878 206 1931 242 U.
1952 207 2033 242 769.

1773 299 1778 304 .
1808 253 1858 285 A.
1881 248 1927 286 C.
1974 252 2033 285 1⁴3.

273 211 394 273 160
934 205 1446 269 ANNALIUM

267 390 303 417 ‚‚
317 342 566 401 eandem
587 339 711 398 vim
736 338 802 397 in
821 359 917 397 me
934 339 1329 398 transmittere
1352 358 1418 395 ac
1441 336 1604 395 velut
1625 338 1989 414 perfringere
2024 361 2123 401 ae-

267 429 567 503 „rarium‚
621 426 782 502 quod
816 425 868 482 si
898 423 1220 483 ambitione
1258 420 1726 494 exhauserimUS‚
1771 445 1878 499 per
1908 428 2124 498 scelera

267 512 712 589 „supplendum
735 511 871 572 erit.
949 506 1595 579 Dedittibi‚·Hortale‚
1635 505 2123 584 divusAugustus

267 598 652 676 ,‚pecuniam‚
694 598 795 654 sed
815 616 940 653 non
966 595 1348 668 compellatus
1371 615 1478 651 nec
1503 615 1570 651 ea
1598 595 1754 668 lege,
1791 607 1859 652 ut
1894 615 2124 671 semper

255 720 303 758 -„
315 687 574 743 daretur.
639 683 974 756 languescet
1002 679 1231 755 alioqui
1261 679 1583 752 industria,
1637 680 1981 738 intendetur
2026 701 2124 738 so-

267 817 302 843 „
316 769 544 840 cordia,
562 807 564 809 -
583 767 634 824 si
654 769 856 825 nullus
880 787 947 822 ex
971 784 1030 822 se
1054 777 1247 822 metus
1271 776 1372 822 aut
1394 785 1550 841 spes:
1606 777 1664 823 et
1696 767 1887 823 securi
1919 786 2124 823 omnes

269 856 507 927 „aliena
530 853 794 911 subsidia
817 851 1258 926 exspectabunt,
1282 850 1398 908 sibi
1421 851 1640 924 ignavi,
1664 853 1839 908 nobis
1861 871 2082 925 graves,
2097 850 2125 871 ”

265 940 431 999 Haec
464 951 637 1016 atque
673 938 840 1007 talia,
885 955 1226 1013 quanquam
1252 956 1387 993 cum
1408 938 1659 992 adsensu
1683 937 1883 994 audita
1908 938 1982 995 ab
2010 933 2124 1007 his,

266 1027 484 1105 quibus
517 1022 1091 1098 omniafprincipum
1129 1015 1376 1078 honesta
1420 1032 1595 1097 atque
1640 1017 1953 1079 inhonesta
1993 1023 2126 1079 lau—

265 1113 406 1170 dare
427 1130 556 1168 mos
580 1120 664 1166 est
678 1154 695 1178 ,
730 1109 930 1183 plures
951 1126 1058 1181 per
1085 1105 1388 1164 silentium
1409 1117 1511 1163 aut
1531 1106 1827 1162 occultum
1853 1127 2127 1164 murmur

267 1215 564 1273 excepere:
606 1193 903 1269 sensitque
929 1191 1232 1252 Tiberius.
1277 1203 1333 1248 et
1358 1212 1493 1249 cum
1514 1191 1761 1267 paulum
1783 1192 2126 1261 reticuisset,

264 1281 516 1340 Hortalo
542 1299 601 1335 se
627 1277 998 1353 respondisse
1022 1277 1129 1334 ait:
1174 1289 1465 1348 ceterum,
1506 1277 1557 1333 si
1589 1277 1858 1351 patribus
1892 1278 2127 1334 videre-

263 1379 393 1438 tur,
439 1367 716 1424 daturum
745 1363 949 1420 liberis
983 1362 1107 1420 eius
1142 1362 1371 1420 ducena
1403 1361 1664 1419 sestertia
1702 1362 1980 1436 singulis,
2023 1363 2126 1438 qui

266 1472 436 1510 sexus
470 1450 663 1508 virilis
699 1461 908 1508 essent.
1001 1445 1193 1522 Egere
1237 1448 1341 1504 alii
1376 1460 1588 1522 grates:
1643 1447 1810 1504 siluit
1840 1446 2126 1505 Hortalus

263 1557 482 1615 pavore
515 1556 594 1592 an
627 1534 815 1591 avitae
847 1533 1176 1591 nobilitatis
1211 1532 1387 1591 etiam
1420 1534 1575 1590 inter
1604 1533 1901 1607 angustias
1933 1534 2126 1590 fortu-

265 1644 376 1681 nae
430 1622 710 1681 retinenS.
790 1639 983 1697 neque
1035 1620 1347 1676 miseratus
1398 1631 1485 1677 est
1536 1614 1780 1694 posthac
1826 1617 2124 1688 Tiberius,

265 1708 534 1786 quamvis
575 1707 786 1763 domus
819 1703 1129 1764 Hortensii
1170 1705 1514 1781 pudendam
1550 1703 1626 1760 a'd
1660 1704 1926 1780 inopiam
1961 1703 2126 1761 dela-

262 1796 523 1857 beretur.

434 1961 717 2024 XXXIX.
758 1959 992 2022 Eodem
1026 1982 1184 2019 anno
1221 1960 1505 2036 mancipii
1537 1960 1716 2017 unius
1746 1959 2018 2028 audacia,
2060 1958 2127 2014 ni

207 2058 210 2062 ’
263 2062 492 2109 mature
531 2051 884 2106 subventum
918 2050 1098 2118 foret,
1152 2046 1462 2103 discordiis
1509 2046 1803 2122 armisque
1851 2044 2126 2101 civilibus

263 2157 392 2194 rem
411 2135 712 2211 publicam
734 2135 1094 2211 perculisset.
1179 2130 1451 2189 Postumi
1465 2125 1763 2207 Agrippae
1785 2150 1987 2187 servus
2011 2150 2126 2186 no-

262 2216 425 2278 mine
453 2219 728 2278 Clemens
753 2221 1052 2295 comperto
1079 2218 1195 2275 fine
1217 2212 1472 2290 Augusti
1494 2236 1734 2291 pergere
1769 2216 1836 2272 in
1867 2214 2126 2272 insulam

261 2288 600 2365 Planasiam
636 2317 693 2363 et
725 2306 935 2362 fraude
974 2316 1078 2362 aut
1107 2302 1171 2367 vi
1205 2314 1443 2378 raptum
1480 2298 1810 2378 Agrippam
1850 2302 2005 2358 ferre
2047 2300 2123 2356 ad

243 2392 550 2453 ‚exercitus
583 2389 973 2448 Germanicos
1008 2410 1135 2446 non
1165 2388 1367 2445 servili
1405 2388 1606 2445 animo
1646 2388 1929 2462 concepit.
1983 2406 2125 2442 ausa

263 2478 390 2536 eius
436 2477 750 2552 impedivit
787 2477 1032 2534 tarditas
1069 2474 1374 2532 onerariae
1412 2473 1606 2530 navis:
1668 2485 1842 2549 atque
1884 2471 2124 2528 interim

262 2574 488 2642 patrata
524 2564 697 2619 caede
730 2563 806 2620 ad
837 2562 1066 2620 maiora
1101 2572 1158 2617 et
1188 2558 1375 2633 magis
1411 2557 1758 2634 praecipitia
1806 2575 2122 2616 conversus

421 2645 428 2664 ι
1279 2658 1281 2661 ,

1229 2780 1384 2838 possit.
1461 2779 1678 2824 Eandem
1721 2781 1814 2824 vim
1852 2780 2032 2840 respicit
2070 2780 2124 2825 ad

1230 2840 1422 2882 verbum
1446 2853 1630 2892 urgere.

1285 2898 1346 2938 ab
1364 2898 1448 2938 his.
1511 2895 1633 2939 Num
1656 2899 1715 2939 ab
1740 2898 1833 2940 iis?

319 2787 516 2829 eandem
539 2783 632 2825 vim
655 2782 701 2824 in
722 2796 798 2823 me
820 2780 1157 2823 transmittere.

262 2844 376 2890 Cod.
400 2842 502 2886 MS.
527 2840 629 2884 edd.
655 2838 862 2882 Beroald.
895 2846 936 2880 et
955 2838 1158 2882 Rhenan.

262 2905 461 2945 eandem
504 2901 602 2942 vim
647 2900 694 2940 in
739 2911 815 2938 me
857 2898 1156 2940 trans-merei.

262 2958 401 3014 Quod
425 2958 610 3000 verbum
640 2972 743 2998 eum
771 2952 898 2996 nihili
923 2955 998 3006 sit,
1035 2953 1158 2998 varia

260 3016 511 3060 coniecere.
567 3013 809 3055 Rhenanus
833 3019 1160 3063 transumere3

259 3073 365 3118 Ald.
390 3072 457 3115 ed.
487 3071 775 3126 transmitti3
813 3067 986 3127 Gryph.
1014 3069 1083 3112 ed.
1112 3077 1155 3111 et

259 3146 357 3188 sqq.
392 3130 728 3171 transmittere.
801 3127 891 3170 Alii
925 3126 1006 3169 alia
1047 3143 1154 3170 con·

260 3189 566 3233 iectaveruntx
595 3184 767 3242 Lipsius
793 3188 960 3228 eadem
977 3217 989 3238 ,
1030 3185 1153 3226 invi-

262 3249 392 3290 diam
412 3245 462 3287 in
482 3258 556 3285 me
579 3245 924 3293 transmittere,
956 3242 1022 3285 vel
1042 3249 1152 3283 tan-

263 3309 374 3348 dem
407 3301 518 3345 vim.
593 3300 628 3342 l.
663 3298 925 3344 Gronovius
960 3300 1158 3341 transii-

263 3377 390 3411 cere5
423 3358 619 3402 Hillerus
644 3358 926 3412 transferrem
963 3355 1157 3401 Crollius

264 3430 626 3466 transmovere,·
672 3413 859 3472 Ruperti
915 3424 1159 3458 transver-

265 3487 378 3521 tere.
451 3475 571 3517 Inter
606 3487 719 3531 quae
752 3472 860 3514 nihil
893 3480 983 3522 est,
1035 3472 1159 3528 quod

263 3536 497 3593 vulgatum
556 3530 882 3574 transmittere
936 3529 1159 3587 depellere

1287 2955 1602 2997 delaberetur.
1657 2955 1773 2998 Edd.
1788 2954 1996 2997 Beroald.
2010 2952 2124 2997 Rh‘e-

1229 3029 1335 3056 nan.
1375 3029 1474 3070 sqq.
1520 3014 1830 3064 dilaberetur,
1885 3012 2005 3068 quod
2045 3011 2123 3054 Er·

1226 3070 1393 3113 nestius
1430 3070 1543 3111 hene
1576 3072 1766 3112 mutavit
1805 3071 1850 3112 in
1881 3071 2124 3112 delabere-

1227 3137 1320 3170 tur.
1368 3126 1426 3170 cf.
1455 3126 1559 3170 infr.
1585 3125 1623 3178 3,
1647 3127 1716 3169 63.
1751 3129 1800 3168 in
1823 3127 2124 3182 ambitionem

1226 3186 1571 3228 delaberentar.
1633 3184 1818 3227 sueton.
1846 3184 2000 3228 Claud.
2028 3200 2067 3226 c.
2083 3184 2124 3226 9.

1227 3247 1290 3284 ad
1310 3256 1391 3284 eas
1411 3243 1484 3284 rei
1490 3241 1758 3297 familiaris
1780 3244 2026 3298 angustias
2047 3244 2121 3282 de·
2196 3237 2203 3248 ’

1228 3303 1483 3399 adhib-39.
1515 3358 1747 3400 discordiis
1769 3358 2022 3413 armisque.
2057 3355 2123 3399 Ut

1230 3430 1482 3472 synonyma
1508 3423 1634 3459 notat
1655 3415 1786 3458 Roth.
1817 3431 1858 3473 p.
1883 3415 1924 3456 7.

1287 3470 1504 3514 Postumi
1522 3475 1633 3526 Agr.
1665 3478 1842 3517 servus.
1902 3470 1961 3516 cf.
1998 3471 2121 3515 Suet.

1229 3528 1333 3574 Tib.
1359 3546 1398 3574 c.
1418 3530 1490 3574 25.
1521 3530 1613 3575 Dio
1635 3531 1701 3582 57,
1728 3531 1797 3574 16.
