<?xml version="1.0" encoding="UTF-8"?>
<!DOCTYPE html PUBLIC "-//W3C//DTD XHTML 1.0 Transitional//EN"
    "http://www.w3.org/TR/xhtml1/DTD/xhtml1-transitional.dtd">
<html xmlns="http://www.w3.org/1999/xhtml" xml:lang="en" lang="en">
 <head>
  <title>
</title>
<meta http-equiv="Content-Type" content="text/html;charset=utf-8" />
  <meta name='ocr-system' content='tesseract 3.04.00' />
  <meta name='ocr-capabilities' content='ocr_page ocr_carea ocr_par ocr_line ocrx_word'/>
</head>
<body>
  <div class='ocr_page' id='page_1' title='image "./operarecensuitet01taciuoft/operarecensuitet01taciuoft_0328.png"; bbox 0 0 2222 4030; ppageno 0'>
   <div class='ocr_carea' id='block_1_1' title="bbox 1792 205 2025 244">
    <p class='ocr_par' dir='ltr' id='par_1_1' title="bbox 1792 205 2025 244">
     <span class='ocr_line' id='line_1_1' title="bbox 1792 205 2025 244; baseline 0.009 -2"><span class='ocrx_word' id='word_1_1' title='bbox 1792 205 1844 242; x_wconf 72' lang='lat' dir='ltr'>A.</span> <span class='ocrx_word' id='word_1_2' title='bbox 1862 208 1917 243; x_wconf 88' lang='lat' dir='ltr'>U.</span> <span class='ocrx_word' id='word_1_3' title='bbox 1943 208 2025 244; x_wconf 79' lang='lat'>775.</span> 
     </span>
    </p>
   </div>
   <div class='ocr_carea' id='block_1_2' title="bbox 415 205 2116 412">
    <p class='ocr_par' dir='ltr' id='par_1_2' title="bbox 415 205 2116 412">
     <span class='ocr_line' id='line_1_2' title="bbox 910 205 2013 286; baseline 0.001 -20"><span class='ocrx_word' id='word_1_4' title='bbox 910 205 1454 282; x_wconf 32' lang='lat' dir='ltr'><strong>ANNALIUM*</strong></span> <span class='ocrx_word' id='word_1_5' title='bbox 1630 274 1634 276; x_wconf 43' lang='grc'>,</span> <span class='ocrx_word' id='word_1_6' title='bbox 1795 247 1916 286; x_wconf 87' lang='lat' dir='ltr'>A.c.</span> <span class='ocrx_word' id='word_1_7' title='bbox 1966 253 2013 286; x_wconf 72' lang='lat'>22</span> 
     </span>
     <span class='ocr_line' id='line_1_3' title="bbox 415 296 2116 412; baseline 0.003 -16"><span class='ocrx_word' id='word_1_8' title='bbox 415 335 635 398; x_wconf 87' lang='lat' dir='ltr'>LXIV.</span> <span class='ocrx_word' id='word_1_9' title='bbox 722 336 850 396; x_wconf 79' lang='lat' dir='ltr'>Sub</span> <span class='ocrx_word' id='word_1_10' title='bbox 900 339 1062 402; x_wconf 83' lang='lat' dir='ltr'>idem</span> <span class='ocrx_word' id='word_1_11' title='bbox 1108 350 1338 412; x_wconf 84' lang='lat' dir='ltr'>tempus</span> <span class='ocrx_word' id='word_1_12' title='bbox 1380 335 1567 395; x_wconf 85' lang='lat' dir='ltr'>Iuliae</span> <span class='ocrx_word' id='word_1_13' title='bbox 1607 296 1908 412; x_wconf 80' lang='lat' dir='ltr'>Augustae</span> <span class='ocrx_word' id='word_1_14' title='bbox 1954 341 2116 400; x_wconf 87' lang='lat' dir='ltr'>vale-</span> 
     </span>
    </p>
   </div>
   <div class='ocr_carea' id='block_1_3' title="bbox 247 422 2127 1098">
    <p class='ocr_par' dir='ltr' id='par_1_3' title="bbox 247 422 2127 1098">
     <span class='ocr_line' id='line_1_4' title="bbox 247 422 2118 500; baseline 0.001 -17"><span class='ocrx_word' id='word_1_15' title='bbox 247 425 401 483; x_wconf 64' lang='lat' dir='ltr'>tudov</span> <span class='ocrx_word' id='word_1_16' title='bbox 434 435 601 481; x_wconf 84' lang='lat' dir='ltr'>atrox</span> <span class='ocrx_word' id='word_1_17' title='bbox 636 423 1126 489; x_wconf 84' lang='lat' dir='ltr'>necessitudinem</span> <span class='ocrx_word' id='word_1_18' title='bbox 1159 422 1426 498; x_wconf 83' lang='lat' dir='ltr'>principi</span> <span class='ocrx_word' id='word_1_19' title='bbox 1447 423 1587 481; x_wconf 91' lang='lat' dir='ltr'>fecit</span> <span class='ocrx_word' id='word_1_20' title='bbox 1618 424 1880 500; x_wconf 88' lang='lat' dir='ltr'>festinati</span> <span class='ocrx_word' id='word_1_21' title='bbox 1911 426 1978 483; x_wconf 86' lang='lat' dir='ltr'>in</span> <span class='ocrx_word' id='word_1_22' title='bbox 2012 423 2118 485; x_wconf 76' lang='lat' dir='ltr'>ur-</span> 
     </span>
     <span class='ocr_line' id='line_1_5' title="bbox 250 505 2120 588; baseline 0.001 -21"><span class='ocrx_word' id='word_1_23' title='bbox 250 512 390 567; x_wconf 89' lang='lat' dir='ltr'>bem</span> <span class='ocrx_word' id='word_1_24' title='bbox 414 509 667 578; x_wconf 79' lang='lat' dir='ltr'>reditUS‚</span> <span class='ocrx_word' id='word_1_25' title='bbox 710 509 936 566; x_wconf 87' lang='lat' dir='ltr'>sincera</span> <span class='ocrx_word' id='word_1_26' title='bbox 960 505 1155 566; x_wconf 88' lang='lat' dir='ltr'>adhuc</span> <span class='ocrx_word' id='word_1_27' title='bbox 1179 507 1335 564; x_wconf 89' lang='lat' dir='ltr'>inter</span> <span class='ocrx_word' id='word_1_28' title='bbox 1362 519 1617 564; x_wconf 90' lang='lat' dir='ltr'>matrem</span> <span class='ocrx_word' id='word_1_29' title='bbox 1638 507 1946 588; x_wconf 89' lang='lat' dir='ltr'>filiumque</span> <span class='ocrx_word' id='word_1_30' title='bbox 1975 532 2120 570; x_wconf 91' lang='lat' dir='ltr'>con-</span> 
     </span>
     <span class='ocr_line' id='line_1_6' title="bbox 252 590 2121 668; baseline 0.001 -16"><span class='ocrx_word' id='word_1_31' title='bbox 252 595 454 652; x_wconf 90' lang='lat' dir='ltr'>cordia</span> <span class='ocrx_word' id='word_1_32' title='bbox 478 594 601 649; x_wconf 90' lang='lat' dir='ltr'>sive</span> <span class='ocrx_word' id='word_1_33' title='bbox 627 594 872 651; x_wconf 88' lang='lat' dir='ltr'>occultis</span> <span class='ocrx_word' id='word_1_34' title='bbox 903 594 1072 651; x_wconf 76' lang='lat' dir='ltr'>odiis.</span> <span class='ocrx_word' id='word_1_35' title='bbox 1158 590 1365 668; x_wconf 85' lang='lat' dir='ltr'>Neque</span> <span class='ocrx_word' id='word_1_36' title='bbox 1391 593 1551 648; x_wconf 90' lang='lat' dir='ltr'>enim</span> <span class='ocrx_word' id='word_1_37' title='bbox 1573 595 1762 651; x_wconf 93' lang='lat' dir='ltr'>multo</span> <span class='ocrx_word' id='word_1_38' title='bbox 1791 607 1946 666; x_wconf 86' lang='lat' dir='ltr'>ante,</span> <span class='ocrx_word' id='word_1_39' title='bbox 1984 617 2121 655; x_wconf 90' lang='lat' dir='ltr'>cum</span> 
     </span>
     <span class='ocr_line' id='line_1_7' title="bbox 250 674 2121 755; baseline 0.002 -19"><span class='ocrx_word' id='word_1_40' title='bbox 250 676 414 736; x_wconf 86' lang='lat' dir='ltr'>haud</span> <span class='ocrx_word' id='word_1_41' title='bbox 436 680 648 754; x_wconf 80' lang='lat' dir='ltr'>procul-</span> <span class='ocrx_word' id='word_1_42' title='bbox 668 675 898 753; x_wconf 82' lang='lat' dir='ltr'>theatro</span> <span class='ocrx_word' id='word_1_43' title='bbox 925 676 1200 734; x_wconf 78' lang='lat' dir='ltr'>Marcelli</span> <span class='ocrx_word' id='word_1_44' title='bbox 1226 678 1475 752; x_wconf 85' lang='lat' dir='ltr'>effigiem</span> <span class='ocrx_word' id='word_1_45' title='bbox 1505 679 1643 736; x_wconf 90' lang='lat' dir='ltr'>divo</span> <span class='ocrx_word' id='word_1_46' title='bbox 1669 674 1939 755; x_wconf 83' lang='lat' dir='ltr'>Aug-usto</span> <span class='ocrx_word' id='word_1_47' title='bbox 1967 679 2121 740; x_wconf 89' lang='lat' dir='ltr'>Iulia</span> 
     </span>
     <span class='ocr_line' id='line_1_8' title="bbox 254 763 2123 844; baseline 0.002 -23"><span class='ocrx_word' id='word_1_48' title='bbox 254 765 508 834; x_wconf 87' lang='lat' dir='ltr'>dicaret,</span> <span class='ocrx_word' id='word_1_49' title='bbox 567 763 800 823; x_wconf 89' lang='lat' dir='ltr'>Tiberii</span> <span class='ocrx_word' id='word_1_50' title='bbox 841 782 1062 819; x_wconf 90' lang='lat' dir='ltr'>nomen</span> <span class='ocrx_word' id='word_1_51' title='bbox 1107 782 1214 820; x_wconf 90' lang='lat' dir='ltr'>suo</span> <span class='ocrx_word' id='word_1_52' title='bbox 1262 764 1734 840; x_wconf 88' lang='lat' dir='ltr'>postscripserat‚</span> <span class='ocrx_word' id='word_1_53' title='bbox 1796 765 1978 844; x_wconf 91' lang='lat' dir='ltr'>idque</span> <span class='ocrx_word' id='word_1_54' title='bbox 2019 768 2123 824; x_wconf 89' lang='lat' dir='ltr'>ille</span> 
     </span>
     <span class='ocr_line' id='line_1_9' title="bbox 255 847 2126 925; baseline 0.001 -18"><span class='ocrx_word' id='word_1_55' title='bbox 255 851 603 921; x_wconf 81' lang='lat' dir='ltr'><strong>credebatur.</strong></span> <span class='ocrx_word' id='word_1_56' title='bbox 624 862 694 917; x_wconf 87' lang='lat' dir='ltr'>ut</span> <span class='ocrx_word' id='word_1_57' title='bbox 721 849 966 904; x_wconf 88' lang='lat' dir='ltr'>inferius</span> <span class='ocrx_word' id='word_1_58' title='bbox 999 847 1299 906; x_wconf 88' lang='lat' dir='ltr'>maiestate</span> <span class='ocrx_word' id='word_1_59' title='bbox 1333 849 1620 925; x_wconf 89' lang='lat' dir='ltr'>principis</span> <span class='ocrx_word' id='word_1_60' title='bbox 1659 852 1824 924; x_wconf 85' lang='lat' dir='ltr'>gravi</span> <span class='ocrx_word' id='word_1_61' title='bbox 1859 863 1918 911; x_wconf 90' lang='lat' dir='ltr'>et</span> <span class='ocrx_word' id='word_1_62' title='bbox 1950 851 2126 910; x_wconf 89' lang='lat' dir='ltr'>dissi-</span> 
     </span>
     <span class='ocr_line' id='line_1_10' title="bbox 253 933 2124 1012; baseline 0.002 -20"><span class='ocrx_word' id='word_1_63' title='bbox 253 936 481 1007; x_wconf 77' lang='lat' dir='ltr'>mulata</span> <span class='ocrx_word' id='word_1_64' title='bbox 532 935 860 993; x_wconf 86' lang='lat' dir='ltr'>offensione</span> <span class='ocrx_word' id='word_1_65' title='bbox 913 933 1228 992; x_wconf 83' lang='lat' dir='ltr'>abdidisse.</span> <span class='ocrx_word' id='word_1_66' title='bbox 1341 933 1462 991; x_wconf 87' lang='lat' dir='ltr'>Sed</span> <span class='ocrx_word' id='word_1_67' title='bbox 1503 945 1632 991; x_wconf 88' lang='lat' dir='ltr'>tum</span> <span class='ocrx_word' id='word_1_68' title='bbox 1677 937 1966 1012; x_wconf 90' lang='lat' dir='ltr'>supplicia</span> <span class='ocrx_word' id='word_1_69' title='bbox 2010 935 2124 995; x_wconf 84' lang='lat' dir='ltr'>diis</span> 
     </span>
     <span class='ocr_line' id='line_1_11' title="bbox 254 1017 2127 1098; baseline 0.002 -20"><span class='ocrx_word' id='word_1_70' title='bbox 254 1017 503 1098; x_wconf 81' lang='lat' dir='ltr'>ludique</span> <span class='ocrx_word' id='word_1_71' title='bbox 529 1020 728 1093; x_wconf 87' lang='lat' dir='ltr'>magni</span> <span class='ocrx_word' id='word_1_72' title='bbox 747 1019 821 1074; x_wconf 90' lang='lat' dir='ltr'>ab</span> <span class='ocrx_word' id='word_1_73' title='bbox 853 1030 1059 1076; x_wconf 87' lang='lat' dir='ltr'>senatu</span> <span class='ocrx_word' id='word_1_74' title='bbox 1092 1019 1524 1094; x_wconf 87' lang='lat' dir='ltr'>decernuntur,</span> <span class='ocrx_word' id='word_1_75' title='bbox 1568 1040 1716 1096; x_wconf 88' lang='lat' dir='ltr'>quos</span> <span class='ocrx_word' id='word_1_76' title='bbox 1738 1022 2044 1096; x_wconf 86' lang='lat' dir='ltr'>pontifices</span> <span class='ocrx_word' id='word_1_77' title='bbox 2069 1035 2127 1082; x_wconf 87' lang='lat' dir='ltr'>et</span> 
     </span>
    </p>
   </div>
   <div class='ocr_carea' id='block_1_4' title="bbox 200 212 371 290">
    <p class='ocr_par' dir='ltr' id='par_1_4' title="bbox 200 212 371 290">
     <span class='ocr_line' id='line_1_12' title="bbox 200 212 371 290; baseline 0.012 -18"><span class='ocrx_word' id='word_1_78' title='bbox 200 287 202 290; x_wconf 7' lang='lat' dir='ltr'>v</span> <span class='ocrx_word' id='word_1_79' title='bbox 246 212 371 275; x_wconf 74' lang='lat'>278</span> 
     </span>
    </p>
   </div>
   <div class='ocr_carea' id='block_1_5' title="bbox 257 1103 2217 1180">
    <p class='ocr_par' dir='ltr' id='par_1_5' title="bbox 257 1103 2217 1180">
     <span class='ocr_line' id='line_1_13' title="bbox 257 1103 2217 1180; baseline 0.002 -16"><span class='ocrx_word' id='word_1_80' title='bbox 257 1125 508 1180; x_wconf 80' lang='lat' dir='ltr'><strong>augures</strong></span> <span class='ocrx_word' id='word_1_81' title='bbox 536 1117 590 1162; x_wconf 91' lang='lat' dir='ltr'>et</span> <span class='ocrx_word' id='word_1_82' title='bbox 618 1103 1074 1180; x_wconf 88' lang='lat' dir='ltr'>quindecimviri</span> <span class='ocrx_word' id='word_1_83' title='bbox 1113 1104 1480 1179; x_wconf 85' lang='lat' dir='ltr'>septemviris</span> <span class='ocrx_word' id='word_1_84' title='bbox 1514 1104 1696 1162; x_wconf 92' lang='lat' dir='ltr'>simul</span> <span class='ocrx_word' id='word_1_85' title='bbox 1730 1116 1787 1163; x_wconf 92' lang='lat' dir='ltr'>et</span> <span class='ocrx_word' id='word_1_86' title='bbox 1823 1107 2128 1166; x_wconf 79' lang='lat' dir='ltr'>sodalibus</span> <span class='ocrx_word' id='word_1_87' title='bbox 2211 1146 2217 1153; x_wconf 87' lang='lat'>·-</span> 
     </span>
    </p>
   </div>
   <div class='ocr_carea' id='block_1_6' title="bbox 256 1178 2130 1523">
    <p class='ocr_par' dir='ltr' id='par_1_6' title="bbox 256 1178 2130 1523">
     <span class='ocr_line' id='line_1_14' title="bbox 256 1178 2130 1266; baseline 0.001 -16"><span class='ocrx_word' id='word_1_88' title='bbox 256 1189 684 1265; x_wconf 79' lang='lat' dir='ltr'>Augustalibus</span> <span class='ocrx_word' id='word_1_89' title='bbox 724 1190 982 1249; x_wconf 86' lang='lat' dir='ltr'>ederent.</span> <span class='ocrx_word' id='word_1_90' title='bbox 1078 1186 1403 1247; x_wconf 86' lang='lat' dir='ltr'>Censuerat</span> <span class='ocrx_word' id='word_1_91' title='bbox 1432 1188 1504 1250; x_wconf 89' lang='lat' dir='ltr'>L.</span> <span class='ocrx_word' id='word_1_92' title='bbox 1538 1187 1874 1266; x_wconf 64' lang='lat' dir='ltr'>Apmnhm,</span> <span class='ocrx_word' id='word_1_93' title='bbox 1929 1178 1997 1250; x_wconf 80' lang='lat' dir='ltr'>ut</span> <span class='ocrx_word' id='word_1_94' title='bbox 2038 1194 2130 1251; x_wconf 90' lang='lat' dir='ltr'>fe-</span> 
     </span>
     <span class='ocr_line' id='line_1_15' title="bbox 257 1273 2130 1353; baseline 0.001 -18"><span class='ocrx_word' id='word_1_95' title='bbox 257 1277 427 1337; x_wconf 82' lang='lat' dir='ltr'>tiales</span> <span class='ocrx_word' id='word_1_96' title='bbox 468 1295 703 1352; x_wconf 91' lang='lat' dir='ltr'>quoque</span> <span class='ocrx_word' id='word_1_97' title='bbox 743 1274 816 1331; x_wconf 89' lang='lat' dir='ltr'>iis</span> <span class='ocrx_word' id='word_1_98' title='bbox 853 1275 1012 1331; x_wconf 91' lang='lat' dir='ltr'>ludis</span> <span class='ocrx_word' id='word_1_99' title='bbox 1047 1275 1466 1350; x_wconf 85' lang='lat' dir='ltr'>praesiderent.</span> <span class='ocrx_word' id='word_1_100' title='bbox 1569 1273 1944 1337; x_wconf 86' lang='lat' dir='ltr'>Contradixit</span> <span class='ocrx_word' id='word_1_101' title='bbox 1979 1275 2130 1353; x_wconf 78' lang='lat' dir='ltr'>Cae-</span> 
     </span>
     <span class='ocr_line' id='line_1_16' title="bbox 261 1361 2127 1440; baseline 0.001 -21"><span class='ocrx_word' id='word_1_102' title='bbox 261 1383 356 1419; x_wconf 85' lang='lat' dir='ltr'>sar</span> <span class='ocrx_word' id='word_1_103' title='bbox 398 1361 697 1418; x_wconf 64' lang='lat' dir='ltr'>distincto‘</span> <span class='ocrx_word' id='word_1_104' title='bbox 726 1361 1191 1418; x_wconf 87' lang='lat' dir='ltr'>sacerdotiorum</span> <span class='ocrx_word' id='word_1_105' title='bbox 1232 1361 1361 1418; x_wconf 86' lang='lat' dir='ltr'>iure</span> <span class='ocrx_word' id='word_1_106' title='bbox 1409 1371 1468 1417; x_wconf 92' lang='lat' dir='ltr'>et</span> <span class='ocrx_word' id='word_1_107' title='bbox 1508 1361 1773 1437; x_wconf 73' lang='lat' dir='ltr'>repetitis</span> <span class='ocrx_word' id='word_1_108' title='bbox 1823 1365 2127 1440; x_wconf 86' lang='lat' dir='ltr'>exemplis:</span> 
     </span>
     <span class='ocr_line' id='line_1_17' title="bbox 259 1442 2127 1523; baseline 0.002 -19"><span class='ocrx_word' id='word_1_109' title='bbox 259 1467 450 1523; x_wconf 89' lang='lat' dir='ltr'>neque</span> <span class='ocrx_word' id='word_1_110' title='bbox 475 1447 635 1501; x_wconf 91' lang='lat' dir='ltr'>enim</span> <span class='ocrx_word' id='word_1_111' title='bbox 657 1466 925 1522; x_wconf 86' lang='lat' dir='ltr'>unquam</span> <span class='ocrx_word' id='word_1_112' title='bbox 944 1446 1243 1503; x_wconf 86' lang='lat' dir='ltr'>fetialibus</span> <span class='ocrx_word' id='word_1_113' title='bbox 1262 1442 1377 1503; x_wconf 88' lang='lat' dir='ltr'>hoc</span> <span class='ocrx_word' id='word_1_114' title='bbox 1396 1445 1718 1504; x_wconf 90' lang='lat' dir='ltr'>maiestatis</span> <span class='ocrx_word' id='word_1_115' title='bbox 1739 1448 1940 1510; x_wconf 87' lang='lat' dir='ltr'>fuisse.</span> <span class='ocrx_word' id='word_1_116' title='bbox 1992 1449 2127 1507; x_wconf 91' lang='lat' dir='ltr'>ideo</span> 
     </span>
    </p>
   </div>
   <div class='ocr_carea' id='block_1_7' title="bbox 259 1531 2133 1694">
    <p class='ocr_par' dir='ltr' id='par_1_7' title="bbox 259 1531 2133 1694">
     <span class='ocr_line' id='line_1_18' title="bbox 259 1531 2133 1609; baseline 0.002 -19"><span class='ocrx_word' id='word_1_117' title='bbox 259 1531 626 1606; x_wconf 77' lang='lat' dir='ltr'>Augustales</span> <span class='ocrx_word' id='word_1_118' title='bbox 638 1531 924 1602; x_wconf 79' lang='lat' dir='ltr'>adiectOS,</span> <span class='ocrx_word' id='word_1_119' title='bbox 967 1531 1104 1609; x_wconf 89' lang='lat' dir='ltr'>quia</span> <span class='ocrx_word' id='word_1_120' title='bbox 1129 1532 1440 1607; x_wconf 90' lang='lat' dir='ltr'>proprium</span> <span class='ocrx_word' id='word_1_121' title='bbox 1469 1531 1594 1589; x_wconf 92' lang='lat' dir='ltr'>eius</span> <span class='ocrx_word' id='word_1_122' title='bbox 1622 1534 1834 1591; x_wconf 84' lang='lat' dir='ltr'>domus</span> <span class='ocrx_word' id='word_1_123' title='bbox 1859 1535 2133 1594; x_wconf 89' lang='lat' dir='ltr'>sacerdo-</span> 
     </span>
     <span class='ocr_line' id='line_1_19' title="bbox 264 1617 1603 1694; baseline 0.001 -19"><span class='ocrx_word' id='word_1_124' title='bbox 264 1618 415 1675; x_wconf 88' lang='lat' dir='ltr'>tium</span> <span class='ocrx_word' id='word_1_125' title='bbox 445 1630 620 1687; x_wconf 87' lang='lat' dir='ltr'>esset,</span> <span class='ocrx_word' id='word_1_126' title='bbox 664 1638 772 1692; x_wconf 89' lang='lat' dir='ltr'>pro</span> <span class='ocrx_word' id='word_1_127' title='bbox 800 1637 916 1694; x_wconf 88' lang='lat' dir='ltr'>qua</span> <span class='ocrx_word' id='word_1_128' title='bbox 943 1629 1080 1674; x_wconf 90' lang='lat' dir='ltr'>vota</span> <span class='ocrx_word' id='word_1_129' title='bbox 1106 1617 1603 1692; x_wconf 83' lang='lat' dir='ltr'>persolverentur.</span> 
     </span>
    </p>
   </div>
   <div class='ocr_carea' id='block_1_8' title="bbox 262 1690 2222 1951">
    <p class='ocr_par' dir='ltr' id='par_1_8' title="bbox 262 1690 2222 1951">
     <span class='ocr_line' id='line_1_20' title="bbox 428 1690 2222 1780; baseline 0.002 -20"><span class='ocrx_word' id='word_1_130' title='bbox 428 1701 617 1762; x_wconf 86' lang='lat' dir='ltr'>LXV.</span> <span class='ocrx_word' id='word_1_131' title='bbox 703 1699 964 1780; x_wconf 86' lang='lat' dir='ltr'>Exsequi</span> <span class='ocrx_word' id='word_1_132' title='bbox 1014 1702 1332 1758; x_wconf 87' lang='lat' dir='ltr'>sententias</span> <span class='ocrx_word' id='word_1_133' title='bbox 1384 1697 1548 1759; x_wconf 87' lang='lat' dir='ltr'>haud</span> <span class='ocrx_word' id='word_1_134' title='bbox 1590 1702 1822 1761; x_wconf 87' lang='lat' dir='ltr'>institui</span> <span class='ocrx_word' id='word_1_135' title='bbox 1869 1690 1988 1762; x_wconf 77' lang='lat' dir='ltr'>nisi</span> <span class='ocrx_word' id='word_1_136' title='bbox 2036 1705 2134 1762; x_wconf 91' lang='lat' dir='ltr'>in-</span> <span class='ocrx_word' id='word_1_137' title='bbox 2214 1742 2222 1748; x_wconf 89' lang='lat'><em>·</em></span> 
     </span>
     <span class='ocr_line' id='line_1_21' title="bbox 262 1782 2222 1869; baseline 0.002 -24"><span class='ocrx_word' id='word_1_138' title='bbox 262 1788 455 1863; x_wconf 85' lang='lat' dir='ltr'>signes</span> <span class='ocrx_word' id='word_1_139' title='bbox 486 1809 592 1865; x_wconf 94' lang='lat' dir='ltr'>per</span> <span class='ocrx_word' id='word_1_140' title='bbox 627 1782 944 1845; x_wconf 90' lang='lat' dir='ltr'>honestum</span> <span class='ocrx_word' id='word_1_141' title='bbox 980 1799 1082 1845; x_wconf 89' lang='lat' dir='ltr'>aut</span> <span class='ocrx_word' id='word_1_142' title='bbox 1117 1787 1374 1846; x_wconf 88' lang='lat' dir='ltr'>notabili</span> <span class='ocrx_word' id='word_1_143' title='bbox 1407 1788 1719 1861; x_wconf 85' lang='lat' dir='ltr'>dedecore:</span> <span class='ocrx_word' id='word_1_144' title='bbox 1765 1791 1927 1867; x_wconf 89' lang='lat' dir='ltr'>quod</span> <span class='ocrx_word' id='word_1_145' title='bbox 1962 1812 2135 1869; x_wconf 91' lang='lat' dir='ltr'>prae-</span> <span class='ocrx_word' id='word_1_146' title='bbox 2220 1838 2222 1841; x_wconf 85' lang='lat'>.</span> 
     </span>
     <span class='ocr_line' id='line_1_22' title="bbox 262 1872 2215 1951; baseline 0.003 -20"><span class='ocrx_word' id='word_1_147' title='bbox 262 1875 505 1951; x_wconf 91' lang='lat' dir='ltr'>cipuum</span> <span class='ocrx_word' id='word_1_148' title='bbox 527 1893 747 1931; x_wconf 91' lang='lat' dir='ltr'>munus</span> <span class='ocrx_word' id='word_1_149' title='bbox 773 1873 1082 1931; x_wconf 86' lang='lat' dir='ltr'>annalium</span> <span class='ocrx_word' id='word_1_150' title='bbox 1115 1894 1280 1944; x_wconf 86' lang='lat' dir='ltr'>reor,</span> <span class='ocrx_word' id='word_1_151' title='bbox 1319 1893 1394 1930; x_wconf 93' lang='lat' dir='ltr'>ne</span> <span class='ocrx_word' id='word_1_152' title='bbox 1432 1872 1680 1931; x_wconf 90' lang='lat' dir='ltr'>virtutes</span> <span class='ocrx_word' id='word_1_153' title='bbox 1716 1873 2004 1934; x_wconf 70' lang='lat' dir='ltr'>sileantur</span> <span class='ocrx_word' id='word_1_154' title='bbox 2036 1889 2136 1945; x_wconf 87' lang='lat' dir='ltr'>ut-</span> <span class='ocrx_word' id='word_1_155' title='bbox 2210 1894 2215 1908; x_wconf 83' lang='lat'>&#39;</span> 
     </span>
    </p>
   </div>
   <div class='ocr_carea' id='block_1_9' title="bbox 264 1959 2136 2038">
    <p class='ocr_par' dir='ltr' id='par_1_9' title="bbox 264 1959 2136 2038">
     <span class='ocr_line' id='line_1_23' title="bbox 264 1959 2136 2038; baseline 0.003 -21"><span class='ocrx_word' id='word_1_156' title='bbox 264 1981 378 2038; x_wconf 89' lang='lat' dir='ltr'>que</span> <span class='ocrx_word' id='word_1_157' title='bbox 401 1959 601 2036; x_wconf 91' lang='lat' dir='ltr'>pravis</span> <span class='ocrx_word' id='word_1_158' title='bbox 622 1959 795 2016; x_wconf 87' lang='lat' dir='ltr'>dictis</span> <span class='ocrx_word' id='word_1_159' title='bbox 816 1960 1100 2038; x_wconf 89' lang='lat' dir='ltr'>factisque</span> <span class='ocrx_word' id='word_1_160' title='bbox 1126 1979 1195 2016; x_wconf 84' lang='lat' dir='ltr'>ex</span> <span class='ocrx_word' id='word_1_161' title='bbox 1222 1959 1562 2037; x_wconf 80' lang='lat' dir='ltr'>posteritate</span> <span class='ocrx_word' id='word_1_162' title='bbox 1590 1971 1647 2017; x_wconf 90' lang='lat' dir='ltr'>et</span> <span class='ocrx_word' id='word_1_163' title='bbox 1673 1959 1917 2019; x_wconf 86' lang='lat' dir='ltr'>infamia</span> <span class='ocrx_word' id='word_1_164' title='bbox 1944 1974 2136 2022; x_wconf 88' lang='lat' dir='ltr'>metus</span> 
     </span>
    </p>
   </div>
   <div class='ocr_carea' id='block_1_10' title="bbox 264 2166 1165 2326">
    <p class='ocr_par' dir='ltr' id='par_1_10' title="bbox 264 2166 1165 2326">
     <span class='ocr_line' id='line_1_24' title="bbox 264 2166 1162 2221; baseline 0 -11"><span class='ocrx_word' id='word_1_165' title='bbox 264 2166 403 2214; x_wconf 84' lang='lat' dir='ltr'>vertit</span> <span class='ocrx_word' id='word_1_166' title='bbox 427 2167 732 2221; x_wconf 76' lang='lat' dir='ltr'>Umgehzmg;</span> <span class='ocrx_word' id='word_1_167' title='bbox 763 2167 835 2212; x_wconf 88' lang='lat' dir='ltr'>alii</span> <span class='ocrx_word' id='word_1_168' title='bbox 867 2166 1031 2212; x_wconf 81' lang='lat' dir='ltr'>rectius</span> <span class='ocrx_word' id='word_1_169' title='bbox 1056 2167 1162 2210; x_wconf 85' lang='lat' dir='ltr'>An-</span> 
     </span>
     <span class='ocr_line' id='line_1_25' title="bbox 265 2223 1078 2326; baseline 0 -58"><span class='ocrx_word' id='word_1_170' title='bbox 265 2223 504 2326; x_wconf 55' lang='lat' dir='ltr'>mcgsung.</span> <span class='ocrx_word' id='word_1_171' title='bbox 564 2225 807 2268; x_wconf 64' lang='lat' dir='ltr'>Rialuerim</span> <span class='ocrx_word' id='word_1_172' title='bbox 831 2226 1078 2269; x_wconf 76' lang='lat' dir='ltr'>Ehrsucht.</span> 
     </span>
     <span class='ocr_line' id='line_1_26' title="bbox 362 2281 1165 2326; baseline 0 0"><span class='ocrx_word' id='word_1_173' title='bbox 362 2294 438 2326; x_wconf 79' lang='grc' dir='ltr'>ΛΡ.</span> <span class='ocrx_word' id='word_1_174' title='bbox 471 2281 543 2325; x_wconf 83' lang='grc'>64.</span> <span class='ocrx_word' id='word_1_175' title='bbox 621 2284 857 2326; x_wconf 80' lang='lat' dir='ltr'>valetudo.</span> <span class='ocrx_word' id='word_1_176' title='bbox 930 2282 1045 2326; x_wconf 86' lang='lat' dir='ltr'>Edd.</span> <span class='ocrx_word' id='word_1_177' title='bbox 1082 2283 1165 2326; x_wconf 83' lang='lat' dir='ltr'>Be·</span> 
     </span>
    </p>
   </div>
   <div class='ocr_carea' id='block_1_11' title="bbox 266 2397 630 2446">
    <p class='ocr_par' dir='ltr' id='par_1_11' title="bbox 266 2397 630 2446">
     <span class='ocr_line' id='line_1_27' title="bbox 266 2397 630 2446; baseline -0.008 -4"><span class='ocrx_word' id='word_1_178' title='bbox 266 2406 364 2442; x_wconf 83' lang='lat' dir='ltr'>not.</span> <span class='ocrx_word' id='word_1_179' title='bbox 386 2397 440 2440; x_wconf 90' lang='lat' dir='ltr'>ad</span> <span class='ocrx_word' id='word_1_180' title='bbox 468 2397 536 2446; x_wconf 87' lang='lat'>14,</span> <span class='ocrx_word' id='word_1_181' title='bbox 558 2397 630 2443; x_wconf 82' lang='lat'>51.</span> 
     </span>
    </p>
   </div>
   <div class='ocr_carea' id='block_1_12' title="bbox 265 2453 1176 3376">
    <p class='ocr_par' dir='ltr' id='par_1_12' title="bbox 265 2453 1168 2743">
     <span class='ocr_line' id='line_1_28' title="bbox 323 2453 1165 2508; baseline -0.001 -10"><span class='ocrx_word' id='word_1_182' title='bbox 323 2453 506 2498; x_wconf 80' lang='lat' dir='ltr'>Tiberii</span> <span class='ocrx_word' id='word_1_183' title='bbox 532 2469 709 2498; x_wconf 86' lang='lat' dir='ltr'>nomen</span> <span class='ocrx_word' id='word_1_184' title='bbox 743 2469 828 2497; x_wconf 84' lang='lat' dir='ltr'>suo</span> <span class='ocrx_word' id='word_1_185' title='bbox 863 2456 1165 2508; x_wconf 77' lang='lat' dir='ltr'>postscripse-</span> 
     </span>
     <span class='ocr_line' id='line_1_29' title="bbox 265 2510 1167 2569; baseline -0.003 -13"><span class='ocrx_word' id='word_1_186' title='bbox 265 2513 360 2557; x_wconf 81' lang='lat' dir='ltr'>rat.</span> <span class='ocrx_word' id='word_1_187' title='bbox 432 2511 504 2555; x_wconf 90' lang='lat' dir='ltr'>De</span> <span class='ocrx_word' id='word_1_188' title='bbox 541 2511 687 2556; x_wconf 85' lang='lat' dir='ltr'>Liviae</span> <span class='ocrx_word' id='word_1_189' title='bbox 722 2510 985 2569; x_wconf 80' lang='lat' dir='ltr'>adrogantia</span> <span class='ocrx_word' id='word_1_190' title='bbox 1024 2511 1167 2555; x_wconf 85' lang='lat' dir='ltr'>fusius</span> 
     </span>
     <span class='ocr_line' id='line_1_30' title="bbox 266 2566 1168 2628; baseline -0.003 -14"><span class='ocrx_word' id='word_1_191' title='bbox 266 2570 360 2614; x_wconf 90' lang='lat' dir='ltr'>Dio</span> <span class='ocrx_word' id='word_1_192' title='bbox 396 2569 465 2619; x_wconf 91' lang='lat'>57,</span> <span class='ocrx_word' id='word_1_193' title='bbox 490 2570 559 2613; x_wconf 75' lang='lat'>12.</span> <span class='ocrx_word' id='word_1_194' title='bbox 594 2569 672 2627; x_wconf 90' lang='lat' dir='ltr'>qui</span> <span class='ocrx_word' id='word_1_195' title='bbox 707 2569 885 2613; x_wconf 83' lang='lat' dir='ltr'>scribit:</span> <span class='ocrx_word' id='word_1_196' title='bbox 935 2567 1022 2628; x_wconf 68' lang='grc' dir='ltr'>οὐχ</span> <span class='ocrx_word' id='word_1_197' title='bbox 1055 2566 1168 2614; x_wconf 83' lang='grc' dir='ltr'>ὅσον</span> 
     </span>
     <span class='ocr_line' id='line_1_31' title="bbox 267 2622 1168 2685; baseline -0.002 -12"><span class='ocrx_word' id='word_1_198' title='bbox 267 2628 315 2679; x_wconf 77' lang='grc' dir='ltr'>ἐξ</span> <span class='ocrx_word' id='word_1_199' title='bbox 347 2631 452 2672; x_wconf 82' lang='grc' dir='ltr'><em>ἴσου</em></span> <span class='ocrx_word' id='word_1_200' title='bbox 479 2630 524 2671; x_wconf 85' lang='grc' dir='ltr'>οἱ</span> <span class='ocrx_word' id='word_1_201' title='bbox 547 2622 728 2684; x_wconf 72' lang='grc' dir='ltr'><strong><em>ἄρχειν,</em></strong></span> <span class='ocrx_word' id='word_1_202' title='bbox 765 2625 882 2671; x_wconf 80' lang='grc' dir='ltr'><strong><em>ἀλλὰ</em></strong></span> <span class='ocrx_word' id='word_1_203' title='bbox 913 2629 991 2670; x_wconf 82' lang='grc' dir='ltr'>καὶ</span> <span class='ocrx_word' id='word_1_204' title='bbox 1026 2641 1168 2685; x_wconf 81' lang='grc' dir='ltr'><strong><em>πρεσ-</em></strong></span> 
     </span>
     <span class='ocr_line' id='line_1_32' title="bbox 267 2682 798 2743; baseline -0.006 -13"><span class='ocrx_word' id='word_1_205' title='bbox 267 2682 588 2743; x_wconf 67' lang='grc' dir='ltr'>βεύειιίαύτοῦ</span> <span class='ocrx_word' id='word_1_206' title='bbox 618 2683 798 2740; x_wconf 73' lang='grc' dir='ltr'>ἤθελεν.</span> 
     </span>
    </p>

    <p class='ocr_par' dir='ltr' id='par_1_13' title="bbox 268 2742 1174 3256">
     <span class='ocr_line' id='line_1_33' title="bbox 325 2742 1171 2798; baseline 0 -12"><span class='ocrx_word' id='word_1_207' title='bbox 325 2745 467 2798; x_wconf 81' lang='lat' dir='ltr'>gravi</span> <span class='ocrx_word' id='word_1_208' title='bbox 497 2752 542 2786; x_wconf 81' lang='lat' dir='ltr'>et</span> <span class='ocrx_word' id='word_1_209' title='bbox 575 2745 874 2787; x_wconf 77' lang='lat' dir='ltr'>dissimulata</span> <span class='ocrx_word' id='word_1_210' title='bbox 907 2742 1171 2798; x_wconf 79' lang='lat' dir='ltr'>offensione.</span> 
     </span>
     <span class='ocr_line' id='line_1_34' title="bbox 268 2800 1171 2860; baseline -0.001 -16"><span class='ocrx_word' id='word_1_211' title='bbox 268 2800 403 2845; x_wconf 83' lang='lat' dir='ltr'>Roth.</span> <span class='ocrx_word' id='word_1_212' title='bbox 434 2802 494 2860; x_wconf 90' lang='lat' dir='ltr'>(p.</span> <span class='ocrx_word' id='word_1_213' title='bbox 518 2800 590 2857; x_wconf 85' lang='lat'>56)</span> <span class='ocrx_word' id='word_1_214' title='bbox 627 2801 737 2845; x_wconf 87' lang='lat' dir='ltr'>haec</span> <span class='ocrx_word' id='word_1_215' title='bbox 764 2801 901 2844; x_wconf 88' lang='lat' dir='ltr'>docet</span> <span class='ocrx_word' id='word_1_216' title='bbox 935 2817 1028 2844; x_wconf 88' lang='lat' dir='ltr'>esse</span> <span class='ocrx_word' id='word_1_217' title='bbox 1058 2800 1171 2844; x_wconf 89' lang='lat' dir='ltr'>acci-</span> 
     </span>
     <span class='ocr_line' id='line_1_35' title="bbox 269 2857 1174 2918; baseline -0.002 -16"><span class='ocrx_word' id='word_1_218' title='bbox 269 2859 432 2917; x_wconf 88' lang='lat' dir='ltr'>pienda</span> <span class='ocrx_word' id='word_1_219' title='bbox 455 2874 538 2918; x_wconf 82' lang='lat' dir='ltr'>per</span> <span class='ocrx_word' id='word_1_220' title='bbox 569 2857 759 2917; x_wconf 82' lang='lat' dir='ltr'>figuram</span> <span class='ocrx_word' id='word_1_221' title='bbox 784 2857 834 2902; x_wconf 77' lang='grc' dir='ltr'>ἓν</span> <span class='ocrx_word' id='word_1_222' title='bbox 863 2859 941 2902; x_wconf 78' lang='grc' dir='ltr'>διὰ</span> <span class='ocrx_word' id='word_1_223' title='bbox 967 2859 1102 2902; x_wconf 79' lang='grc' dir='ltr'><em>δυοῖν</em></span> <span class='ocrx_word' id='word_1_224' title='bbox 1130 2866 1174 2900; x_wconf 87' lang='lat' dir='ltr'>et</span> 
     </span>
     <span class='ocr_line' id='line_1_36' title="bbox 271 2915 1171 2974; baseline -0.001 -16"><span class='ocrx_word' id='word_1_225' title='bbox 271 2917 456 2974; x_wconf 89' lang='lat' dir='ltr'>quidem</span> <span class='ocrx_word' id='word_1_226' title='bbox 478 2916 573 2960; x_wconf 87' lang='lat' dir='ltr'>eius</span> <span class='ocrx_word' id='word_1_227' title='bbox 595 2915 794 2974; x_wconf 83' lang='lat' dir='ltr'>generis,</span> <span class='ocrx_word' id='word_1_228' title='bbox 829 2916 951 2973; x_wconf 89' lang='lat' dir='ltr'>quod</span> <span class='ocrx_word' id='word_1_229' title='bbox 1009 2916 1171 2958; x_wconf 82' lang='lat' dir='ltr'>ertinet</span> 
     </span>
     <span class='ocr_line' id='line_1_37' title="bbox 270 2974 1172 3026; baseline -0.003 -8"><span class='ocrx_word' id='word_1_230' title='bbox 270 2974 327 3018; x_wconf 82' lang='lat' dir='ltr'>ad</span> <span class='ocrx_word' id='word_1_231' title='bbox 363 2974 594 3018; x_wconf 75' lang='lat' dir='ltr'>adiectiva.</span> <span class='ocrx_word' id='word_1_232' title='bbox 676 2974 781 3018; x_wconf 86' lang='lat' dir='ltr'>Vid.</span> <span class='ocrx_word' id='word_1_233' title='bbox 814 2983 912 3018; x_wconf 88' lang='lat' dir='ltr'>not.</span> <span class='ocrx_word' id='word_1_234' title='bbox 943 2989 965 3016; x_wconf 91' lang='lat' dir='ltr'>a</span> <span class='ocrx_word' id='word_1_235' title='bbox 1033 2975 1071 3026; x_wconf 89' lang='lat'>1,</span> <span class='ocrx_word' id='word_1_236' title='bbox 1100 2975 1172 3016; x_wconf 75' lang='lat'>20.</span> 
     </span>
     <span class='ocr_line' id='line_1_38' title="bbox 271 3029 1169 3088; baseline -0.001 -15"><span class='ocrx_word' id='word_1_237' title='bbox 271 3029 524 3087; x_wconf 70' lang='lat' dir='ltr'>antiquam</span> <span class='ocrx_word' id='word_1_238' title='bbox 557 3034 856 3088; x_wconf 82' lang='lat' dir='ltr'>duramque;</span> <span class='ocrx_word' id='word_1_239' title='bbox 897 3034 937 3080; x_wconf 87' lang='lat'>1,</span> <span class='ocrx_word' id='word_1_240' title='bbox 962 3032 1033 3075; x_wconf 87' lang='lat'>40.</span> <span class='ocrx_word' id='word_1_241' title='bbox 1061 3046 1169 3072; x_wconf 85' lang='lat' dir='ltr'>mu-</span> 
     </span>
     <span class='ocr_line' id='line_1_39' title="bbox 271 3088 1171 3143; baseline -0.001 -13"><span class='ocrx_word' id='word_1_242' title='bbox 271 3088 416 3131; x_wconf 85' lang='lat' dir='ltr'>liebre</span> <span class='ocrx_word' id='word_1_243' title='bbox 449 3097 495 3131; x_wconf 87' lang='lat' dir='ltr'>et</span> <span class='ocrx_word' id='word_1_244' title='bbox 529 3089 796 3132; x_wconf 82' lang='lat' dir='ltr'>miserabile</span> <span class='ocrx_word' id='word_1_245' title='bbox 826 3104 1014 3143; x_wconf 77' lang='lat' dir='ltr'>agmen.</span> <span class='ocrx_word' id='word_1_246' title='bbox 1090 3089 1171 3130; x_wconf 65' lang='lat' dir='ltr'>lit-</span> 
     </span>
     <span class='ocr_line' id='line_1_40' title="bbox 271 3145 1171 3203; baseline -0.001 -14"><span class='ocrx_word' id='word_1_247' title='bbox 271 3145 396 3191; x_wconf 88' lang='lat' dir='ltr'>enim</span> <span class='ocrx_word' id='word_1_248' title='bbox 444 3146 751 3193; x_wconf 79' lang='lat' dir='ltr'>dissimulata</span> <span class='ocrx_word' id='word_1_249' title='bbox 793 3146 987 3203; x_wconf 75' lang='lat' dir='ltr'>qffensio</span> <span class='ocrx_word' id='word_1_250' title='bbox 1034 3161 1171 3188; x_wconf 88' lang='lat' dir='ltr'>unam</span> 
     </span>
     <span class='ocr_line' id='line_1_41' title="bbox 274 3201 899 3256; baseline -0.002 -9"><span class='ocrx_word' id='word_1_251' title='bbox 274 3201 415 3247; x_wconf 80' lang='lat' dir='ltr'>efficit</span> <span class='ocrx_word' id='word_1_252' title='bbox 445 3205 698 3256; x_wconf 75' lang='lat' dir='ltr'>notionem.</span> <span class='ocrx_word' id='word_1_253' title='bbox 892 3203 899 3211; x_wconf 83' lang='grc'><strong>’</strong></span> 
     </span>
    </p>

    <p class='ocr_par' dir='ltr' id='par_1_14' title="bbox 274 3260 1176 3376">
     <span class='ocr_line' id='line_1_42' title="bbox 330 3260 1173 3306; baseline 0.001 -3"><span class='ocrx_word' id='word_1_254' title='bbox 330 3260 578 3303; x_wconf 77' lang='lat' dir='ltr'>abdidisse.</span> <span class='ocrx_word' id='word_1_255' title='bbox 640 3261 694 3304; x_wconf 91' lang='lat' dir='ltr'>H.</span> <span class='ocrx_word' id='word_1_256' title='bbox 717 3279 755 3305; x_wconf 89' lang='lat' dir='ltr'>e.</span> <span class='ocrx_word' id='word_1_257' title='bbox 778 3261 862 3304; x_wconf 84' lang='lat' dir='ltr'>alta</span> <span class='ocrx_word' id='word_1_258' title='bbox 890 3271 1041 3306; x_wconf 80' lang='lat' dir='ltr'>mente</span> <span class='ocrx_word' id='word_1_259' title='bbox 1066 3277 1173 3306; x_wconf 89' lang='lat' dir='ltr'>con-</span> 
     </span>
     <span class='ocr_line' id='line_1_43' title="bbox 274 3316 1176 3376; baseline 0.001 -15"><span class='ocrx_word' id='word_1_260' title='bbox 274 3316 439 3362; x_wconf 81' lang='lat' dir='ltr'>didisse</span> <span class='ocrx_word' id='word_1_261' title='bbox 460 3316 613 3376; x_wconf 89' lang='lat' dir='ltr'>ibique</span> <span class='ocrx_word' id='word_1_262' title='bbox 636 3318 898 3370; x_wconf 84' lang='lat' dir='ltr'>retinuisse,</span> <span class='ocrx_word' id='word_1_263' title='bbox 928 3327 978 3362; x_wconf 82' lang='lat' dir='ltr'>ut</span> <span class='ocrx_word' id='word_1_264' title='bbox 997 3320 1044 3363; x_wconf 91' lang='lat' dir='ltr'>in</span> <span class='ocrx_word' id='word_1_265' title='bbox 1066 3327 1176 3362; x_wconf 74' lang='lat' dir='ltr'>tem-</span> 
     </span>
    </p>
   </div>
   <div class='ocr_carea' id='block_1_13' title="bbox 274 3375 1208 3434">
    <p class='ocr_par' dir='ltr' id='par_1_15' title="bbox 274 3375 1208 3434">
     <span class='ocr_line' id='line_1_44' title="bbox 274 3375 1208 3434; baseline 0.002 -16"><span class='ocrx_word' id='word_1_266' title='bbox 274 3391 387 3434; x_wconf 85' lang='lat' dir='ltr'>pore</span> <span class='ocrx_word' id='word_1_267' title='bbox 419 3384 678 3432; x_wconf 85' lang='lat' dir='ltr'>promeret,</span> <span class='ocrx_word' id='word_1_268' title='bbox 729 3375 834 3419; x_wconf 85' lang='lat' dir='ltr'>licet</span> <span class='ocrx_word' id='word_1_269' title='bbox 870 3393 995 3420; x_wconf 91' lang='lat' dir='ltr'>nunc</span> <span class='ocrx_word' id='word_1_270' title='bbox 1038 3377 1176 3420; x_wconf 86' lang='lat' dir='ltr'>offen·</span> <span class='ocrx_word' id='word_1_271' title='bbox 1206 3394 1208 3397; x_wconf 68' lang='grc'>’</span> 
     </span>
    </p>
   </div>
   <div class='ocr_carea' id='block_1_14' title="bbox 277 3430 1177 3604">
    <p class='ocr_par' dir='ltr' id='par_1_16' title="bbox 277 3430 1177 3604">
     <span class='ocr_line' id='line_1_45' title="bbox 277 3430 831 3477; baseline 0 -1"><span class='ocrx_word' id='word_1_272' title='bbox 277 3430 453 3476; x_wconf 89' lang='lat' dir='ltr'>sionem</span> <span class='ocrx_word' id='word_1_273' title='bbox 515 3431 831 3477; x_wconf 82' lang='lat' dir='ltr'>dissimularet.</span> 
     </span>
     <span class='ocr_line' id='line_1_46' title="bbox 278 3489 991 3546; baseline 0.004 -14"><span class='ocrx_word' id='word_1_274' title='bbox 278 3489 513 3533; x_wconf 82' lang='lat' dir='ltr'>Ernestius</span> <span class='ocrx_word' id='word_1_275' title='bbox 536 3489 728 3533; x_wconf 82' lang='lat' dir='ltr'>malebat</span> <span class='ocrx_word' id='word_1_276' title='bbox 749 3492 991 3546; x_wconf 73' lang='lat' dir='ltr'>accepisse.</span> 
     </span>
     <span class='ocr_line' id='line_1_47' title="bbox 337 3547 1177 3604; baseline 0.004 -15"><span class='ocrx_word' id='word_1_277' title='bbox 337 3547 527 3604; x_wconf 81' lang='lat' dir='ltr'>ludique</span> <span class='ocrx_word' id='word_1_278' title='bbox 552 3547 728 3603; x_wconf 64' lang='lat' dir='ltr'>m‘a&#39;jgm‘s</span> <span class='ocrx_word' id='word_1_279' title='bbox 797 3547 854 3590; x_wconf 87' lang='lat' dir='ltr'>H.</span> <span class='ocrx_word' id='word_1_280' title='bbox 880 3565 917 3593; x_wconf 88' lang='lat' dir='ltr'>e.</span> <span class='ocrx_word' id='word_1_281' title='bbox 941 3550 1177 3594; x_wconf 78' lang='lat' dir='ltr'>circenses.</span> 
     </span>
    </p>
   </div>
   <div class='ocr_carea' id='block_1_15' title="bbox 1238 2166 2137 2286">
    <p class='ocr_par' dir='ltr' id='par_1_17' title="bbox 1238 2166 2137 2286">
     <span class='ocr_line' id='line_1_48' title="bbox 1315 2166 2134 2216; baseline 0.005 -5"><span class='ocrx_word' id='word_1_282' title='bbox 1315 2168 1541 2211; x_wconf 79' lang='lat' dir='ltr'>eliah&#39;bus.</span> <span class='ocrx_word' id='word_1_283' title='bbox 1604 2166 1719 2211; x_wconf 86' lang='lat' dir='ltr'>Edd.</span> <span class='ocrx_word' id='word_1_284' title='bbox 1739 2166 1951 2214; x_wconf 84' lang='lat' dir='ltr'>Beroald.</span> <span class='ocrx_word' id='word_1_285' title='bbox 1986 2167 2134 2216; x_wconf 81' lang='lat' dir='ltr'>Rhen.</span> 
     </span>
     <span class='ocr_line' id='line_1_49' title="bbox 1238 2225 2137 2286; baseline 0.004 -18"><span class='ocrx_word' id='word_1_286' title='bbox 1238 2225 1278 2268; x_wconf 84' lang='lat' dir='ltr'>A</span> <span class='ocrx_word' id='word_1_287' title='bbox 1302 2226 1658 2282; x_wconf 76' lang='lat' dir='ltr'>‹l.soec1&#39;allbus‚</span> <span class='ocrx_word' id='word_1_288' title='bbox 1690 2234 1733 2267; x_wconf 91' lang='lat' dir='ltr'>et</span> <span class='ocrx_word' id='word_1_289' title='bbox 1755 2226 1893 2286; x_wconf 86' lang='lat' dir='ltr'>paulo</span> <span class='ocrx_word' id='word_1_290' title='bbox 1915 2235 2019 2271; x_wconf 84' lang='lat' dir='ltr'>ante</span> <span class='ocrx_word' id='word_1_291' title='bbox 2031 2229 2137 2284; x_wconf 86' lang='lat' dir='ltr'>foe-</span> 
     </span>
    </p>
   </div>
   <div class='ocr_carea' id='block_1_16' title="bbox 263 2282 2204 2397">
    <p class='ocr_par' dir='ltr' id='par_1_18' title="bbox 263 2282 2204 2397">
     <span class='ocr_line' id='line_1_50' title="bbox 1238 2282 2197 2345; baseline 0.004 -19"><span class='ocrx_word' id='word_1_292' title='bbox 1238 2284 1394 2327; x_wconf 83' lang='lat' dir='ltr'>ciales.</span> <span class='ocrx_word' id='word_1_293' title='bbox 1439 2283 1527 2327; x_wconf 81' lang='lat' dir='ltr'>Alii</span> <span class='ocrx_word' id='word_1_294' title='bbox 1549 2283 1751 2336; x_wconf 76' lang='lat' dir='ltr'>feciales.</span> <span class='ocrx_word' id='word_1_295' title='bbox 1797 2282 1888 2328; x_wconf 90' lang='lat' dir='ltr'>Sed</span> <span class='ocrx_word' id='word_1_296' title='bbox 1912 2285 2139 2345; x_wconf 80' lang='lat' dir='ltr'>scriptura</span> <span class='ocrx_word' id='word_1_297' title='bbox 2191 2285 2197 2295; x_wconf 79' lang='grc'>’</span> 
     </span>
     <span class='ocr_line' id='line_1_51' title="bbox 263 2338 2204 2397; baseline 0.002 -13"><span class='ocrx_word' id='word_1_298' title='bbox 263 2339 408 2384; x_wconf 88' lang='lat' dir='ltr'>roald.</span> <span class='ocrx_word' id='word_1_299' title='bbox 438 2338 644 2382; x_wconf 87' lang='lat' dir='ltr'>Rhenan.</span> <span class='ocrx_word' id='word_1_300' title='bbox 680 2339 784 2383; x_wconf 90' lang='lat' dir='ltr'>Ald.</span> <span class='ocrx_word' id='word_1_301' title='bbox 818 2342 1040 2384; x_wconf 80' lang='lat' dir='ltr'>valitudo.</span> <span class='ocrx_word' id='word_1_302' title='bbox 1098 2341 1161 2385; x_wconf 71' lang='lat' dir='ltr'>cf.</span> <span class='ocrx_word' id='word_1_303' title='bbox 1224 2341 1426 2397; x_wconf 80' lang='lat' dir='ltr'>fetiales</span> <span class='ocrx_word' id='word_1_304' title='bbox 1471 2341 1632 2385; x_wconf 78' lang='lat' dir='ltr'>nititur</span> <span class='ocrx_word' id='word_1_305' title='bbox 1673 2341 1941 2386; x_wconf 78' lang='lat' dir='ltr'>auctoritate</span> <span class='ocrx_word' id='word_1_306' title='bbox 1977 2342 2140 2388; x_wconf 89' lang='lat' dir='ltr'>inscri-</span> <span class='ocrx_word' id='word_1_307' title='bbox 2199 2351 2204 2359; x_wconf 85' lang='lat'>&#39;</span> 
     </span>
    </p>
   </div>
   <div class='ocr_carea' id='block_1_17' title="bbox 1238 2398 2209 2466">
    <p class='ocr_par' dir='ltr' id='par_1_19' title="bbox 1238 2398 2209 2466">
     <span class='ocr_line' id='line_1_52' title="bbox 1238 2398 2209 2466; baseline 0.007 -26"><span class='ocrx_word' id='word_1_308' title='bbox 1238 2399 1467 2466; x_wconf 82' lang='lat' dir='ltr'>ptionum.</span> <span class='ocrx_word' id='word_1_309' title='bbox 1526 2398 1585 2447; x_wconf 78' lang='lat' dir='ltr'>cf,</span> <span class='ocrx_word' id='word_1_310' title='bbox 1623 2398 1852 2442; x_wconf 78' lang='lat' dir='ltr'>Muratori</span> <span class='ocrx_word' id='word_1_311' title='bbox 1889 2398 2000 2445; x_wconf 72' lang='lat' dir='ltr'>thes.</span> <span class='ocrx_word' id='word_1_312' title='bbox 2032 2416 2139 2446; x_wconf 75' lang='lat' dir='ltr'>nov.</span> <span class='ocrx_word' id='word_1_313' title='bbox 2202 2425 2209 2437; x_wconf 51' lang='grc' dir='ltr'><strong><em>τ</em></strong></span> 
     </span>
    </p>
   </div>
   <div class='ocr_carea' id='block_1_18' title="bbox 1240 2456 2147 3144">
    <p class='ocr_par' dir='ltr' id='par_1_20' title="bbox 1241 2456 1799 2514">
     <span class='ocr_line' id='line_1_53' title="bbox 1241 2456 1799 2514; baseline 0.002 -15"><span class='ocrx_word' id='word_1_314' title='bbox 1241 2472 1380 2500; x_wconf 86' lang='lat' dir='ltr'>mser.</span> <span class='ocrx_word' id='word_1_315' title='bbox 1406 2456 1461 2499; x_wconf 85' lang='lat' dir='ltr'>T.</span> <span class='ocrx_word' id='word_1_316' title='bbox 1490 2456 1533 2506; x_wconf 89' lang='lat' dir='ltr'>I,</span> <span class='ocrx_word' id='word_1_317' title='bbox 1564 2473 1608 2514; x_wconf 89' lang='lat' dir='ltr'>p.</span> <span class='ocrx_word' id='word_1_318' title='bbox 1634 2457 1730 2500; x_wconf 89' lang='lat'>188.</span> <span class='ocrx_word' id='word_1_319' title='bbox 1755 2457 1799 2501; x_wconf 84' lang='grc'>3.</span> 
     </span>
    </p>

    <p class='ocr_par' dir='ltr' id='par_1_21' title="bbox 1240 2514 2141 2787">
     <span class='ocr_line' id='line_1_54' title="bbox 1299 2514 2140 2566; baseline 0.006 -12"><span class='ocrx_word' id='word_1_320' title='bbox 1299 2514 1405 2555; x_wconf 85' lang='lat' dir='ltr'>ideo</span> <span class='ocrx_word' id='word_1_321' title='bbox 1440 2517 1728 2566; x_wconf 80' lang='lat' dir='ltr'>Augustales</span> <span class='ocrx_word' id='word_1_322' title='bbox 1764 2523 1850 2558; x_wconf 82' lang='lat' dir='ltr'>etc.</span> <span class='ocrx_word' id='word_1_323' title='bbox 1931 2514 2140 2559; x_wconf 79' lang='lat' dir='ltr'>Tiberius</span> 
     </span>
     <span class='ocr_line' id='line_1_55' title="bbox 1240 2569 2139 2620; baseline 0.003 -6"><span class='ocrx_word' id='word_1_324' title='bbox 1240 2570 1362 2614; x_wconf 85' lang='lat' dir='ltr'>bisce</span> <span class='ocrx_word' id='word_1_325' title='bbox 1382 2569 1529 2614; x_wconf 82' lang='lat' dir='ltr'>verbis</span> <span class='ocrx_word' id='word_1_326' title='bbox 1557 2578 1696 2620; x_wconf 74' lang='lat' dir='ltr'>cavet,</span> <span class='ocrx_word' id='word_1_327' title='bbox 1728 2587 1784 2613; x_wconf 93' lang='lat' dir='ltr'>ne</span> <span class='ocrx_word' id='word_1_328' title='bbox 1806 2569 1980 2616; x_wconf 82' lang='lat' dir='ltr'>fetiales</span> <span class='ocrx_word' id='word_1_329' title='bbox 2002 2573 2049 2616; x_wconf 90' lang='lat' dir='ltr'>in</span> <span class='ocrx_word' id='word_1_330' title='bbox 2066 2574 2139 2617; x_wconf 87' lang='lat' dir='ltr'>de-</span> 
     </span>
     <span class='ocr_line' id='line_1_56' title="bbox 1243 2627 2141 2686; baseline 0.004 -16"><span class='ocrx_word' id='word_1_331' title='bbox 1243 2627 1550 2671; x_wconf 88' lang='lat' dir='ltr'>minutionem</span> <span class='ocrx_word' id='word_1_332' title='bbox 1595 2627 1663 2671; x_wconf 89' lang='lat' dir='ltr'>sui</span> <span class='ocrx_word' id='word_1_333' title='bbox 1708 2627 1957 2686; x_wconf 81' lang='lat' dir='ltr'>accipiant,</span> <span class='ocrx_word' id='word_1_334' title='bbox 2050 2631 2141 2674; x_wconf 91' lang='lat' dir='ltr'>uod</span> 
     </span>
     <span class='ocr_line' id='line_1_57' title="bbox 1241 2684 2141 2744; baseline 0.003 -15"><span class='ocrx_word' id='word_1_335' title='bbox 1241 2686 1325 2744; x_wconf 85' lang='lat' dir='ltr'>ipsi</span> <span class='ocrx_word' id='word_1_336' title='bbox 1357 2694 1621 2738; x_wconf 84' lang='lat' dir='ltr'>arceantur,</span> <span class='ocrx_word' id='word_1_337' title='bbox 1666 2684 1938 2743; x_wconf 74' lang='lat' dir='ltr'>Augustales</span> <span class='ocrx_word' id='word_1_338' title='bbox 1979 2704 2002 2731; x_wconf 88' lang='lat' dir='ltr'>a</span> <span class='ocrx_word' id='word_1_339' title='bbox 2041 2688 2141 2732; x_wconf 83' lang='lat' dir='ltr'>mit·</span> 
     </span>
     <span class='ocr_line' id='line_1_58' title="bbox 1243 2751 1415 2787; baseline 0 -1"><span class='ocrx_word' id='word_1_340' title='bbox 1243 2751 1415 2787; x_wconf 81' lang='lat' dir='ltr'>tantur.</span> 
     </span>
    </p>

    <p class='ocr_par' dir='ltr' id='par_1_22' title="bbox 1243 2799 2147 3144">
     <span class='ocr_line' id='line_1_59' title="bbox 1309 2799 2142 2858; baseline 0.004 -15"><span class='ocrx_word' id='word_1_341' title='bbox 1309 2799 1424 2844; x_wconf 76' lang='lat' dir='ltr'>CAP.</span> <span class='ocrx_word' id='word_1_342' title='bbox 1463 2799 1535 2844; x_wconf 86' lang='lat'>65.</span> <span class='ocrx_word' id='word_1_343' title='bbox 1627 2802 1828 2858; x_wconf 75' lang='lat' dir='ltr'>exsequi</span> <span class='ocrx_word' id='word_1_344' title='bbox 1881 2803 2142 2846; x_wconf 79' lang='lat' dir='ltr'>sententias</span> 
     </span>
     <span class='ocr_line' id='line_1_60' title="bbox 1243 2857 2143 2904; baseline 0.002 -2"><span class='ocrx_word' id='word_1_345' title='bbox 1243 2860 1377 2902; x_wconf 78' lang='lat' dir='ltr'>haud</span> <span class='ocrx_word' id='word_1_346' title='bbox 1423 2857 1610 2900; x_wconf 81' lang='lat' dir='ltr'>institui</span> <span class='ocrx_word' id='word_1_347' title='bbox 1658 2865 1743 2901; x_wconf 83' lang='lat' dir='ltr'>etc.</span> <span class='ocrx_word' id='word_1_348' title='bbox 1844 2857 2143 2904; x_wconf 84' lang='lat' dir='ltr'>Germanice:</span> 
     </span>
     <span class='ocr_line' id='line_1_61' title="bbox 1244 2915 2145 2972; baseline 0.003 -13"><span class='ocrx_word' id='word_1_349' title='bbox 1244 2915 1607 2972; x_wconf 60' lang='lat' dir='ltr'>Au-filhrlr&#39;cher</span> <span class='ocrx_word' id='word_1_350' title='bbox 1656 2917 1849 2959; x_wconf 75' lang='lat' dir='ltr'>Berz&#39;ckt</span> <span class='ocrx_word' id='word_1_351' title='bbox 1905 2919 2022 2960; x_wconf 72' lang='lat' dir='ltr'>iiber</span> <span class='ocrx_word' id='word_1_352' title='bbox 2071 2920 2145 2962; x_wconf 75' lang='lat' dir='ltr'>dte</span> 
     </span>
     <span class='ocr_line' id='line_1_62' title="bbox 1244 2975 2146 3028; baseline 0.001 -11"><span class='ocrx_word' id='word_1_353' title='bbox 1244 2975 1640 3028; x_wconf 78' lang='lat' dir='ltr'>Abstimmungen</span> <span class='ocrx_word' id='word_1_354' title='bbox 1690 2976 1864 3028; x_wconf 61' lang='lat' dir='ltr'>genere</span> <span class='ocrx_word' id='word_1_355' title='bbox 1912 2975 2042 3018; x_wconf 77' lang='lat' dir='ltr'>nicht</span> <span class='ocrx_word' id='word_1_356' title='bbox 2085 2991 2146 3018; x_wconf 80' lang='lat' dir='ltr'>zu</span> 
     </span>
     <span class='ocr_line' id='line_1_63' title="bbox 1243 3031 2147 3086; baseline 0.002 -12"><span class='ocrx_word' id='word_1_357' title='bbox 1243 3031 1426 3074; x_wconf 83' lang='lat' dir='ltr'>meiner</span> <span class='ocrx_word' id='word_1_358' title='bbox 1448 3031 1770 3086; x_wconf 75' lang='lat' dir='ltr'>Eiarichtung,</span> <span class='ocrx_word' id='word_1_359' title='bbox 1799 3033 1909 3075; x_wconf 82' lang='lat' dir='ltr'>sind</span> <span class='ocrx_word' id='word_1_360' title='bbox 1928 3034 1995 3076; x_wconf 83' lang='lat' dir='ltr'>sie</span> <span class='ocrx_word' id='word_1_361' title='bbox 2019 3034 2147 3076; x_wconf 78' lang='lat' dir='ltr'>nicht</span> 
     </span>
     <span class='ocr_line' id='line_1_64' title="bbox 1244 3088 2146 3144; baseline 0.002 -13"><span class='ocrx_word' id='word_1_362' title='bbox 1244 3090 1600 3144; x_wconf 78' lang='lat' dir='ltr'>ausgezeichnet</span> <span class='ocrx_word' id='word_1_363' title='bbox 1627 3097 1715 3132; x_wconf 83' lang='lat' dir='ltr'>etc.</span> <span class='ocrx_word' id='word_1_364' title='bbox 1773 3088 1867 3131; x_wconf 90' lang='lat' dir='ltr'>Alii</span> <span class='ocrx_word' id='word_1_365' title='bbox 1904 3089 2004 3132; x_wconf 89' lang='lat' dir='ltr'>alia.</span> <span class='ocrx_word' id='word_1_366' title='bbox 2065 3088 2146 3133; x_wconf 74' lang='lat' dir='ltr'>Est</span> 
     </span>
    </p>
   </div>
   <div class='ocr_carea' id='block_1_19' title="bbox 1246 3144 2207 3206">
    <p class='ocr_par' dir='ltr' id='par_1_23' title="bbox 1246 3144 2207 3206">
     <span class='ocr_line' id='line_1_65' title="bbox 1246 3144 2207 3206; baseline 0.001 -17"><span class='ocrx_word' id='word_1_367' title='bbox 1246 3146 1492 3197; x_wconf 79' lang='lat' dir='ltr'>sententia,</span> <span class='ocrx_word' id='word_1_368' title='bbox 1523 3161 1638 3204; x_wconf 84' lang='lat' dir='ltr'>quae</span> <span class='ocrx_word' id='word_1_369' title='bbox 1671 3144 1719 3188; x_wconf 87' lang='lat' dir='ltr'>in</span> <span class='ocrx_word' id='word_1_370' title='bbox 1751 3146 2010 3190; x_wconf 81' lang='lat' dir='ltr'>universum</span> <span class='ocrx_word' id='word_1_371' title='bbox 2047 3147 2145 3206; x_wconf 88' lang='lat' dir='ltr'>qui·</span> <span class='ocrx_word' id='word_1_372' title='bbox 2192 3164 2207 3170; x_wconf 76' lang='grc'><em>·</em></span> 
     </span>
    </p>
   </div>
   <div class='ocr_carea' id='block_1_20' title="bbox 1247 3202 2147 3432">
    <p class='ocr_par' dir='ltr' id='par_1_24' title="bbox 1247 3202 2145 3263">
     <span class='ocr_line' id='line_1_66' title="bbox 1247 3202 2145 3263; baseline 0.002 -16"><span class='ocrx_word' id='word_1_373' title='bbox 1247 3204 1349 3247; x_wconf 88' lang='lat' dir='ltr'>dem</span> <span class='ocrx_word' id='word_1_374' title='bbox 1376 3202 1522 3255; x_wconf 82' lang='lat' dir='ltr'>valet,</span> <span class='ocrx_word' id='word_1_375' title='bbox 1564 3203 1693 3247; x_wconf 87' lang='lat' dir='ltr'>cuius</span> <span class='ocrx_word' id='word_1_376' title='bbox 1721 3211 1871 3246; x_wconf 79' lang='lat' dir='ltr'>tamen</span> <span class='ocrx_word' id='word_1_377' title='bbox 1900 3204 1973 3247; x_wconf 88' lang='lat' dir='ltr'>hic</span> <span class='ocrx_word' id='word_1_378' title='bbox 2008 3205 2145 3263; x_wconf 82' lang='lat' dir='ltr'>potis·</span> 
     </span>
    </p>

    <p class='ocr_par' dir='ltr' id='par_1_25' title="bbox 1247 3258 2146 3312">
     <span class='ocr_line' id='line_1_67' title="bbox 1247 3258 2146 3312; baseline 0.002 -8"><span class='ocrx_word' id='word_1_379' title='bbox 1247 3262 1423 3305; x_wconf 79' lang='lat' dir='ltr'>simum</span> <span class='ocrx_word' id='word_1_380' title='bbox 1442 3259 1570 3303; x_wconf 86' lang='lat' dir='ltr'>locus</span> <span class='ocrx_word' id='word_1_381' title='bbox 1594 3258 1700 3312; x_wconf 84' lang='lat' dir='ltr'>fuit,</span> <span class='ocrx_word' id='word_1_382' title='bbox 1733 3268 1783 3302; x_wconf 84' lang='lat' dir='ltr'>ut</span> <span class='ocrx_word' id='word_1_383' title='bbox 1801 3260 1982 3304; x_wconf 85' lang='lat' dir='ltr'>brevior</span> <span class='ocrx_word' id='word_1_384' title='bbox 2003 3263 2050 3306; x_wconf 89' lang='lat' dir='ltr'>in</span> <span class='ocrx_word' id='word_1_385' title='bbox 2069 3278 2146 3306; x_wconf 86' lang='lat' dir='ltr'>an·</span> 
     </span>
    </p>

    <p class='ocr_par' dir='ltr' id='par_1_26' title="bbox 1249 3318 2147 3432">
     <span class='ocr_line' id='line_1_68' title="bbox 1249 3318 2117 3376; baseline 0 -14"><span class='ocrx_word' id='word_1_386' title='bbox 1249 3318 1560 3362; x_wconf 81' lang='lat' dir='ltr'>teeedentihus</span> <span class='ocrx_word' id='word_1_387' title='bbox 1578 3318 1796 3376; x_wconf 87' lang='lat' dir='ltr'>expositio</span> <span class='ocrx_word' id='word_1_388' title='bbox 1817 3326 2117 3363; x_wconf 81' lang='lat' dir='ltr'>excusaretur.</span> 
     </span>
     <span class='ocr_line' id='line_1_69' title="bbox 1302 3375 2147 3432; baseline 0.005 -16"><span class='ocrx_word' id='word_1_389' title='bbox 1302 3375 1470 3432; x_wconf 80' lang='lat' dir='ltr'>pravis</span> <span class='ocrx_word' id='word_1_390' title='bbox 1488 3375 1880 3432; x_wconf 64' lang='lat' dir='ltr'>dictassactisque.</span> <span class='ocrx_word' id='word_1_391' title='bbox 1927 3375 2005 3421; x_wconf 87' lang='lat' dir='ltr'>Sic</span> <span class='ocrx_word' id='word_1_392' title='bbox 2020 3379 2147 3420; x_wconf 82' lang='lat' dir='ltr'>bona</span> 
     </span>
    </p>
   </div>
   <div class='ocr_carea' id='block_1_21' title="bbox 2095 3489 2147 3536">
    <p class='ocr_par' dir='ltr' id='par_1_27' title="bbox 2095 3489 2147 3536">
     <span class='ocr_line' id='line_1_70' title="bbox 2095 3489 2147 3536; baseline 0 0"><span class='ocrx_word' id='word_1_393' title='bbox 2095 3489 2147 3536; x_wconf 73' lang='grc' dir='ltr'>ἓν</span> 
     </span>
    </p>
   </div>
   <div class='ocr_carea' id='block_1_22' title="bbox 929 3432 1540 3493">
    <p class='ocr_par' dir='ltr' id='par_1_28' title="bbox 929 3432 1540 3493">
     <span class='ocr_line' id='line_1_71' title="bbox 929 3432 1540 3493; baseline -0.003 -17"><span class='ocrx_word' id='word_1_394' title='bbox 929 3433 1177 3493; x_wconf 86' lang='lat' dir='ltr'>Perperam</span> <span class='ocrx_word' id='word_1_395' title='bbox 1237 3433 1378 3491; x_wconf 80' lang='lat' dir='ltr'>facta</span> <span class='ocrx_word' id='word_1_396' title='bbox 1409 3447 1447 3475; x_wconf 87' lang='lat' dir='ltr'>c.</span> <span class='ocrx_word' id='word_1_397' title='bbox 1468 3432 1540 3475; x_wconf 86' lang='lat'>40.</span> 
     </span>
    </p>
   </div>
   <div class='ocr_carea' id='block_1_23' title="bbox 1306 3489 2018 3548">
    <p class='ocr_par' dir='ltr' id='par_1_29' title="bbox 1306 3489 2018 3548">
     <span class='ocr_line' id='line_1_72' title="bbox 1306 3489 2018 3548; baseline 0.003 -16"><span class='ocrx_word' id='word_1_398' title='bbox 1306 3504 1371 3533; x_wconf 83' lang='lat' dir='ltr'>ex</span> <span class='ocrx_word' id='word_1_399' title='bbox 1407 3491 1687 3545; x_wconf 80' lang='lat' dir='ltr'>posteritate</span> <span class='ocrx_word' id='word_1_400' title='bbox 1722 3498 1767 3532; x_wconf 82' lang='lat' dir='ltr'>et</span> <span class='ocrx_word' id='word_1_401' title='bbox 1798 3489 2018 3548; x_wconf 76' lang='lat' dir='ltr'>infamia.</span> 
     </span>
    </p>
   </div>
   <div class='ocr_carea' id='block_1_24' title="bbox 1252 3546 1963 3607">
    <p class='ocr_par' dir='ltr' id='par_1_30' title="bbox 1252 3546 1963 3607">
     <span class='ocr_line' id='line_1_73' title="bbox 1252 3546 1963 3607; baseline 0 -15"><span class='ocrx_word' id='word_1_402' title='bbox 1252 3546 1331 3593; x_wconf 79' lang='grc' dir='ltr'>διὰ</span> <span class='ocrx_word' id='word_1_403' title='bbox 1351 3547 1503 3592; x_wconf 79' lang='grc' dir='ltr'><strong>δυοῖν.</strong></span> <span class='ocrx_word' id='word_1_404' title='bbox 1565 3547 1626 3593; x_wconf 81' lang='lat' dir='ltr'>cf.</span> <span class='ocrx_word' id='word_1_405' title='bbox 1650 3546 1786 3592; x_wconf 81' lang='lat' dir='ltr'>Roth.</span> <span class='ocrx_word' id='word_1_406' title='bbox 1818 3563 1864 3607; x_wconf 88' lang='lat' dir='ltr'>p.</span> <span class='ocrx_word' id='word_1_407' title='bbox 1892 3547 1963 3592; x_wconf 84' lang='lat'>61.</span> 
     </span>
    </p>
   </div>
  </div>
 </body>
</html>
