2222 4030
172 117 406 232 ἓξὲξ
605 140 921 205 ΜΒ.Νὸ
995 136 1462 207 musaea.
1700 122 1704 125 ’
1841 96 1961 206 3ἐ1

94 277 316 354 cipium
350 273 559 349 stragis
593 272 660 328 in
692 284 950 330 mortem
983 270 1319 343 adflixerat,
1361 287 1430 333 ut
1458 275 1564 333 tali
1597 285 1785 347 sorte,
1827 292 1964 334 cru-

94 364 313 421 eiatum
349 362 623 435 effugere.
709 356 1031 415 miserandi
1062 357 1277 430 magiS‚
1332 380 1482 435 quos
1515 362 1765 437 abrupta
1795 372 1965 437 parte

91 448 358 524 corporis
380 443 797 504 nondum-vita
822 444 1182 500 deseruerat:
1223 443 1327 518 qui
1352 465 1457 519 per
1481 447 1640 504 diem
1656 447 1824 517 risu,
1856 462 1966 524 per

91 545 327 592 noctem
359 529 688 590 ululatibus
721 539 779 585 et
813 527 1035 601 gemitu
1066 526 1343 601 coniuges
1374 542 1475 587 aut
1506 533 1727 590 liberos
1756 550 1967 589 nosce-

92 621 255 679 bant.
342 617 471 675 Iam
498 613 675 674 ceteri
696 614 854 669 fama
879 613 1081 684 exciti,
1113 608 1213 670 hic
1241 614 1515 685 fratrem,
1557 618 1964 695 propinquum

24 756 25 761 ,
94 705 224 774 ille,
266 703 418 761 alius
440 710 711 778 parentes
735 699 1067 758 lamentari.
1153 698 1328 756 etiam
1352 721 1608 776 quorum
1634 703 1865 760 diversa
1888 703 1967 761 de.

94 809 266 848 causa
286 789 463 845 amici
488 796 591 844 aut
613 783 925 840 necessarii
950 784 1221 854 aberant,
1259 804 1472 860 pavere
1502 798 1726 845 tamen:
1770 807 1963 865 neque

93 877 237 931 dum
271 885 570 949 comperto
608 889 757 948 quos
791 869 894 926 illa
926 869 1017 925 vis
1039 869 1408 945 perculisset,
1448 871 1626 929 latior
1648 893 1716 930 ex
1738 863 1964 933 incerto

94 980 189 1016 me
214 978 304 1018 us.

191 971 214 1017 t
261 1039 484 1102 LXIII.
537 1038 620 1099 Ut
646 1059 888 1115 coepere
910 1039 1204 1097 dimoveri
1240 1040 1449 1098 obruta
1465 1085 1483 1112 ,
1539 1061 1857 1103 concursus
1890 1047 1970 1103 ad

97 1129 398 1187 exanimos
425 1125 968 1201 complectentium,
1011 1126 1438 1183 osculantium:
1481 1139 1539 1185 et
1573 1147 1744 1204 saepe
1773 1142 1963 1188 certa-

21 1217 23 1247 ³
96 1235 265 1284 men,
308 1213 360 1269 si
395 1211 699 1268 confusior
733 1210 908 1267 facies
944 1210 1001 1267 et
1037 1231 1145 1286 par
1171 1212 1360 1268 forma
1389 1223 1490 1270 aut
1518 1225 1674 1271 aetas
1701 1233 1963 1273 errorem

20 1291 22 1294 ¹
94 1298 547 1374 agnoscentibus
587 1297 820 1356 fecerat.
931 1294 1382 1373 Quinquaginta
1421 1293 1735 1356 hominum
1773 1301 1964 1358 millia

20 1435 22 1439 .
95 1406 164 1443 eo
201 1405 341 1443 casu
378 1381 682 1439 debilitata
710 1382 808 1437 vel
841 1382 1060 1438 obtrita
1090 1394 1253 1439 sunt:
1303 1396 1655 1462 cautumque
1680 1384 1746 1442 in
1765 1397 1965 1461 poste-

20 1470 21 1473 ’
95 1492 230 1529 rum
265 1481 498 1526 senatus
533 1467 832 1536 consulte,
880 1487 956 1523 ne
981 1467 1113 1544 quis
1136 1468 1552 1542 gladiatorium
1580 1490 1799 1528 munus
1825 1473 1966 1529 ede-

20 1555 22 1596 J
92 1568 183 1614 ret
198 1603 215 1627 ,
269 1555 365 1613 cui
387 1554 588 1611 minor
611 1552 1183 1630 quadringentorum
1206 1555 1464 1612 millium
1490 1575 1611 1613 res:
1665 1575 1816 1615 neve
1835 1574 1967 1615 am-

20 1675 21 1678 =
94 1638 501 1719 phitheatrum
538 1639 946 1714 imponeretur
993 1639 1112 1695 nisi
1153 1639 1279 1696 solo
1327 1641 1619 1700 firmitatis
1656 1653 1964 1718 spectatae.

18 1763 21 1769 ,
94 1725 316 1787 Atilius
339 1726 405 1782 in
427 1725 701 1782 exsilium
721 1736 884 1782 actus
908 1735 1010 1785 est.
1096 1722 1374 1784 Ceterum
1394 1727 1504 1784 sub
1527 1739 1821 1786 recentem
1843 1729 1965 1788 cla-

93 1816 229 1873 dem
253 1825 493 1888 patuere
518 1830 832 1887 procerum
853 1811 1067 1867 domus
1085 1856 1102 1881 ,
1144 1811 1405 1871 fomenta
1428 1824 1484 1870 et
1509 1813 1724 1870 medici
1745 1815 1964 1890 passim

93 1899 372 1976 praebiti:
418 1897 646 1973 fuitque
669 1896 813 1953 urbs
837 1893 943 1971 per
965 1896 1101 1953 illos
1127 1897 1250 1953 dies
1274 1919 1614 1975 quanquam
1640 1911 1855 1957 maesta
1875 1901 1964 1957 fa-

20 2025 21 2055 3
91 1986 178 2043 cie
217 1995 483 2040 veterum
530 1981 813 2040 institutis
860 1982 1099 2053 similis,
1155 1983 1259 2060 qui
1303 2003 1517 2059 magna
1563 1996 1697 2060 post
1739 1986 1965 2062 proelia

92 2070 320 2129 saucios
348 2067 660 2142 largitione
682 2078 739 2125 et
762 2087 901 2125 cura
928 2068 1363 2130 sustentabant.

147 2278 199 2315 ut
222 2271 312 2312 eati
324 2276 475 2322 sorte,
494 2268 756 2312 cruciatum
779 2266 995 2323 effugere.
1066 2267 1336 2312 miserorum
1370 2266 1616 2324 augebant,
1655 2283 1797 2326 quum
1832 2284 1966 2328 opem

92 2330 129 2372 E
172 2326 463 2387 sequentibus
512 2324 855 2385 intelligendum
877 2384 881 2385 ⁷
903 2332 993 2368 est:
1064 2323 1183 2370 ferre
1206 2323 1461 2382 nequirent.
1522 2323 1764 2383 Perper-am
1788 2326 1863 2371 alii
1896 2328 1964 2371 in·

91 2389 250 2430 minus
292 2384 558 2427 miserandi
590 2384 817 2440 suerunt,
881 2382 997 2438 quia
1063 2382 1272 2440 telligunt
1330 2380 1535 2425 homines
1584 2393 1783 2441 expertes
1840 2385 1963 2438 mali,

90 2445 350 2489 crucicuum
407 2442 624 2497 effugere.
686 2438 747 2484 es.
794 2447 890 2482 not.
934 2439 990 2483 ad
1062 2441 1139 2499 qui
1170 2439 1367 2483 interdiu
1393 2438 1608 2490 viderint,
1654 2450 1794 2485 noctu
1830 2443 1962 2487 audi-

88 2520 129 2548 e,
151 2502 225 2546 60.
252 2502 334 2545 sub
361 2516 428 2544 vv.
449 2514 570 2556 quas
590 2530 603 2543 .
625 2531 637 2542 .
659 2530 671 2542 .
699 2497 990 2541 oriebantur.
1061 2499 1213 2544 verint
1239 2497 1437 2540 miserias
1462 2512 1664 2542 suorum.
1703 2497 1780 2544 Sic
1793 2498 1963 2548 Wolt-

90 2562 155 2605 Ut
174 2558 403 2615 restringit
425 2557 691 2601 sententiam
705 2589 716 2606 ,
744 2570 800 2598 ne
823 2555 870 2598 in
892 2553 991 2597 uni·
1062 2572 1216 2600 mann.
1230 2588 1243 2607 ,
1264 2553 1551 2598 Strombeck.
1567 2589 1577 2606 ,
1597 2555 1962 2605 Hackius.'Ante

88 2633 271 2663 versum
294 2615 589 2674 intelligatur,
619 2613 695 2657 sed
719 2612 775 2655 de
797 2613 871 2656 tali
896 2622 991 2655 tan·
1062 2615 1142 2670 qui
1161 2613 1331 2656 addunt
1355 2615 1492 2662 oder,
1525 2613 1646 2670 quod
1665 2614 1724 2669 ab
1743 2614 1961 2664 hocloco

88 2685 185 2718 tum
221 2680 345 2717 »orte
375 2674 456 2723 (da
480 2686 530 2715 es
551 2672 733 2715 einmat
749 2672 839 2712 das
864 2670 987 2711 Ver·
1059 2671 1256 2715 alienum
1283 2678 1363 2711 est.

86 2728 311 2788 Ifflngnil‘s
330 2745 383 2773 so
404 2731 599 2783 wome).
657 2727 728 2771 Cf.
749 2726 842 2770 Cic.
857 2726 986 2770 Brut.
1118 2727 1232 2771 CAP.
1248 2726 1317 2770 68.
1350 2729 1684 2785 quinquaginta
1705 2731 1959 2775 hominum

85 2791 159 2836 28.
221 2796 274 2831 ut
323 2787 606 2841 temporibus
655 2785 761 2827 illas.
846 2783 987 2827 Tacit.
1060 2786 1227 2828 millia.
1288 2785 1481 2829 Sueton.
1509 2786 1538 2829 Ι.
1570 2785 1601 2831 Ι.
1631 2801 1775 2844 supra
1793 2790 1963 2845 viginti

83 2865 134 2893 su
170 2864 208 2891 r.
241 2848 277 2894 1,
299 2844 369 2888 65.
401 2852 540 2901 utque
565 2844 656 2886 tali
678 2846 727 2884 in
764 2850 987 2896 tempore.
1058 2845 1297 2886 hominum
1349 2844 1503 2886 nu'llia
1544 2877 1556 2888 .
1590 2874 1604 2888 .
1635 2875 1647 2890 .
1693 2847 1955 2901 perierant.

168 2903 407 2963 opkemius
445 2903 597 2945 locum
630 2899 861 2957 distinguit
891 2899 983 2943 sie:
1060 2900 1294 2945 Consentit
1330 2900 1524 2944 Orosius
1558 2902 1586 2947 1.
1619 2901 1649 2946 Ι.
1726 2903 1957 2952 Nimirum

83 2966 144 3009 Et
165 2964 239 3005 illi
256 2962 446 3019 quidem
473 2983 532 2992 —
559 2967 610 3002 ue
632 2958 720 3000 mli
737 2965 863 3001 sorte
882 2971 983 3000 cru·
1053 2958 1096 3001 hi
1120 2961 1315 3001 obtritos
1338 2967 1509 3002 tantum
1545 2969 1803 3006 numerant.
1864 2960 1953 3007 Ta-

84 3023 259 3066 ciatum
297 3019 527 3074 effugere,
583 3017 679 3071 (ita)
723 3016 986 3061 miserandi
1054 3018 1168 3061 citus
1191 3016 1312 3060 addit
1330 3017 1608 3062 debilitatos.

82 3081 258 3135 magis,
289 3090 404 3132 quos
426 3085 511 3121 etc.
573 3075 756 3119 Frustra
791 3089 876 3118 nec
906 3088 979 3116 sa·
1099 3075 1361 3127 ‚cuirm'nnr
1415 3091 1459 3119 u.
1485 3091 1546 3119 m.
1571 3090 1664 3122 res.
1697 3077 1814 3128 Res,
1838 3079 1953 3124 Ver.

84 3139 140 3183 tis
161 3137 403 3195 eleganter.
1049 3138 1234 3187 mitgen.
1292 3132 1384 3176 liae
1420 3132 1486 3176 ius
1520 3141 1666 3178 tamen
1697 3135 1805 3179 dicit
1837 3137 1952 3180 Ein-

139 3195 219 3249 (μυί
238 3206 327 3246 per
350 3194 477 3235 diem
512 3191 611 3233 visu
644 3196 728 3233 etc.
791 3188 845 3231 lli
872 3197 976 3232 sunt
1049 3189 1228 3246 lulafle.
1291 3190 1421 3234 Putat
1447 3191 1565 3235 enim
1590 3193 1778 3251 quadr-in
1813 3203 1947 3246 ento·

84 3252 147 3296 illi
170 3251 278 3309 ipsi,
307 3265 422 3308 quos
442 3247 647 3292 nondum
674 3247 756 3291 vita
779 3247 983 3291 deserue-
1057 3264 1156 3291 rum
1187 3248 1376 3293 millium
1402 3265 1586 3293 censum
1615 3266 1706 3294 non
1730 3210 1946 3296 suffectu-

83 3318 163 3352 rat.
226 3307 482 3351 Nost-,ebant
511 3305 726 3361 coniuges
757 3313 833 3348 aut
867 3305 979 3348 libe·
1055 3321 1157 3348 rum
1195 3305 1332 3350 fuisse
1366 3305 1536 3351 damno
1574 3307 1846 3359 reficiendo,
1890 3310 1947 3355 ad

83 3383 186 3418 ros,
223 3365 300 3424 qui
325 3373 366 3408 et
390 3363 472 3422 ipsi
491 3362 692 3406 dilaniati
717 3362 834 3407 iuxta
860 3362 986 3406 iace-r
1054 3362 1175 3421 quod
1199 3362 1492 3408 reficiendum
1517 3363 1628 3410 illud
1650 3364 1750 3409 S.C.
1773 3376 1950 3423 speeta-

84 3426 187 3469 bant
214 3433 289 3468 aut
326 3421 403 3482 qui
436 3421 518 3479 ipsi
550 3420 732 3479 quidem
766 3418 878 3464 salvi
910 3420 979 3462 la·
1052 3419 1176 3465 verit.
1256 3420 1376 3467 Sunt
1417 3430 1567 3467 tamen
1622 3423 1811 3483 quadr-in
1845 3433 1949 3471 enta

86 3481 327 3526 mentando
371 3495 523 3523 casum
567 3494 753 3522 suorum
795 3477 978 3522 dolores
1050 3477 1190 3523 millia·
1229 3494 1390 3526 cemus
1431 3481 1665 3539 equestris.
1721 3480 1780 3527 cf.
1863 3482 1943 3529 lin.
