2222 4030
272 212 357 268 20
805 180 814 203 “
961 200 1467 268 ANNALIUM
1544 280 1548 284 ¹
1815 201 1868 236 Α-
1887 203 1940 238 11-
1960 203 2040 242 τω.

1815 248 1868 282 Δ.
1889 247 1934 284 C.
1978 247 2039 280 14.

271 339 512 413 lumque
555 333 743 389 edicto
776 331 1050 402 monuit,
1093 352 1197 404 ne,
1239 344 1307 390 ut
1339 333 1644 409 quondam
1679 335 1881 394 nimiis
1918 337 2128 396 studiis

269 424 450 480 funus
474 418 598 475 divi
629 414 771 474 Iulii
802 418 1161 487 turbassent,
1202 418 1284 475 ita
1307 414 1640 493 Augustum
1671 419 1737 476 in
1767 421 1896 480 foro
1931 423 2129 499 potius

272 526 450 585 quam
474 504 540 559 in
570 522 772 578 campo
795 501 1037 572 Martis,
1081 504 1214 560 sede
1250 503 1568 576 destinata,
1612 505 1861 562 cremari
1891 509 2129 567 vellent.

273 590 386 650 Die
421 588 646 646 funeris
678 587 893 644 milites
925 589 1088 645 velut
1130 588 1423 662 praesidio
1465 601 1699 661 stetere,
1741 593 1998 649 multum
2033 593 2129 649 in-

272 674 604 733 ridentibus
635 673 739 750 qui
770 673 885 748 ipsi
919 673 1190 729 viderant
1226 674 1444 751 quique
1496 695 1530 732 a
1577 677 1921 751 parentibus
1967 697 2130 734 acce-

272 771 484 838 perant
519 759 676 817 diem
705 757 878 814 illum
914 757 1084 814 crudi
1117 753 1311 814 adhuc
1351 760 1579 818 servitii
1611 773 1668 818 et
1697 762 1984 821 libertatis
2014 763 2130 818 im-

271 865 549 922 prospere
570 843 878 919 repetitae,
922 863 1056 899 cum
1084 842 1306 899 occisus
1332 844 1582 903 dictator
1607 844 1820 903 Caesar
1845 848 1975 903 aliis
1999 867 2132 922 pes-—

274 932 516 1000 simum,
558 930 689 986 aliis
715 923 1181 1004 pulcherrimum
1208 927 1436 986 facinus
1469 931 1794 988 videretur:
1840 952 2001 989 nune
2041 950 2131 989 se·-

274 1027 411 1074 ne‘m
445 1014 808 1091 principem,
871 1013 1048 1085 longa
1088 1013 1380 1087 potentia,
1439 1015 1691 1090 provisis
1740 1017 1915 1073 etiam
1961 1012 2133 1073 here-
2209 1008 2214 1013 ⁵

275 1102 421 1180 dum
459 1101 524 1157 in
562 1119 690 1156 rem
734 1096 1032 1172 publicam
1073 1097 1314 1172 opibUS‚
1381 1099 1600 1156 auxilio
1642 1099 1860 1158 scilicet
1891 1100 2135 1157 militari

274 1186 589 1254 tuendum,
630 1195 698 1240 ut
723 1183 1022 1258 sepultura
1048 1181 1173 1237 eius
1201 1184 1396 1258 quieta
1421 1185 1590 1244 foret.

444 1269 550 1329 IX.
636 1266 865 1324 Multus
904 1262 1046 1323 hinc
1081 1265 1209 1341 ipso
1248 1270 1319 1325 de
1350 1265 1617 1343 Augusto
1651 1290 1870 1341 sermo,
1923 1270 2134 1346 pleris-

275 1375 391 1434 que
420 1357 574 1412 vana
599 1353 979 1412 mirantibus:
1026 1353 1188 1429 quod
1216 1354 1375 1412 idem
1411 1355 1538 1411 dies
1574 1356 1797 1431 accepti
1834 1357 2136 1435 quondam

274 1525 332 1564 de
371 1521 578 1563 adhibito
621 1519 865 1562 honoribus
906 1520 1072 1566 modo,
1129 1525 1174 1561 et
1242 1520 1362 1565 leum
1413 1520 1621 1576 Augusti.
1703 1519 1820 1565 Nota
1875 1519 2136 1579 exquisitam

274 1579 365 1622 Dio
400 1578 470 1626 56,
495 1578 565 1620 47.
610 1575 716 1619 Ἐπὶ
748 1575 839 1635 μὲν
869 1568 954 1619 οὖν
982 1577 1043 1631 τῷ
1067 1573 1171 1618 Λύ-
1243 1594 1406 1623 vocem
1435 1568 1557 1622 sebe.

273 1632 457 1693 γοὺστῳ
502 1635 730 1687 τοσαῦτα,
788 1630 912 1690 λόγῳ
954 1634 1045 1691 μὲν
1080 1630 1170 1676 ὑπὸ
1302 1639 1427 1679 velut
1454 1636 1688 1691 praesidio
1721 1643 1903 1679 stetere.
1981 1634 2057 1678 Sc.
2090 1643 2139 1678 ut

273 1696 352 1749 τῆς
385 1691 654 1749 γερουσίας,
717 1692 836 1747 ἔργῳ
873 1691 924 1733 δὲ
967 1683 1055 1734 ὑπῗ)
1090 1692 1172 1733 τοῦ
1246 1703 1482 1742 caverent,
1534 1709 1590 1735 ne
1633 1694 1731 1750 quis
1779 1703 1937 1738 eontra
1971 1691 2140 1736 Tiberii

281 1754 493 1808 Τιβερίου
551 1753 627 1793 καὶ
683 1745 775 1792 ὑπὸ
831 1750 909 1803 τῆς
958 1747 1171 1803 Λιουΐας,
1247 1751 1444 1794 edictum
1469 1750 1577 1808 quid
1602 1751 1852 1804 moliretur.

279 1812 523 1867 ἐνομίσθη.
596 1804 757 1852 ἄλλων
791 1804 882 1863 γὰρ
914 1802 1030 1848 ἄλλα
1074 1807 1175 1860 ἑςη-

275 1869 546 1939 70⁰3&on
585 1866 713 1935 {3958
791 1868 952 1920 σφίσιν
1023 1866 1176 1932 sepita
1250 1879 1363 1922 sidio
1402 1894 1539 1921 nemo
1580 1878 1692 1921 illud
1734 1878 1870 1922 sunus
1923 1881 2143 1922 turbasset

278 1942 373 1982 παρ
421 1936 693 1993 αυῖωνςῇῑθν
730 1925 941 1990 Τῑρέριθν
974 1923 1176 1991 λαβθνῖξῑ
1249 1938 1391 1979 nimio
1415 1936 1581 1979 studio.
1623 1935 1902 1993 scripturam
1931 1937 2142 1979 inriden-

263 1985 550 2034 ’ἐκλέξασθαι
581 1993 668 2025 οσα
698 1980 925 2036 ἐβουλετο.
985 1981 1179 2023 Βεηιιειε
1250 1996 1368 2036 tibus
1411 1993 1668 2052 praeferunt
1710 2002 1812 2036 vest·
1855 1994 1955 2037 edd.
2001 2002 2044 2037 et
2073 2010 2140 2036 re,

279 2042 418 2101 igitur
459 2038 621 2106 Caesar
664 2054 759 2080 ⁰⁰¹¹
809 2037 934 2095 quo‘l
978 2037 1178 2095 Prffl‘ime
1250 2060 1386 2096 centt.
1433 2059 1608 2109 praeter
1662 2049 1851 2094 Naudeti
1907 2060 1950 2094 et
1998 2052 2141 2094 Li'me-

281 2097 530 2157 Pfaeoedst'
584 2109 745 2151 WV‘IWS
784 2098 849 2137 ad
883 2109 1047 2149 '‘Ogum
1088 2097 1177 2137 'W‘
1249 2108 1427 2157 manni,
1458 2107 1534 2166 qui
1562 2107 1670 2150 dant
1693 2110 2000 2152 irridentibus.

281 2170 421 2199 mens
461 2162 731 2197 senatorum
762 2153 1018 2208 serendum
1034 2182 1047 2201 ’
1101 2151 1178 2194 sed
1307 2179 1538 2221 libertatis
1587 2179 1865 2233 improspere
1905 2181 2140 2234 repetitae.

282 2213 471 2256 omnino
522 2211 756 2254 cumdum
808 2209 1038 2253 honorum
1089 2209 1178 2252 Au·
1249 2236 1352 2281 MS.
1398 2236 1512 2278 Edd.
1533 2235 1634 2279 Ber.
1661 2235 1925 2279 Rhen.Ald.
1950 2241 2144 2280 liberta-

282 2279 412 2328 gusto
433 2270 739 2316 decretorum,
769 2267 812 2310 h.
839 2283 875 2309 e.
892 2267 1076 2309 modun·
1106 2266 1179 2309 ad·
1283 2296 1313 2319 .,
1368 2293 1377 2303 .
1827 2296 1834 2304 .
2080 2297 2088 2306 .

282 2327 425 2371 hibuit
464 2326 736 2375 honoribus,
766 2324 1018 2375 imminuit,
1050 2340 1180 2381 quae·
1253 2305 1310 2338 ηδ
1357 2308 1647 2348 'mpros'oera
1685 2302 1884 2348 repeam
1918 2294 2036 2349 (MS'
2069 2310 2145 2337 ἠ’

284 2386 389 2428 dam
431 2399 527 2426 non
575 2383 753 2425 admisit
798 2390 846 2424 ut
891 2382 1042 2424 nimia.
1121 2381 1182 2424 Et
1246 2353 1509 2419 ρῙὉῗῬΕῙ-αὴ
1537 2367 1648 2409 quae
1674 2350 2143 2420 revocabatlac‘qu‘

284 2441 467 2501 quidem
538 2441 797 2492 adroganti
863 2441 1182 2481 moderatione
1254 2425 1466 2522 {egilsuss’st
1497 2407 2145 2510 ΙέἓῖἓέὃὲἶὲωὲἵιῗΡξὲξῗέῒ

2132 2499 2145 2516 9

286 2500 328 2544 h.
371 2515 408 2541 e.
450 2498 806 2540 moderationem
836 2496 1058 2544 adhibuit,
1105 2495 1182 2538 sed
1378 2525 1387 2534 .
1516 2524 1526 2534 .
1564 2539 1573 2549 ⁶
1870 2524 1878 2533 .
1940 2525 1948 2534 .
2134 2526 2142 2533 .

286 2568 381 2600 non
412 2555 684 2604 modestam,
714 2554 878 2601 immo,
911 2562 959 2596 ut
985 2562 1077 2596 erat
1107 2553 1182 2595 ille
1253 2541 1348 2591 3¹⁰⁰
1376 2540 1578 2590 ¹9Yen10’
1621 2523 1805 2567 sort³⁵⁸e
1831 2523 2029 2583 L¹P⁵¹¹¹⁵’
2069 2540 2145 2583 (ΡΠ

1253 2591 1314 2625 ita
1337 2582 1474 2624 ed1d1t
1496 2597 1534 2623 a.
1562 2581 1686 2623 1574.
1712 2596 1809 2640 sqq.

287 2616 493 2658 abstruso
530 2611 708 2670 ingenio
745 2627 894 2668 neque·
927 2611 1182 2654 adulatione
1534 2653 1542 2663 ,
1803 2652 1812 2661 ·

288 2673 452 2722 laetus,
481 2669 541 2712 ita
567 2667 758 2716 remisit,
794 2678 842 2710 ut
867 2668 1012 2725 potius
1035 2683 1181 2725 asper·
1305 2653 1685 2705 ΡΠῘΕῙΜῙἩῙΠΨῊ·
1767 2651 1842 2695 516
1882 2651 1981 2694 edd·
2013 2651 2149 2694 Bero-

1305 1822 1619 1863 inridentibus.
1669 1820 1784 1864 Nam
1810 1821 1877 1864 vel
1903 1821 1996 1864 sine
2018 1837 2142 1879 prae·

289 2729 385 2771 nari
432 2725 569 2770 nimia
612 2726 755 2768 studia
801 2725 1038 2767 videretur.
1108 2724 1185 2767 Sic
1256 2708 1624 2765 ald·Rhe¹¹·⁵‘1‘1·
1649 2707 1791 2767 RYCI‘·
1822 2709 1997 2752 ΒῙὌῘΕΓ·
2023 2710 2148 2753 anae·
2210 2722 2213 2727 ⁵

290 2784 396 2828 infr.
436 2801 475 2827 e.
510 2784 578 2827 14.
626 2782 780 2826 eadem
818 2782 1050 2839 adroganti
1089 2797 1185 2824 mo·
1257 2783 1358 2825 que·
1432 2765 1650 2810 Nonffllffi
1695 2765 1872 2809 edidere
1919 2768 2149 2821 ΡυῙῦθΓΓί·

292 2841 519 2885 deratione
563 2841 694 2884 dixit:
751 2842 1065 2882 moderandos
1099 2840 1186 2895 se-
1256 2840 1406 2867 ''mm-

291 2900 530 2941 minarum
582 2901 782 2940 honores
835 2900 1089 2953 eademque
1134 2910 1184 2939 se
1314 2893 1426 2937 CAP.
1459 2893 1504 2936 9.
1578 2894 1704 2936 idem
1738 2895 1849 2938 dies.
1918 2893 2046 2938 Vitae
2080 2910 2150 2937 su-

291 2957 602 3008 temperantia
630 2968 826 2997 usurum
859 2955 909 2995 in
941 2955 1018 3005 iis,
1064 2969 1184 3011 quae
1256 2967 1439 3012 premus
1487 2951 1573 2994 fuit
1613 2951 1812 2994 decimus
1850 2960 2032 3010 quartus
2070 2951 2149 2996 Ca-

291 3013 379 3057 sibi
411 3013 734 3054 tribuerentur.
817 3012 889 3054 De
928 3013 1067 3056 verbo
1103 3027 1183 3055 re·
1256 3010 1376 3055 tend.
1414 3009 1470 3052 Se
1504 3010 1665 3051 tembr.
1727 3008 1783 3051 cf.
1820 3009 2004 3051 sueton.
2042 3008 2149 3053 Oct.

295 3072 479 3114 mittere
509 3069 566 3112 cf.
597 3077 653 3110 et.
713 3069 800 3112 An.
839 3071 905 3119 11,
938 3068 980 3112 3.
1017 3072 1186 3112 remit-
1257 3085 1295 3112 c.
1321 3069 1417 3110 100.
1524 3066 1566 3108 io
1590 3066 1658 3112 56,
1679 3065 1748 3108 30.
1777 3069 1852 3108 καὶ
1877 3064 1900 3110 ὁ
1925 3066 2014 3123 μὲν
2032 3064 2150 3111 οὕτω

295 3137 395 3172 tere
447 3125 734 3182 benefica‘um3
800 3128 838 3176 1,
876 3128 944 3169 10.
995 3129 1186 3180 privata
1256 3127 1308 3184 τῇ
1328 3120 1716 3184 ιἐισνεοικικιδεκάτῃ
1749 3126 1830 3166 τοῦ
1859 3120 2151 3180 Αὐγούστου,
2216 3125 2222 3136 ⁴

293 3187 402 3228 odia
419 3184 608 3239 publicis
630 3184 902 3225 utilitatibus
923 3184 1160 3226 remittere
1171 3199 1187 3234 ,·
1257 3185 1306 3227 ἐν
1323 3182 1345 3240 ᾖ
1366 3196 1477 3225 ποτε
1493 3180 1541 3225 τὸ
1563 3185 1752 3237 πρῶτον
1773 3177 2012 3237 ὑπάτευσε,
2026 3198 2154 3241 μετ-

296 3243 410 3286 Hist.
429 3241 471 3289 S,
492 3241 533 3284 5.
564 3241 805 3282 remissum
838 3241 887 3280 id
913 3256 1106 3292 ιηυηυες
1144 3241 1186 3294 4,
1259 3238 1436 3294 ἢλλαξε.
1516 3239 1557 3282 Α
1589 3241 1737 3296 primo
1763 3240 1953 3297 Augusti
1993 3257 2152 3284 consu-

300 3303 370 3344 11.
400 3312 572 3342 nomen
598 3298 850 3340 remittere.
1261 3298 1351 3341 latu
1385 3297 1518 3355 igitur
1548 3297 1610 3339 illi
1643 3307 1833 3340 statuere
1864 3298 2039 3340 initium
2073 3299 2151 3341 im-

356 3371 416 3399 ne
449 3363 499 3399 ut
530 3357 763 3411 quondam
795 3362 879 3397 etc.
940 3354 1030 3398 Dio
1058 3355 1124 3407 57,
1149 3357 1192 3398 2.
1262 3356 1388 3414 perii.
1437 3354 1522 3397 Alii
1545 3362 1781 3398 numerant
1801 3371 1824 3396 a
1880 3356 2151 3410 uguaActia÷
2219 3392 2222 3397 .

299 3414 370 3466 44,
394 3413 463 3456 50.
532 3413 721 3455 Sueten.
761 3409 842 3453 lul.
887 3428 926 3455 c.
963 3413 1030 3456 84.
1104 3414 1193 3471 Ap·
1263 3429 1314 3456 ca
1349 3421 1543 3470 pugnata
1570 3428 1641 3454 an.
1670 3414 1768 3455 urb.
1792 3412 1847 3454 72
1878 3444 1888 3455 .
1925 3412 2002 3453 lv.
2033 3412 2152 3456 Non.

303 3471 422 3528 pian.
449 3470 544 3514 148.
598 3467 823 3513 Plutarch.
852 3468 899 3511 in
918 3467 1042 3515 Caes.
1069 3488 1107 3515 c.
1121 3471 1192 3514 68.
1264 3470 1386 3528 Sept.
1449 3468 1692 3512 suenone.
1724 3486 1762 3512 c.
1786 3469 1827 3512 8.
1875 3469 1965 3511 Dio
1991 3470 2057 3521 56,
2083 3470 2153 3512 30.

359 3531 466 3571 sede
490 3529 734 3571 destiswta.
794 3525 908 3570 Nam
931 3526 992 3570 ibi
1016 3544 1192 3572 mauso-
1265 3528 1335 3578 51,
1360 3530 1399 3569 1.
1463 3526 1550 3569 Alii
1583 3543 1606 3570 a
1636 3535 1756 3570 sexto
1777 3526 1964 3584 Augusti
1994 3543 2153 3570 consu-
