2222 4030
1851 165 1904 200 A.
1923 166 1975 199 U.
1997 166 2078 202 77⁷.

1849 211 1901 244 A.
1922 208 1967 244 C.
2015 211 2076 242 24.

975 152 1495 229 ANNALIUM

485 296 710 357 XVIII.
765 296 902 370 Qua
946 318 1115 356 causa
1152 296 1220 355 C.
1255 294 1471 352 Silium
1515 306 1570 352 et
1607 293 1839 353 Titium
1875 298 2166 357 Sabinum

312 383 670 460 adgreditur.
713 383 970 441 amicitia
993 381 1334 440 Germanici
1355 381 1685 456 perniciosa
1709 383 1975 458 utrique,
2018 386 2165 443 Silio
2216 413 2219 429 1¹

316 483 373 528 et
407 470 568 546 quod
599 467 855 541 ingentis
895 468 1178 525 exercitus
1219 479 1439 541 septem
1470 487 1576 540 per
1613 485 1800 523 annos
1832 471 2170 528 moderator

313 555 616 632 partisque
660 555 818 630 apud
850 551 1231 609 Germaniam
1273 547 1733 626 triumphalibus
1774 552 2172 612 Sacroviriani

314 640 461 698 belli
498 639 718 708 victor,
772 650 991 715 quanto
1030 637 1252 692 maiore
1288 637 1444 701 mole
1470 637 1831 712 procideret,
1882 640 2016 713 plus
2048 642 2174 697 for-

315 724 563 782 midinis
627 723 692 779 in
758 724 903 780 alios
957 721 1412 796 dispergebatur.
1522 719 1856 779 Credebant
1904 725 2172 802 plerique

321 822 552 868 auctam
599 809 986 866 offensionem
1012 806 1219 881 ‘ipsius
1251 807 1701 882 intemperantia
1739 809 2053 866 immodice
2087 811 2175 866 ia-

322 895 534 953 ctantis
562 914 734 950 suum
756 892 1003 948 militem
1021 892 1087 946 in
1109 892 1389 968 obsequio
1417 893 1747 962 duravisse,
1791 915 1924 949 cum
1962 896 2065 951 alii
2100 898 2179 952 ad

322 980 639 1038 seditiones
674 977 1148 1052 prolaberentur:
1193 997 1383 1053 neque
1417 997 1761 1033 mansurum
1785 976 2026 1036 Tiberio
2063 982 2177 1036 im-

320 1065 582 1142 perium,
632 1063 681 1118 si
715 1062 787 1116 iis
815 1082 1049 1138 quoque
1075 1062 1406 1135 legionibus
1430 1063 1642 1136 cupido
1668 1064 1930 1119 novandi
1957 1066 2178 1126 fuisset.

321 1148 562 1208 Destrui
605 1167 711 1222 per
760 1142 905 1204 haec
948 1148 1248 1203 fortunam
1304 1167 1469 1203 suam
1513 1145 1727 1204 Caesar
1781 1148 2180 1228 imparemque

322 1246 487 1292 tanto
511 1233 722 1289 merito
744 1234 1002 1290 rebatur.
1087 1253 1228 1288 nam
1250 1232 1532 1289 beneficia
1553 1252 1622 1289 eo
1645 1253 1829 1310 usque
1852 1235 2001 1292 laeta
2027 1249 2182 1307 sunt,

324 1321 469 1377 dum
494 1319 774 1374 videntur
800 1317 1020 1374 exsolvi
1041 1338 1237 1393 posset
1272 1319 1379 1375 ubi
1397 1319 1652 1375 multum
1675 1330 2048 1391 antevenere,
2071 1343 2180 1398 pro

324 1404 508 1479 gratia
535 1404 742 1460 odium
766 1403 1053 1463 redditur.
2220 1399 2222 1402 ’

496 1500 660 1561 ΧΙΧ.
704 1499 856 1558 Erat·
875 1522 1024 1558 uxor
1047 1501 1195 1560 Silio
1221 1500 1390 1560 Sosia
1407 1501 1610 1572 Galla,
1651 1503 1887 1561 caritate
1904 1499 2186 1581 Agrippi-

329 1609 441 1646 nae
487 1588 676 1644 invisa
713 1588 991 1663 principi.
1077 1583 1188 1644 hos
1226 1588 1445 1664 corripi
1481 1588 1662 1646 dilato
1699 1590 1774 1646 ad
1812 1600 2042 1665 tempus
2078 1583 2219 1648 Sa-'

326 1675 472 1732 bino
501 1673 808 1749 placitum:
853 1673 1263 1751 immissusque
1288 1672 1480 1730 Varro
1511 1675 1744 1744 consul,
1791 1675 1895 1751 qui
1917 1687 2188 1751 paternas

327 1759 668 1816 inimicitias
696 1759 1023 1815 obtendens
1048 1759 1202 1816 odiis
1228 1758 1428 1817 Seiani
1449 1779 1555 1835 per
1581 1760 1830 1817 dedecus
1856 1781 2026 1818 suum
2058 1781 2192 1836 gra-

329 1845 680 1903 tifieabatur.
765 1842 1049 1901 Precante
1075 1866 1175 1902 reo
1205 1846 1447 1901 brevem
1474 1865 1731 1915 moram,
1781 1847 1925 1903 dum
1957 1867 2193 1904 accusa-

328 1942 426 1990 tor
473 1929 781 1987 consulatu
829 1930 1046 2000 abiret,
1106 1933 1444 1988 adversatus
1491 1941 1576 1986 est
1622 1927 1853 1991 Caesar.
1953 1933 2192 1990 solitum

332 2016 553 2093 quippe
573 2014 1009 2088 magistratibus
1031 2015 1187 2072 diem
1212 2016 1457 2092 privatis
1483 2015 1703 2072 dicere:
1734 2037 1840 2073 nec
1864 2017 2195 2091 infringen-

333 2102 480 2158 dum
517 2100 776 2157 consulis
814 2100 936 2170 iuS,
980 2101 1145 2158 cuius
1178 2102 1397 2175 vigiliis
1433 2100 1749 2171 niteretur,
1793 2123 1867 2158 ne
1905 2105 2064 2180 quod
2099 2123 2217 2160 res·

331 2185 572 2265 publica
599 2186 1020 2244 detrimentum
1044 2198 1290 2263 caperet.
1375 2185 1694 2262 Proprium
1721 2187 1783 2244 id
1810 2186 2054 2245 Tiberio
2082 2190 2196 2247 fuit

280 209 284 218 ·
311 174 436 232 310

395 2404 510 2452 CAP.
540 2404 610 2451 18.
674 2404 780 2463 Qua
806 2419 962 2448 eausa.
1022 2405 1099 2450 Sic
1129 2407 1231 2451 edd.
1300 2414 1398 2452 test.
1424 2405 1610 2451 Picben.
1639 2406 1738 2451 edd.
1762 2406 1862 2452 Ber.
1882 2407 2194 2453 A10.Rhenan.

338 2462 446 2508 Ber.
464 2463 566 2508 Alc.
589 2460 790 2506 Rhenan.
818 2463 922 2505 Ald.
949 2472 992 2506 et
1014 2466 1231 2507 recentio·
1303 2465 1404 2507 Ald.
1436 2493 1494 2499 --
1553 2463 1747 2508 Pichena
1771 2466 1814 2506 in
1841 2464 1941 2508 edd.
1972 2467 2092 2524 Lips.
2122 2468 2198 2510 in-

337 2536 411 2566 res
443 2521 548 2565 inde
583 2538 609 2565 a
633 2520 752 2577 Lips.
777 2521 938 2579 prima.
987 2520 1232 2565 Rhenanus
1301 2530 1486 2566 venerat
1527 2523 1852 2574 dispergatur,
1907 2524 2198 2583 reposuitque

338 2578 424 2623 nisi
468 2579 602 2622 fallor
643 2577 755 2621 1544
798 2577 995 2622 ediderat
1039 2594 1135 2636 qua
1174 2585 1231 2623 de
1302 2595 1454 2624 veram
1479 2579 1762 2637 scripturam.

339 2652 509 2692 causa,
552 2636 616 2680 uti
641 2644 705 2680 est
728 2635 773 2677 in
796 2634 867 2677 ed.
894 2635 1069 2685 Mievll.
1362 2636 1543 2678 destrui
1577 2668 1587 2678 .
1611 2667 1624 2679 .
1650 2667 1661 2680 .
1696 2639 1900 2681 rebatur.
1974 2638 2074 2682 Hoc
2116 2639 2200 2683 sibi

311 2695 325 2712 ‘
401 2695 452 2739 C.
468 2694 656 2741 Silium.
719 2692 776 2736 cf.
797 2694 833 2744 1,
847 2691 916 2735 82.
941 2688 1040 2742 2‚'6.
1073 2692 1202 2743 3,43.

399 2753 573 2796 Titium
601 2751 846 2794 Sabinum.
907 2751 1114 2794 Muretus
1152 2768 1240 2794 vo·-

341 2809 461 2855 lebat
485 2809 725 2855 Titurium
752 2809 864 2852 Sab.
898 2818 1083 2866 propter
1106 2810 1150 2852 Τ
1148 2812 1240 2853 itu-

342 2869 467 2912 rium
488 2867 719 2910 Sabinum
734 2898 746 2920 ,
788 2866 864 2923 qui
886 2875 950 2909 est
974 2866 1089 2925 apud
1116 2866 1239 2911 Caes.

342 2925 399 2969 Β.
425 2923 620 2978 G.5,24.
682 2923 811 2979 Quae
831 2932 981 2968 tamen
1006 2922 1121 2966 ratio
1148 2941 1240 2967 non

345 2982 514 3026 suffieit
550 2983 603 3026 ad
643 2981 1031 3038 comprobandam
1067 2983 1241 3025 Mureti

299 3046 301 3049 '
343 3039 720 3084 emendationem.

400 3098 646 3152 partisque
678 3129 690 3142 .
720 3126 733 3141 ·

345 3153 409 3201 cf.
436 3157 473 3205 1,
497 3154 570 3197 72.

403 3208 457 3255 S.
481 3213 591 3254 belli
610 3212 766 3253 victor.
830 3211 889 3256 cf.
913 3210 955 3263 8,
978 3212 1036 3254 40
1059 3228 1160 3271 sqq.

349 3269 721 3370 Εέῗῖοἳέῗῖΐι.
739 3268 1243 3383 δξνέἒέᾱεῗέἒωξὲἒᾱ

350 3383 580 3428 Victorius
602 3382 650 3425 in
672 3399 753 3426 suo
779 3385 965 3444 exempl.
992 3392 1244 3428 correxerat

346 3442 627 3503 procideret.

408 3500 780 3558 dispergebatur.

768 3128 781 3143 .
813 3128 826 3140 .
859 3097 1239 3152 triumphalibus.

869 3499 947 3544 Sic
991 3499 1094 3543 eod.
1138 3498 1240 3543 MS.

1307 2694 1406 2738 vult
1442 2693 1650 2736 Tacitus:
1701 2692 1863 2737 Caesar
1904 2698 2083 2739 rebatur
2121 2713 2202 2754 per

1309 2749 1418 2794 haec
1441 2749 1580 2801 effici,
1612 2759 1660 2793 ut
1684 2767 1775 2794 non
1800 2751 1980 2795 fortuna
2003 2771 2102 2804 sua,
2125 2755 2201 2798 sed

1309 2806 1406 2851 Silii
1454 2809 1614 2854 merito
1659 2810 1713 2853 ad
1761 2810 1931 2867 imperii
1974 2811 2201 2868 fastigium

1312 2874 1493 2909 evectus
1515 2881 1607 2908 esse
1630 2865 1884 2919 videretur3
1915 2868 2035 2926 quod
2060 2870 2096 2912 si
2121 2870 2206 2912 ad·-

1312 2923 1539 2973 mittatur,
1581 2922 1673 2966 Silii
1708 2924 1917 2966 meritum
1955 2927 2096 2970 maius
2132 2927 2205 2969 vi-

1313 2981 1431 3029 deri,
1472 2996 1606 3038 quam
1626 2990 1675 3023 ut
1698 2981 1790 3039 ipse
1818 2998 1899 3039 pro
1926 2982 2105 3029 fortuna
2126 3000 2205 3029 sua

1310 3038 1557 3094 rependere
1579 3039 1733 3095 possit.
1776 3039 2070 3084 Germanice:
2095 3043 2206 3085 Cae-

1312 3110 1396 3139 sar
1416 3097 1600 3150 glaubte
1614 3128 1628 3147 ‚
1659 3099 1759 3139 sein
1778 3098 1919 3138 Gliick
1945 3104 2102 3141 miisse
2123 3104 2205 3142 da-

1313 3155 1462 3196 durch
1482 3156 1573 3194 den
1595 3154 1753 3195 Ruhm
1778 3153 2013 3210 einbisssen
2035 3161 2132 3198 und
2151 3173 2205 3200 so

1312 3209 1520 3267 grassem
1535 3211 1587 3252 V
1580 3214 1813 3254 erdienste
1834 3219 1979 3256 etwas
1997 3217 2207 3270 schuldig

1314 3271 1500 3311 bleiben.

1372 3325 1484 3368 CAP.
1502 3324 1570 3367 19.
1631 3327 1814 3382 corripi.
1876 3326 1951 3371 Sic
1974 3328 2073 3372 edd.
2098 3330 2204 3374 Ber.

1315 3383 1414 3426 Alc.
1461 3381 1662 3426 Rhenan.
1706 3400 1806 3442 sqq.
1863 3385 1936 3429 hic
1980 3394 2022 3428 et
2077 3403 2118 3431 c.
2160 3389 2204 3432 3.

1314 3439 1543 3506 Beklgerus
1572 3440 1645 3485 hic
1679 3441 1798 3486 dedit
1832 3445 2008 3500 conripi
2024 3453 2066 3490 et
2099 3462 2139 3490 c.
2158 3446 2204 3493 3.

1314 3512 1560 3552 corripere.
