2222 4030
208 219 278 261 Ἦ
849 154 1445 294 ΡΒΑΕῈΛΤΙΟ.
1869 182 1880 200 ’
1927 210 1939 221 ·
1992 192 2026 215 *
2110 216 2127 235 ·

211 332 384 401 Tito,
438 327 812 398 Domitian0‚
866 326 1091 399 Nerva,
1144 328 1426 391 Traiano,
1538 330 1774 404 Quibus
1809 335 2070 391 consuli-

208 419 320 476 bus
353 417 430 474 sit
464 425 665 482 natuS,
706 425 864 470 certo
905 434 1029 470 non
1066 426 1315 472 constat:
1373 417 1712 472 verisimilis
1750 428 1946 475 tamen
1978 422 2070 476 vi-

211 506 383 560 detur
419 519 540 556 esse
575 518 639 553 ea
674 499 1064 572 computatio,
1109 520 1222 576 qua
1261 502 1484 557 natales
1524 495 1718 558 Taciti
1753 505 2070 561 conferun-

208 600 307 645 tur
327 587 390 641 in
422 605 515 642 an.
538 583 671 642 urb.
698 579 840 640 805.
871 584 962 639 vel
993 584 1133 641 806.
1157 584 1249 640 vel
1276 584 1418 644 807.
1452 581 1534 662 (p.
1559 582 1700 645 Chr.
1727 582 2071 666 52—54.).

204 671 358 730 Nam
386 668 617 726 Plinius
642 688 771 743 epp.
798 665 934 738 VII,
957 669 1060 727 20.
1084 687 1144 724 se
1169 680 1225 726 et
1249 668 1525 727 Tacitum
1559 682 1743 728 aetate
1777 684 1834 729 et
1874 673 2072 746 digni-

205 769 323 814 tate
351 754 777 830 propemodum
805 754 1073 829 aequales
1102 754 1273 823 dicit,
1316 755 1396 812 ita
1422 767 1620 812 tamen
1656 768 1724 814 ut
1760 777 1898 812 mox
1927 778 2071 831 pro-

206 843 439 898 fiteatur
466 859 525 895 se
553 837 1056 894 adolescentulum
1085 839 1293 908 fuisse,
1332 834 1466 897 cum
1497 841 1617 896 iam
1638 840 1881 897 Tacitus
1913 843 2069 898 fama

207 927 508 1001 gloriaque
559 919 845 982 floruerit.
978 921 1172 995 Quam
1227 925 1443 981 famam
1491 926 1857 1003 gloriamque
1906 922 2068 983 haud

207 1013 403 1086 inepte
440 1010 652 1065 referes
690 1008 764 1063 ad
802 1007 1230 1084 eloquentiam,
1284 1029 1401 1085 qua
1436 1009 1679 1067 Tacitus
1719 1011 1950 1067 iuvenis
2002 1012 2067 1067 in

204 1098 334 1153 foro
369 1106 424 1152 et
446 1093 680 1150 iudiciis
705 1092 975 1150 excelluit
1011 1104 1143 1148 ante
1180 1093 1358 1149 initos
1394 1090 1680 1165 honoreS,
1723 1095 1928 1151 aetatis
1958 1115 2067 1151 an-

205 1183 299 1238 nis
318 1179 595 1236 vicesimo
626 1178 745 1233 fere
772 1189 828 1233 et
849 1177 1314 1253 insequentibus,
1401 1175 1490 1235 Ea
1519 1180 1678 1235 enim
1707 1191 1892 1237 aetate
1923 1192 2066 1237 tunc

204 1268 447 1323 iuvenes
504 1262 795 1336 ingressos
843 1282 964 1317 esse
1017 1282 1109 1318 res
1166 1263 1449 1336 gerendas
1504 1265 1676 1324 docet
1730 1265 2066 1340 exemplum

202 1351 421 1421 Plinii,
485 1349 590 1425 qui
635 1368 792 1403 anno
841 1347 1280 1405 undevicesimo
1328 1349 1521 1405 dicere
1574 1349 1640 1404 in
1687 1350 1816 1406 foro
1856 1350 2066 1446 coepit.

203 1438 275 1496 cf.
311 1434 466 1511 Epp.
501 1432 573 1503 V,
611 1433 667 1492 8.
749 1427 1269 1509 θΑᾶοῖε.ςεεηίιζῖιιε
1303 1445 1499 1490 autem
1531 1433 1766 1491 Plinius
1802 1435 2067 1508 cogitan-

203 1523 314 1582 dus
375 1521 514 1588 erit,
591 1518 696 1595 qui
753 1518 944 1593 posita
999 1530 1296 1593 praetexta
1343 1519 1561 1594 puerili
1611 1531 1946 1577 versaretur
1999 1519 2067 1576 in

202 1603 418 1663 scholis
468 1600 794 1662 rhetorum.
903 1602 1153 1660 Formae
1191 1604 1579 1661 diminutivae
1617 1625 1854 1682 quoque
1898 1623 2066 1662 suam

200 1691 323 1747 vim
347 1690 725 1747 tribuendam
746 1699 891 1762 puto
907 1734 923 1756 ,
963 1699 1032 1745 ut
1055 1689 1270 1763 cogites
1294 1685 1600 1746 hominem
1624 1691 1722 1747 vix
1749 1689 2066 1766 pueritiam

202 1795 525 1850 egressum,
587 1769 750 1829 haufl
794 1773 1080 1829 maiorem
1114 1794 1291 1850 quam
1329 1775 1830 1850 quattuordecim,
1884 1774 2066 1852 quin-

201 1862 392 1918 decim
429 1860 526 1916 vel
559 1858 812 1914 sedecim
853 1878 1175 1918 annorum.
1279 1857 1437 1916 Hinc
1486 1860 1779 1934 intelliges
1826 1879 1925 1916 sex
1970 1860 2066 1916 vel

200 1958 332 2004 octo
361 1946 434 2001 ad
463 1963 762 2000 summum
789 1962 976 2000 annos
1001 1943 1166 2000 inter‘
1186 1944 1496 2021 utriusque
1528 1944 1646 2001 viri
1681 1956 1931 2002 aetatem
1967 1945 2065 2000 in-

200 2030 546 2091 tercessisse.
634 2027 722 2085 Ne
746 2027 1257 2085 maioremcredas
1284 2049 1599 2086 numerum
1615 2075 1633 2098 ‚
1676 2029 1802 2104 ipsa
1824 2049 1916 2086 res
1940 2021 2064 2087 dis-

202 2118 424 2176 suadet.
479 2116 481 2118 ’
510 2113 663 2171 Nam
695 2115 1128 2188 propemodum
1161 2115 1422 2190 aequalis
1459 2116 1630 2171 alteri
1661 2116 1898 2172 videtur
1938 2135 2063 2172 non

202 2223 351 2271 esse,
396 2200 500 2278 qui
523 2199 809 2255 decennio
836 2198 1063 2272 integro
1100 2199 1225 2256 eius
1261 2211 1508 2256 aetatem
1537 2201 1848 2260 antecedit.
1914 2199 2061 2260 Iam

197 2287 463 2354 Plinius,
506 2296 574 2341 u't
607 2285 729 2359 ipse
770 2295 1014 2342 testatur
1034 2282 1188 2359 Epp.
1214 2283 1315 2354 VI,
1338 2285 1472 2355 20„
1517 2285 2062 2343 duodevicesimum

199 2393 424 2430 annum
453 2371 660 2443 agebat
694 2390 760 2425 eo
786 2369 908 2438 die,
953 2391 1070 2445 quo
1102 2370 1228 2426 eius
1253 2371 1582 2438 avunculus
1603 2369 1838 2428 Plinius
1871 2371 2063 2440 maior

198 2460 263 2515 in
283 2456 504 2514 montis
521 2454 765 2511 Vesuvii
790 2455 1065 2511 incendio
1090 2455 1289 2530 periit:
1335 2455 1514 2532 idque
1537 2455 1751 2514 accidit
1772 2467 2059 2513 autumno

199 2565 294 2605 an.
332 2542 466 2600 urb.
497 2540 640 2599 8392.
678 2560 735 2612 p.
763 2535 905 2598 Chr.
932 2538 1032 2599 79.
1118 2538 1305 2597 Natus
1339 2541 1521 2614 igitur
1551 2542 1651 2598 ille
1691 2561 1786 2601 an.
1821 2563 1880 2601 ιι.
1917 2538 2060 2602 814.

198 2651 256 2706 p.
282 2624 422 2686 Chr.
453 2625 552 2686 61.
639 2622 798 2680 Hinc
823 2644 1114 2684 numeres,

369 2708 543 2768 Alius
574 2710 767 2778 locuS,
811 2730 986 2785 quem
1014 2711 1090 2766 ad
1125 2705 1279 2766 hanc
1314 2711 1814 2785 computationem
1836 2730 2060 2777 ,vocare

198 2800 362 2868 licet,
409 2805 590 2852 exstat
604 2793 746 2854 Tae.
766 2792 921 2855 Hist.
946 2791 993 2864 I,
1018 2794 1072 2854 1.
1093 2794 1201 2851 ubi
1224 2794 1569 2867 dignitatem
1596 2817 1764 2854 suam
1786 2817 1820 2853 a
1835 2794 2061 2872 Vespa-

130 2944 141 2951 „
199 2886 368 2941 siano
404 2876 739 2938 inchoatam
771 2879 967 2938 refert.
1067 2878 1263 2952 Quem
1297 2880 1556 2954 primum
1593 2881 1896 2954 dignitatis
1928 2900 2063 2954 gra-

136 2963 145 2982 ³
200 2971 344 3027 (lum
373 2969 422 3024 si
450 2964 832 3037 intelligimus
857 2975 1261 3041 quaesturam,
1303 2965 1392 3022 uti
1421 2967 1699 3023 convenit
1729 2967 1906 3022 rebus
1931 2964 2064 3023 Ro-

199 3055 419 3124 manis,
463 3062 849 3127 putamusque
883 3069 1018 3106 eum
1049 3045 1340 3106 honorem
1366 3049 1572 3107 Tacito
1610 3051 1918 3124 contigisse
1955 3050 2062 3118 illa
2096 3093 2100 3098 .

201 3151 415 3207 aetate,
467 3156 583 3214 qua
620 3146 762 3191 tunc
796 3135 1048 3203 solebat,
1103 3132 1238 3191 ante
1285 3134 1515 3191 obitum
1545 3132 1894 3210 Vespasiani
1933 3131 2069 3211 (an.x

200 3227 333 3284 urb.
357 3224 499 3282 832.
527 3242 584 3296 p.
612 3214 907 3297 Chr.v79.)
938 3218 1179 3277 Tacitus
1216 3219 1469 3293 explevit
1503 3219 1849 3278 vicesimum
1878 3219 2057 3296 quin-

199 3323 353 3378 tum,
393 3319 622 3364 sextum
659 3305 754 3360 vel
790 3305 1103 3378 septimum
1139 3303 1341 3360 aetatis
1378 3324 1617 3363 annum.
1704 3304 1857 3363 Nam
1896 3306 2056 3379 apud

199 3393 456 3451 Dionem
479 3390 584 3460 52,
609 3390 710 3448 20.
756 3388 1080 3447 Maecenas
1099 3387 1364 3463 Augusto
1395 3390 1566 3446 dicit:
1619 3394 2054 3468 Καταλέγεσθαι

203 3486 264 3541 δὲ
292 3483 395 3558 χρὴ
437 3482 493 3549 ἒς
526 3484 627 3551 μὲν
661 3480 760 3554 τὴν
796 3476 1022 3536 ἱππάδα
1061 3480 1569 3547 ὀκτωκαιδεκέτεις·
1625 3482 1684 3545 ἐς
1712 3482 1775 3538 δὲ
1797 3480 1863 3537 τὸ
1886 3481 2060 3537 amesa

2185 769 2213 798 ‘ff
