2222 4030
226 164 351 203 AJ'U.
370 164 454 203 736.

226 213 279 250 Α.
294 209 343 246 C.
389 209 450 242 3³.

623 161 957 230 LIB.⁵V1-.
1041 164 1239 228 CAP.
1288 169 1384 230 16.
1433 170 1530 230 17.
1875 149 2003 227 395¹

59 306 64 310 “
143 303 220 365 ad
243 300 576 360 semuncias
597 299 862 368 redacta,
894 304 1192 374 postremo
1217 299 1398 356 vetita
1418 290 1689 359 versura.
1765 298 2010 356 multi's-'

59 411 122 465 μ’
141 409 259 466 que
281 388 473 465 plebis
493 385 653 443 scitis
673 384 915 457 obviam
938 382 1088 440 itum
1110 382 1423 441 fraudibus
1438 432 1455 455 ‚
1497 405 1651 462 quae
1670 384 1886 454 totiens
1909 404 2006 441 re-

21 482 34 494 ”
140 472 596 551 pressaemiras
627 490 736 548 per
770 481 942 528 artes‘
965 487 1203 526 rursum
1249 470 1612 531 oriebantur.
1711 468 1831 528 Sed
1877 481 2010 528 tum

145 555 452 618 Gracchus
472 569 741 633 praetor,
782 555 882 612 cui
904 574 971 611 ea
994 553 1257 631 quaestio
1282 567 1586 627 evenerat,
1621 556 2010 614 multitudine

142 643 609 722 periclitantium
643 642 921 699 subactus
955 639 1184 698 rettulit
1215 640 1291 696 ad
1325 653 1621 698 senatum:
1674 640 2012 720 trepidique

143 743 340 807 patres
376 726 595 807 (neque
627 727 789 783 enim
821 725 1134 804 quisquam
1166 724 1272 783 tali
1292 726 1477 800 'culpa
1499 726 1747 807 vacuus)
1774 728 2017 796 veniam

147 837 183 873 a
218 815 489 892 principe
522 813 813 890 petivere:
882 822 940 868 et
983 812 1339 872 concedente
1378 830 1573 868 annus
1607 814 1674 869 in
1707 825 2014 890 posterum

146 919 362 977 sexque
397 918 628 956 menses
665 898 821 968 dati,
871 897 1005 975 quis
1040 899 1367 956 secundum
1392 897 1551 954 iussa
1579 897 1726 972 legis
1751 899 2018 958 rationes¹
2059 944 2067 950 ,-

145 985 468 1044 familiares
490 985 741 1064 quisque
765 996 1207 1060 componerent.

317 1095 517 1157 XVII.
559 1095 719 1154 Hinc
749 1096 953 1172 inopia
987 1096 1074 1154 rei
1106 1083 1473 1154 nummariae
1507 1107 1804 1154 commoto
1838 1092 2019 1157 simul

149 1184 423 1242 omnium
449 1203 583 1240 aere
609 1183 804 1240 alieno
830 1193 887 1239 et
908 1182 1046 1260 quia
1068 1194 1156 1241 tot
1177 1182 1472 1240 damnatis
1491 1181 1787 1260 bonisque
1812 1202 2020 1239 eorum

28 1307 30 1313 ·
149 1268 471 1328 divenditis
498 1268 791 1343 signatum
820 1279 1128 1343 argentum
1155 1267 1293 1324 fisco
1326 1268 1425 1326 vel
1461 1267 1689 1325 aerario
1727 1267 2022 1340 attineba-

46 1370 76 1410 σ
151 1368 269 1417 tur.
356 1355 432 1412 ad
452 1350 567 1411 hoc
597 1366 834 1412 senatus
859 1354 1339 1430 praescripserat,
1382 1355 1531 1412 duas
1564 1352 1816 1432 quisque
1847 1353 2022 1411 feno-

152 1443 235 1499 ris
258 1452 452 1518 partcs
479 1441 547 1496 in
569 1441 724 1515 agris
748 1459 854 1515 per
876 1438 1110 1497 Italiam
1142 1440 1474 1500 collocaret.
1563 1440 1665 1496 sed
1701 1438 2024 1516 creditores

152 1529 218 1586 in
246 1527 507 1585 solidum
530 1526 936 1603 appellabant:
976 1546 1088 1583 nec
1112 1526 1395 1583 decorum
1417 1524 1727 1603 appellatis
1750 1517 2025 1585 minuere

153 1615 352 1673 fidem.
438 1610 528 1670 Ita
562 1613 760 1689 primo
802 1612 1174 1669 concursatio
1212 1624 1270 1670 et
1301 1631 1531 1688 preces:
1587 1611 1731 1669 dein
1766 1620 2026 1691 strepere

155 1699 446 1778 praetoris
483 1698 776 1756 tribunal:
831 1718 1015 1775 eaque
1054 1712 1217 1775 quae*
1241 1697 1504 1755 remedio
1542 1696 1839 1775 quaesita,
1878 1684 2029 1766 venl-

157 1786 307 1844 ditio
334 1798 393 1845 et
420 1785 641 1861 emptio
657 1831 674 1856 ,
716 1785 783 1841 in
808 1783 1174 1842 contrarium
1194 1783 1442 1854 mutari,
1491 1782 1632 1861 quia
1662 1781 2026 1842 feneratores

1130 2006 1189 2051 L.
1214 2004 1478 2048 Genucium
1497 2011 1560 2048 tr.
1576 2005 1647 2060 pl.
1672 2004 1835 2048 tulisse
1857 2006 1924 2051 ad
1940 2018 2034 2059 po*

1123 2066 1315 2122 pulum,
1352 2077 1412 2104 ne
1430 2061 1656 2119 fenerare
1687 2064 1862 2105 liceret.
1930 2060 2036 2120 Ap.-

1130 2123 1250 2183 pian.
1275 2120 1328 2164 B.
1355 2118 1408 2164 C.
1432 2120 1475 2171 l,
1506 2134 1551 2178 p.
1584 2119 1687 2165 382.
1758 2119 1802 2163 ui
1829 2118 2034 2163 mentio-

1133 2196 1243 2224 nem
1295 2177 1404 2222 facit
1451 2174 1605 2237 νόμου
1654 2192 1779 2227 τινος
1831 2177 2036 2222 παλαιοῦ

1135 2234 1541 2307 προαγορεύοντος
1576 2232 1646 2296 ,μὴ
1691 2235 1917 2288 δανείζειν
1947 2237 2037 2282 igni

1133 2309 1290 2342 τοκοις
1324 2291 1352 2350 ἢ
1387 2295 1556 2364 ζημίαν
1588 2293 1672 2341 τὸν
1704 2291 1835 2339 ὀὕτω
1876 2293 2039 2339 δανεί-

1135 2368 1284 2399 σαντα
1300 2355 1599 2411 προςοφλειν.
1613 2353 1890 2412 fraudibus,
1908 2367 2045 2415 quaes

1137 2413 1216 2458 Sic
1249 2409 1354 2462 edd.
1383 2410 1587 2455 Rhenan.
1622 2427 1747 2470 seqq.
1808 2410 1924 2455 Edd.
1949 2411 2042 2455 Be-

157 2005 402 2065 quotannis
415 2005 684 2052 duodecima
699 2005 835 2050 sortis
859 2021 961 2064 pars
978 2020 1059 2049 seu

158 2081 210 2109 ex
285 2065 414 2109 uovis
451 2079 547 2108 asse
591 2063 723 2107 uncia
760 2079 922 2107 usurae
955 2063 1058 2108 loco

159 2139 217 2182 pe
281 2132 384 2167 atur
415 2123 490 2179 (δὲ
518 2136 611 2177 pro
650 2122 796 2178 Ceut).
866 2120 953 2167 Cui
982 2137 1059 2165 ra-

160 2181 276 2226 tioni
309 2181 479 2232 obstat,
519 2178 645 2238 quod
669 2178 867 2223 Romani
898 2195 1060 2223 usurae

161 2239 378 2284 vocabula
411 2253 707 2295 quaecunque
729 2236 985 2295 intelligunt
1008 2237 1064 2281 de

162 2313 298 2341 usura
339 2305 592 2347 menstrua,
644 2310 737 2338 non
782 2311 946 2339 annua.
1016 2294 1065 2338 Si

197 2356 264 2399 uis
284 2354 422 2415 igitur
442 2355 574 2398 senus
593 2352 848 2397 unciarium
870 2362 1064 2400 conten-

162 2372 230 2458 dit
260 2430 353 2458 esse
385 2412 663 2458 vocabulum
693 2427 865 2455 annuae
892 2426 1064 2461 usurae,

160 2474 218 2517 ab
240 2472 366 2516 omni
390 2470 608 2530 loquendi
630 2485 714 2511 usu
742 2468 925 2513 recedit.
973 2468 1067 2513 Ce-

164 2539 315 2575 terum
344 2527 554 2573 consulas
586 2529 641 2573 de
663 2526 748 2571 hae
774 2543 822 2569 re
843 2527 1065 2570 Niebuhr.

165 2588 310 2632 an.
349 2586 510 2629 Gesch.
548 2586 611 2637 ll,
649 2601 695 2644 p.
726 2583 829 2629 437.

166 2647 364 2692 civitat-n.
389 2643 573 2699 nogat.
600 2642 668 2696 V,
731 2673 744 2686 .
773 2643 871 2685 180.

224 2716 439 2748 versura.
508 2699 558 2743 ld
588 2658 863 2745 vocaimlum
897 2700 952 2743 de
985 2699 1068 2743 hac

167 2779 216 2806 re
277 2766 542 2818 usurpatum
609 2758 790 2825 proprie
851 2757 1071 2858 sisffificat

171 2819 469 2864 mutationem
502 2816 757 2861 creditoris.
821 2815 878 2857 cf.
947 2822 1069 2857 onat.

171 2878 226 2922 ad
259 2876 443 2919 Terent.
472 2874 661 2918 Phorm.
690 2873 731 2921 5,
754 2874 794 2924 Ξ,
821 2872 887 2916 15.
946 2871 1067 2915 Tum

171 2948 422 2978 versuram
436 2932 601 2990 facere
635 2932 681 2975 in
715 2933 971 2974 universum
1007 2938 1072 2972 est

168 2993 366 3053 pecunia
388 2993 546 3035 fenore
564 2999 740 3046 sumpta
759 2989 945 3040 solvere,
968 2987 1071 3046 quia

174 3050 366 3111 pecunia
394 3050 550 3093 senon-c
575 3057 751 3106 sumpla
778 3047 868 3089 sere
891 3060 1072 3102 semper

174 3110 348 3154 utimur
380 3108 434 3151 ad
464 3106 730 3150 solvendum
762 3122 833 3148 aes
863 3105 1073 3148 alienum.

178 3170 393 3212 Versata
434 3165 571 3223 igitur·
624 3180 715 3207 non
763 3163 947 3220 ponitur
991 3176 1072 3217 pro

179 3239 349 3273 usura,
391 3227 626 3273 mercede,
673 3230 722 3263 ul
767 3220 943 3264 videtur
978 3219 1073 3262 Ob-

179 3282 305 3327 bario
337 3282 391 3326 ad
416 3281 571 3324 uorat.
600 3296 699 3337 epp.
734 3281 768 3331 1,
797 3280 834 3326 1,
858 3280 952 3329 80.,
996 3275 1072 3319 scd

181 3358 262 3401 pro
286 3339 377 3399 ipsa
403 3338 683 3382 feneratione
708 3337 748 3381 h.
771 3353 810 3379 e.
837 3352 916 3395 pro
940 3351 1074 3390 nego·

180 3401 267 3449 tio,
318 3396 439 3456 quod
485 3404 690 3441 versatur
731 3397 776 3438 in
813 3394 968 3437 fenore
1004 3393 1075 3434 sa—

179 3457 359 3503 ciendo.
420 3455 491 3498 De
513 3471 559 3497 rc
587 3454 645 3498 cf.
670 3454 759 3497 Liv.
776 3453 816 3503 7,
829 3453 900 3494 42.
934 3451 1074 3494 Prae-

910 2586 1065 2640 Hugo,
1081 2634 1085 2637 1

1137 2470 1284 2522 roald.
1313 2466 1415 2513 Alc.
1429 2469 1790 2526 fraudibusque.

1195 2536 1240 2572 et
1261 2529 1558 2570 concedente.
1612 2524 1730 2570 Sunt
1752 2526 1829 2584 qui
1851 2541 1958 2571 curn
1970 2526 2044 2571 Pi-

1138 2587 1280 2634 chena
1317 2584 1477 2628 malint
1507 2598 1562 2627 eo
1592 2587 1882 2628 concedente.
1950 2582 2043 2629 Sed

1094 2677 1096 2681 ,
1138 2659 1231 2690 non
1254 2658 1368 2700 opus
1393 2649 1457 2684 est
1478 2657 1528 2684 ea
1545 2642 1876 2688 emendatione.
1926 2641 2044 2686 Nam

1138 2699 1502 2758 frequentissima
1535 2708 1642 2743 sunt
1673 2698 1792 2757 apud
1823 2698 2043 2744 Nostrum

1140 2759 1341 2815 aliosque
1365 2756 1566 2816 exempla
1593 2757 1725 2803 buius
1752 2757 1935 2804 ablativi
1960 2759 2045 2801 ab-

1139 2815 1299 2867 soluti,
1341 2814 1398 2859 ad
1423 2830 1557 2872 quein
1582 2815 1835 2860 subiectum
1861 2814 2041 2859 omitti-'-

1142 2884 1231 2918 iur.
1304 2870 1364 2917 cf.
1405 2874 1444 2924 1,
1474 2871 1545 2917 39.
1593 2874 1867 2925 ommibus,-
1924 2874 1964 2925 l,
1999 2875 2043 2921 5.

1142 2932 1443 2986 agitantibus.
1504 2931 1694 2975 Sueten.
1720 2928 1880 2975 Claud.
1905 2946 1947 2976 c.
1974 2932 2043 2977 15.

1144 2989 1423 3033 absentibus.
1488 2989 1525 3032 E
1559 2997 1771 3034 contextu
1804 2989 1909 3033 talia
1941 2997 2046 3034 sunt

1143 3046 1406 3106 supplenda.
1591 3099 1595 3104 Α

1202 3105 1315 3149 (ΖΜ).
1344 3103 1407 3147 1⁷.
1453 3105 1613 3162 inopia
1633 3105 1708 3149 rei
1725 3105 2045 3155 nummariae,

1146 3164 1333 3207 Sueten.
1365 3162 1468 3206 Tib.
1503 3179 1544 3207 c.
1571 3163 1643 3207 48.
1681 3162 1735 3206 de
1778 3162 1934 3206 eadem
1969 3178 2044 3206 τε,

1147 3236 1324 3275 magna
1347 3221 1625 3279 dystcetltate
1644 3222 1942 3264 nummaria.

1193 3280 1393 3336 senor-is.
1455 3279 1643 3324 Sueten.
1670 3279 1700 3323 Ι.
1741 3277 1768 3320 Ι.
1801 3278 2042 3332 patrimo..

1146 3337 1228 3381 nit.
1290 3336 1492 3396 Namque
1507 3338 1655 3395 senus
1687 3335 1804 3380 haud
1827 3352 1932 3379 raro
1959 3351 2044 3396 po-

1149 3394 1271 3439 nitur
1306 3410 1389 3453 pro
1433 3412 1512 3444 eo,
1563 3394 1687 3453 quod
1729 3409 1814 3438 nos
1853 3392 2047 3439 dicimus

1152 3453 1628 3507 Kapitalvermb'gcn.
1680 3451 1739 3496 ef.
1767 3451 1835 3503 14,
1849 3450 1920 3495 53.
1947 3454 2046 3497 lato

179 3525 252 3560 tet·
288 3517 402 3559 haec
446 3512 633 3555 invenio
674 3515 802 3566 apud
833 3513 1076 3566 quosdam,
1138 3510 1314 3566 sonore
1349 3513 1643 3562 exube1·are;
1699 3512 1765 3559 14,
1797 3509 1866 3555 55.
1901 3511 2047 3563 harei,
