2222 4030
1837 228 1888 265 A.
1900 227 1954 266 U.
1965 225 2048 261 769.

1836 273 1888 306 A.
1908 270 1955 306 C.
1987 270 2047 306 10.

287 223 406 286 158
958 220 1465 285 ANNALIUM

253 352 678 414 'moderationi
703 373 838 410 suae
862 363 948 411 tot
973 355 1217 429 eligere,
1259 366 1348 411 tot
1374 355 1630 415 differre.
1675 357 1774 412 vix
1797 379 1903 433 per
1929 363 2133 435 singu-

236 483 239 494 .
283 434 378 499 los
408 460 596 497 annos
629 438 982 496 offensiones
1014 440 1219 508 vitari,
1275 440 1543 515 quamvis
1567 442 1863 516 repulsam
1885 449 2134 522 propi-n·-

285 547 400 604 qua
440 544 566 600 spes
602 524 846 581 soletur:
912 536 1201 601 quantum
1238 525 1363 579 odii
1397 526 1522 581 fore
1560 527 1633 582 ab
1673 527 1776 597 iis,
1839 529 1943 604 qui
1978 533 2134 588 ultra

285 609 761 689 quinquennium
784 609 1188 684 proiiciantur.
1244 610 1403 665 unde
1441 611 1698 686 prospici
1732 611 1929 686 posse,
1984 637 2133 691 quae

285 696 496 772 cuique
534 707 655 751 tam
678 693 856 767 longo
894 692 1177 769 temporis
1215 695 1402 767 spatio
1437 716 1633 765 mem,
1703 698 1944 768 (10111115,
2010 701 2137 755 for-

215 786 219 790 *
287 781 471 840 tuna?
535 779 864 855 :superbire
906 773 1181 834 homines
1228 778 1405 834 etiam
1454 801 1652 836 annua
1697 784 2135 857 designatione:

286 866 459 944 quid,
517 865 565 920 si
588 861 876 920 honorem
908 883 1014 936 per
1037 862 1514 938 quinquennium
1539 866 1797 938 agitent?
1853 870 2138 946 quinqui—

283 950 493 1028 plicari
535 969 778 1025 prorsus
823 947 1226 1020 magistratus,
1286 949 1547 1023 subverti
1596 951 1776 1023 leges,
1842 975 1990 1029 quae
2035 975 2136 1011 sua

285 1035 468 1113 spatia
507 1034 856 1090 exercendae
893 1032 1347 1089 candidatorum
1386 1034 1711 1091 industriae
1758 1040 2139 1112 quaerendis—

283 1141 396 1200 que
419 1133 519 1178 aut
541 1118 843 1193 potiundis
867 1113 1199 1174 honoribus
1231 1119 1558 1179 statuerint.

452 1200 763 1262 XXXVII.
806 1200 1148 1260 Favorabili
1186 1203 1250 1258 in
1285 1204 1539 1278 speciem
1576 1206 1843 1262 oratione
1879 1207 2003 1262 vim
2027 1209 2142 1263 im-

283 1292 436 1370 perii
484 1288 690 1347 tenuit.
791 1284 1133 1364 Censusque
1181 1290 1557 1364 quorundam
1599 1303 1936 1348 senatorum
1971 1293 2138 1353 iuvit.

284 1398 401 1456 quo
438 1374 621 1447 magis
656 1371 877 1428 mirum
916 1372 1057 1443 fuit,
1111 1375 1270 1450 quod
1308 1394 1505 1448 preces
1529 1363 1618 1433 M.
1642 1374 1880 1434 Hortali
1921 1379 2142 1434 nobilis

278 1461 510 1520 intenis
564 1454 641 1513 in⁸
686 1468 1026 1532 paupertate
1081 1459 1391 1516 manifesta
1449 1461 1756 1536 superbius
1813 1463 2141 1538 accepisset.

281 1548 477 1622 Nepos
503 1555 626 1600 erat
651 1543 901 1599 oratoris
914 1540 1222 1599 Hortensii
1239 1590 1255 1614 ‚
1282 1544 1533 1602 inlectus
1559 1566 1592 1601 a
1619 1546 1755 1602 divo
1771 1544 2039 1621 Augusto
2066 1549 2140 1604 li-

282 1631 587 1690 beralitate
623 1629 812 1684 decies
850 1628 1098 1684 sestertii
1135 1630 1347 1686 ducere
1390 1651 1663 1700 uxorem,
1728 1633 2018 1708 suscipere
2067 1634 2142 1688 li-

276 1720 482 1787 110105,
527 1735 602 1771 ne
627 1712 943 1770 clarissima
967 1713 1190 1770 familia
1219 1714 1702 1788 exstingueretur.
1760 1714 1946 1790 Igitur
1972 1732 2142 1795 quat-

284 1816 421 1861 tuor
454 1801 589 1856 filiis
627 1810 762 1855 ante
799 1799 983 1854 limen
1021 1799 1218 1856 curiae
1252 1800 1622 1859 adstantibus
1645 1802 1775 1858 loco
1806 1805 2144 1873 sententiae,

271 1898 421 1946 ‘cum
456 1886 520 1941 in
556 1884 774 1959 palatio
814 1895 1046 1940 senatus
1083 1880 1431 1955 haberetur,
1485 1888 1664 1942 modo
1702 1885 2010 1944 Hortensii
2048 1890 2143 1945 in-

285 1987 373 2030 ter
410 1983 668 2028 oratores
701 1970 873 2025 sitam
909 1969 1227 2043 imaginem
1262 1971 1440 2027 modo
1478 1967 1736 2044 Augusti
1785 1972 2021 2030 intuens
2069 1976 2145 2030 ad

284 2055 444 2115 hunc
469 2057 716 2118 modum
744 2054 960 2129 coepit:
1015 2053 1263 2124 „Patres
1301 2056 1647 2132 conscripti,
1704 2053 1840 2127 1105,
1889 2079 2143 2136 quorum

279 2240 394 2283 bene
416 2234 655 2277 Rhenanus
682 2231 873 2275 coniecit
899 2240 1181 2287 (lugentum

281 2297 418 2351 idque
452 2298 679 2348 receptum
707 2298 769 2332 est
792 2290 844 2332 ab
865 2289 986 2332 Aldo
1007 2299 1047 2332 et
1073 2307 1174 2348 suq.

282 2351 541 2398 editoribus.
609 2346 839 2393 Permulta
877 2364 969 2389 esse
1012 2347 1055 2389 in
1100 2349 1176 2391 ilio

1249 2234 1478 2278 Hortensii
1508 2251 1648 2291 nepos
1672 2235 1751 2288 sit,
1777 2252 1914 2293 ’quem
1938 2237 2146 2281 Valerius

1249 2293 1472 2335 RIaximus
1496 2291 1536 2342 3,
1563 2292 1602 2343 5,
1619 2294 1664 2336 4.
1689 2294 1802 2335 mala
1826 2294 1942 2337 fama
1965 2296 2146 2339 notavit.

1249 2350 1344 2407 Ego
1367 2350 1429 2392 nil
1453 2349 1670 2394 dubitem.
1736 2349 1873 2406 Quod
1894 2361 2038 2396 autem
2064 2354 2146 2395 Va-

258 2408 442 2455 ‘codice
508 2404 928 2462 exempla‘mediae
984 2405 1177 2462 syllabae

283 2467 470 2510 omissae
503 2463 670 2506 dietum
706 2470 769 2504 est
804 2478 924 2520 supr.
962 2463 1016 2504 ad
1045 2466 1080 2513 l,
1103 2464 1174 2506 20.

281 2525 392 2569 Mox
427 2523 564 2565 verba
605 2518 682 2561 ἰοίι
713 2520 881 2573 eligere
926 2519 1087 2562 desunt
1131 2522 1179 2565 in

283 2583 354 2626 ed.
382 2579 482 2624 ΑΜ.
548 2577 717 2620 Eadem
741 2578 813 2619 dat
838 2578 896 2618 ab
919 2578 978 2619 iis
1002 2593 1086 2635 pro
1119 2580 1177 2619 ab

272 2642 378 2694 his,
410 2636 529 2695 quod
557 2634 695 2694 ⁵vulgo
720 2634 877 2677 editur.

271 2708 274 2709 ’
337 2700 584 2746 honorem.
658 2691 772 2734 Edd.
807 2691 1012 2735 Beroald.
1055 2692 1177 2735 Rbe-

269 2752 386 2798 'nan.
425 2753 528 2796 Ald.
570 2753 828 2792 honorum.
912 2750 1177 2793 Emendatio

283 2813 470 2856 debetur
491 2805 662 2866 Lipsio.'
727 2805 857 2861 Quae
884 2824 940 2850 an
971 2807 1025 2850 sit
1059 2824 1177 2857 vei-a,

282 2869 455 2913 dubito.
488 2866 600 2909 Nam
622 2866 805 2918 agitare
821 2864 1022 2908 absolute
1043 2865 1176 2907 etiam

283 2926 462 2977 dieitur,
491 2933 530 2967 et
553 2926 789 2965 honorum
813 2930 959 2980 potest
981 2924 1178 2981 pendere

283 3001 308 3026 e
334 2982 720 3039 quinquennium.

341 3038 715 3096 ‘luz'nquiplicarL
800 3036 877 3081 Sic
923 3037 1023 3081 eod.
1072 3037 1176 3081 MS.

282 3098 380 3142 edd.
403 3094 608 3139 Beroald.
631 3094 832 3138 Rhenan.
851 3095 954 3139 Ald.
1022 3095 1176 3138 Resti-

274 3148 365 3198 {tiit
400 3152 618 3201 Pichena,
670 3159 771 3195 ante
816 3168 951 3210 quem
995 3163 1178 3197 auctore

280 3212 431 3270 Lipsio
455 3211 667 3254 edebatur
688 3211 1033 3265 quintuplicari.

343 3269 457 3315 CAP.
484 3266 555 3309 37.
587 3267 863 3323 Censusque.
923 3267 965 3310 h.
990 3284 1029 3310 e.
1067 3283 1178 3311 cen-

284 3342 366 3371 sus
389 3340 585 3423 qumssle'
630 3323 688 3366 cf.
718 3326 810 3368 not.
835 3325 889 3368 ad
914 3328 950 3374 1,
974 3326 1047 3368 28.
1115 3327 1181 3368 De

285 3403 335 3429 re
372 3383 488 3429 vid.-
541 3381 634 3423 iou.
669 3381 736 3431 57,
761 3383 828 3424 10.
871 3382 988 3426 vell.
1013 3386 1054 3435 2,
1082 3384 1180 3428 129.

284 3443 473 3486 Sueton.
494 3439 595 3483 Tib.
622 3455 662 3481 c.
685 3438 755 3480 47.

343 3513 485 3553 nepos
531 3503 634 3539 erat
677 3498 887 3540 oratoris
929 3497 1177 3541 Hortensii.

282 3557 502 3601 Habitant
536 3554 826 3610 interpretes,
865 3569 919 3596 an
955 3555 1071 3598 idem
1104 3556 1178 3599 ille

1253 2408 1385 2450 lerius
1418 2422 1712 2466 quaeeunque
1748 2409 1894 2465 turpia
1930 2409 2148 2453 invidiose

1231 2465 1297 2507 in
1331 2480 1431 2507 eum
1471 2465 1698 2519 cumulat,
1753 2467 1850 2523 quis
1881 2481 1974 2509 non
2012 2468 2146 2515 videt,

1251 2538 1304 2565 eo
1335 2521 1546 2579 scriptori
1580 2522 1732 2579 quaeri
1766 2523 1949 2580 gratiam
1979 2524 2146 2567 Tiberii

1250 2588 1293 2622 et
1334 2580 1530 2622 excusari
1572 2579 1702 2622 huius
1750 2582 1960 2623 adversus
1998 2582 2146 2624 hoini-

1250 2653 1355 2680 nem
1397 2635 1611 2692 rigorem.
1685 2636 1822 2680 Plane
1859 2637 1903 2679 id
1939 2641 2146 2682 convenit

1248 2692 1644 2751 turpi'''adulatori,
1662 2709 1808 2751 quem
1832 2695 1957 2739 audis
1980 2697 2024 2738 in
2045 2713 2146 2754 pro·

1249 2752 1292 2794 1ο
1327 2769 1369 2794 0.

1297 2767 1508 2851 {inlectus
1536 2840 1549 2852 .
1566 2839 1578 2852 .
1596 2840 1605 2850 .
1627 2841 1635 2849 .
1665 2813 1846 2853 ducere.
1908 2809 2146 2855 structura

1249 2882 1405 2922 graeca
1422 2897 1434 2914 ‚
1470 2882 1552 2923 pro
1576 2868 1768 2909 inlectus
1789 2871 1866 2910 ad.
1929 2869 2005 2912 Sic
2017 2868 2057 2920 4,
2076 2869 2143 2915 12.

1250 2924 1578 2965 inliciebantur
1600 2954 1610 2965 .
1629 2956 1638 2966 .
1655 2955 1666 2967 .
1687 2928 2028 2975 perste'mulure.
2083 2927 2144 2970 cs.

1248 2980 1517 3023 Ramshorn.
1533 2980 1615 3027 Gr.
1644 2985 1686 3036 §.
1716 2982 1822 3025 168.τ
1845 2994 1885 3040 μ
1914 2983 2012 3026 425.
2036 2983 2143 3028 Not.

1307 3039 1456 3080 decies
1474 3040 1688 3082 sestertii.
1725 3040 1852 3081 Hane
1873 3039 2145 3097 scripturam

1251 3098 1281 3140 1.
1296 3096 1499 3138 Gronov.
1515 3096 1699 3154 singulis
1719 3096 1875 3139 litteris
1899 3108 2146 3155 expressam

1251 3155 1298 3196 in
1321 3153 1420 3196 eod.
1436 3153 1533 3195 MS.
1554 3153 1749 3203 invenit,
1773 3154 2053 3211 restituitque
2067 3155 2147 3197 Er·

1250 3210 1432 3254 nestius.
1475 3210 1702 3253 Edd.Ber.
1719 3210 1860 3254 Rhen.
1883 3227 1979 3268 sqq.
2003 3215 2148 3255 decies

1249 3268 1530 3310 sestertium.
1594 3267 1792 3322 (Scilicet
1811 3269 1859 3311 in
1883 3269 1986 3312 MS.
2012 3286 2147 3327 super

1252 3324 1394 3367 littera
1421 3324 1541 3368 finali
1567 3325 1844 3383 adscriptum
1872 3335 1938 3368 est
1961 3329 2024 3381 u.)
2085 3327 2145 3370 cf.

1251 3381 1520 3424 Raxnshorn.
1559 3380 1641 3426 Gr.
1675 3387 1718 3437 §.
1757 3383 1853 3441 157.
1891 3400 1934 3440 p.
1958 3383 2055 3426 329.
2090 3401 2146 3431 c..

1250 3440 1347 3482 Liv.
1382 3439 1451 3489 45,
1486 3441 1528 3482 4.
1573 3442 1765 3494 argenti
1803 3444 1867 3482 ad
1906 3457 2146 3483 summam

1249 3498 1452 3539 sestertii
1495 3498 1648 3542 decies
1680 3498 1729 3540 in
1762 3499 2009 3541 aerarium
2045 3506 2144 3540 ret-

1251 3557 1370 3597 tulit.
