2222 4030
137 147 364 229 tta-⁷33:
550 149 724 213 ΜΒ.
758 148 871 212 111.
945 146 1144 212 cAP.
1177 148 1280 215 54.
1317 150 1422 215 55.
1794 154 1948 233 26⁷„

56 295 304 364 „queam
364 279 527 340 htmc
573 293 631 356 et
672 281 853 339 laudo
887 287 957 364 -et
993 282 1303 338 exonerari
1339 283 1614 343 laborum
1646 302 1922 342 meorum

41 415 95 442 -,‚
105 381 334 445 partem
362 359 600 427 fateor.'
653 367 749 423 sin
782 359 1051 436 accusare
1085 363 1233 422 vitia
1268 368 1507 440 volunt,
1563 368 1731 440 dein,
1783 389 1923 429 cum

54 455 355 530 „gloriam
380 454 507 524 eius
538 452 627 510 rei
658 453 856 527 adepti
879 461 1045 521 sunt,
1069 450 1405 509 ‘simultates
1417 452 1654 513 {faciunt
1677 475 1746 519 ac
1767 450 1926 513 mihi

54 541 478 617 „relinquunt‚
520 537 740 595 credite
776 536 862 597 .P.
895 533 964 597 C.
1003 555 1100 594 me
1123 553 1370 615 ‘quoque
1405 558 1531 595 non
1565 559 1694 597 esse
1729 534 1921 598 offen-

57 627 340 696 „sionum
364 624 631 682 avidum:
675 642 821 699 quas
846 642 981 679 cum
1006 623 1210 698 graves
1233 631 1291 693 et
1310 622 1660 701 plerumque
1683 625 1927 703 iniquas

58 732 217 787 „pro
241 708 560 786 republica
585 707 932 783 suscipiam,
974 694 1262 798 inaffis'fet
1296 706 1505 765 inritas
1543 729 1735 788 neque
1763 693 1929 768 mihi*
2007 772 2013 777 „

59 841 94 866 „
108 807 210 855 ant
232 794 404 852 vobis
424 793 563 850 usui
583 793 812 851 futuras
835 793 965 849 iure
986 789 1327 872 depreoe5.‚”

223 877 354 940 LV.
397 875 641 936 Auditis
665 875 931 935 Caesaris
951 878 1165 936 litteris
1186 877 1428 936 remissa
1462 878 1755 938 aedilibus
1785 879 1922 939 talis

57 986 228 1023 cura:
283 965 575 1041 luxusque
608 983 845 1020 mensae
880 984 915 1021 a
950 963 1067 1020 fine
1087 955 1496 1041 Actiaci-belli
1528 964 1604 1020 ad
1639 984 1704 1021 ea
1740 981 1920 1037 arma,

57 1052 190 1128 quis
228 1048 356 1110 Ser.
394 1047 589 1107 Galba
623 1069 827 1107 rerum
864 1050 1112 1124 adeptus
1151 1060 1265 1119 est,
1314 1058 1429 1126 per
1464 1068 1653 1107 annos
1685 1062 1920 1108 centum

53 1136 312 1212 profusis
351 1135 686 1210 sumptibus
723 1134 958 1192 exerciti
992 1133 1277 1210 paulatim
1301 1135 1619 1194 exolevere.
1704 1132 1926 1192 Causas

58 1221 184 1278 eius
208 1220 555 1278 mutationis
577 1240 856 1296 quaerere
885 1220 1051 1278 libet.
1134 1217 1304 1277 Dites
1337 1221 1482 1277 olim
1514 1219 1773 1278 familiae
1809 1241 1924 1278 no-

52 1305 268 1363 bilium
293 1317 392 1362 aut
414 1305 767 1363 claritudine
795 1305 1051 1378 insignes
1078 1305 1273 1362 studio
1295 1305 1760 1380 magnificentiae
1782 1327 1928 1383 pro—

57 1391 424 1449 labebantur.
483 1410 623 1447 nam
663 1391 839 1448 etiam
871 1401 999 1447 tum
1029 1390 1293 1466 plebem,
1338 1391 1570 1466 socios„
1606 1406 1787 1476 regna
1823 1413 1926 1450 co-
1957 1423 1960 1428 ,

57 1477 177 1534 lere
210 1487 267 1534 et.
300 1477 417 1533 coli
449 1474 703 1532 licitum:
772 1486 840 1533 ut
872 1475 1120 1551 quisque
1153 1476 1399 1551 opibus,
1454 1477 1665 1548 domo,
1713 1489 1927 1554 paratu

56 1562 385 1639 speciosus,
428 1581 535 1637 per
568 1581 790 1618 nomen
822 1571 879 1619 et
912 1561 1212 1619 clientelas
1240 1561 1550 1621 inlustrior
1576 1557 1926 1626 habebatur.

118 1756 379 1801 exonerari
389 1757 607 1800 laborum
620 1770 834 1800 meorum
844 1770 956 1811 par·

58 1823 154 1858 tem
181 1817 365 1872 fateor.
451 1813 660 1858 Heinsius
701 1813 955 1872 corrigebat

53 1882 220 1928 parte,
280 1871 610 1940 WVopkensius
666 1880 810 1927 parte
859 1886 953 1915 me.

58 1932 172 1976 Nam
198 1929 332 1990 vulgo
355 1929 515 1989 aliquis
538 1929 702 1974 dicitur
725 1928 956 1974 exonerari

58 1989 209 2049 aliqua
242 2005 308 2034 re.
391 1990 451 2032 At
482 1986 644 2032 Tacito
687 1986 961 2031 exonerari

57 2048 189 2092 etiam
223 2046 438 2090 dicuntur
475 2062 570 2097 res,
600 2060 712 2103 quae
746 2042 956 2088 auserun-

58 2114 148 2149 tur.
219 2103 278 2149 cf.
305 2103 421 2148 nist.
459 2101 500 2156 5,
529 2103 573 2146 2.
605 2101 957 2146 multitudinem

21 2202 35 2216 ,
51 2162 309 2219 proximas·
348 2162 398 2204 in
435 2168 592 2204 cerr-as
622 2167 954 2203 exoneratam.

57 2221 214 2264 Potest
232 2228 380 2264 tamen
401 2226 592 2273 portem
622 2226 664 2261 et
694 2218 788 2261 acci
810 2217 837 2260 »i
870 2232 955 2276 pro

57 2277 313 2323 accusativo
348 2291 527 2334 graeco.
596 2275 659 2321 cs.
691 2275 732 2328 6,
760 2277 788 2318 4
820 2306 832 2318 .
862 2278 953 2319 ad-

57 2337 246 2378 levatur
267 2336 498 2377 animum.

113 2394 381 2436 simultates
402 2391 611 2448 saciant.

58 2450 211 2495 locum
244 2450 491 2503 lacessunt3
539 2465 622 2507 pro
651 2447 845 2505 faciunt
881 2465 954 2491 vo-

56 2507 155 2552 lunt
174 2507 369 2567 fugiunt
397 2504 465 2551 vel
497 2507 696 2559 iaciunt,
728 2507 797 2551 vet
831 2506 955 2550 deni·

58 2581 146 2624 que
167 2565 439 2622 satiendas.
518 2563 624 2608 Non
666 2563 771 2609 satis
809 2564 956 2612 video,

53 2622 164 2725 auid
201 2623 247 2666 in
277 2621 356 2667 vul
416 2622 469 2665 tis
516 2622 753 2681 displicere
777 2621 954 2736 ἷοεείῑ.

98 2697 171 2724 am
201 2678 446 2723 sommam
484 2680 755 2724 simultates
810 2694 958 2730 acere,

686 2392 954 2460 interpretes

57 2754 151 2783 non
175 2745 241 2782 est
266 2735 387 2795 quod
420 2736 666 2793 vituperes.
727 2735 787 2780 cs.
813 2734 955 2780 ovid.

56 2796 216 2840 Amor.
253 2797 291 2846 1,
322 2795 363 2846 8,
395 2794 463 2838 82.
535 2792 633 2838 Nec
663 2792 708 2836 in
744 2800 954 2838 contextu

57 2852 301 2911 quidquam
329 2850 636 2952 impedimenti
662 2850 799 2895 adest.
844 2849 956 2893 Sen-

57 2910 220 2955 tentiat
269 2909 382 2953 simu
409 2916 517 2952 tates
555 2907 703 2953 facere
739 2906 844 2952 satis
882 2906 956 2951 ha·

55 2968 190 3015 bont.
231 2967 312 3027 ipsi
338 2966 455 3010 serre
477 2964 666 3016 uolunt,
707 2965 783 3009 sed
812 2964 955 3007 feren·

55 3026 132 3070 das
198 3024 359 3082 rincipi
392 3023 673 3082 relinquunt.
737 3022 954 3067 Perstrin-

56 3081 119 3141 git
153 3042 361 3127 'fiberius
399 3091 628 3134 senatum,
715 3082 803 3124 uod
844 3080 953 3124 illud

58 3140 290 3208 negotium
321 3142 374 3183 ad
402 3138 651 3198 principem
677 3098 956 3183 distulerant.

115 3213 277 3241 manes
328 3205 372 3241 et
424 3197 611 3242 inritas.
700 3198 953 3256 Synonym.

59 3254 179 3312 apud
206 3253 342 3299 Roth.
372 3271 416 3314 p.
443 3255 511 3299 14.

114 3310 228 3357 Cn.
253 3313 322 3356 5⁵.
354 3314 555 3357 remissa
578 3313 811 3357 aedilibus
840 3314 955 3356 talis

56 3384 187 3414 atra.
248 3370 464 3414 Remissa
495 3369 567 3414 alii
601 3371 826 3429 explicant
840 3385 954 3426 per·-

58 3429 214 3471 missa
238 3428 572 3485 (aber-lauert„
598 3429 676 3473 sed
703 3427 762 3473 cs.
787 3437 882 3473 not.
898 3428 952 3471 ad

65 3486 103 3538 1,
126 3485 168 3529 8.
231 3484 319 3530 Alii
341 3481 558 3530 aedilibus
584 3486 677 3531 eius
703 3501 836 3531 curae
856 3501 951 3543 gra·

1027 1755 1132 1802 tiam
1155 1756 1320 1802 factam
1343 1773 1438 1802 esse
1462 1755 1819 1817 interpretantur
1838 1755 1928 1813 (όν-

1027 1818 1220 1871 lassen).
1284 1814 1440 1860 Recte.
1510 1814 1580 1859 Ne
1609 1822 1761 1859 tamen
1796 1824 1926 1874 putes

1027 1889 1183 1917 curam
1210 1872 1458 1917 aedilitiam
1481 1871 1602 1917 circa
1623 1871 1766 1933 legem
1795 1889 1926 1918 sum-

1061 1930 1252 1975 mariam
1285 1930 1390 1974 inde
1412 1946 1462 1974 ex
1487 1928 1569 1974 illo
1588 1938 1794 1990 tempore
1818 1930 1936 1976 abo«

1027 1948 1167 2033 litam.
1245 1987 1333 2033 Sed
1376 1986 1571 2045 intellige
1609 1996 1814 2032 senatum
1854 1988 1929 2033 de-

1027 2046 1242 2094 crevissez
1289 2047 1587 2090 remitterent
1621 2046 1802 2088 aediles
1838 2060 1927 2088 eu·-

1026 2118 1138 2150 ram
1159 2118 1301 2148 suam
1325 2105 1605 2159 nollentque
1633 2105 1841 2158 amplius
1869 2106 1930 2148 de

1028 2165 1111 2208 illa
1132 2175 1186 2204 re
1209 2165 1277 2204 ad
1303 2165 1523 2204 senatum
1555 2159 1744 2219 referre.
1805 2151 1926 2205 Θέτ-

1029 2220 1232 2266 manice=
1281 2218 1345 2262 Es
1384 2219 1582 2260 war-den
1618 2218 1696 2260 die
1726 2219 1930 2263 Aedilem

1026 2284 1113 2324 der
1142 2274 1442 2339 getius-senen
1474 2275 1639 2330 Surge¹
1656 2271 1930 2322 iiber-hohen.

1027 2337 1190 2381 Levius
1230 2343 1274 2379 et
1307 2331 1557 2378 modestius
1603 2331 1776 2378 dictum
1814 2344 1926 2394 pro:

1027 2395 1203 2440 abirent
1225 2408 1332 2436 cum
1354 2390 1554 2435 Caesaris
1576 2405 1822 2450 responso,
1851 2391 1929 2437 tali
2004 2421 2006 2424 f

1028 2469 1139 2497 cura
1165 2467 1260 2494 non
1287 2465 1382 2492 esse
1403 2463 1534 2507 opus.

1084 2524 1248 2553 rerum
1306 2510 1507 2560 adeptus·
1567 2511 1650 2550 est.

1029 2574 1255 2613 structura
1312 2563 1503 2609 verbum
1557 2562 1758 2618 adipisci
1808 2563 1928 2624 apud

1027 2625 1247 2669 Nostrum
1281 2621 1435 2665 utitur.
1497 2621 1817 2666 Accusativum
1844 2621 1928 2666 ad-

1029 2683 1165 2727 sumit
1190 2683 1227 2732 l,
1253 2679 1319 2724 18.
1342 2677 1416 2722 82.
1432 2677 1504 2723 53.
1537 2678 1576 2728 8,
1602 2677 1673 2727 24,
1697 2677 1768 2724 75.
1797 2680 1840 2732 4,
1857 2679 1927 2726 16.

1030 2748 1073 2782 et
1095 2738 1225 2781 alibi:
1256 2733 1501 2795 genitivum
1522 2733 1596 2779 bic
1620 2743 1663 2778 et
1677 2733 1784 2781 infr.
1799 2736 1840 2790 6,
1851 2734 1925 2781 45.

1028 2795 1208 2841 Etenim
1229 2794 1454 2853 genitivus
1473 2791 1646 2836 accedit
1666 2791 1713 2835 in
1734 2794 1929 2842 solemni

1029 2850 1255 2898 formula:
1298 2865 1483 2903 rerum,
1512 2850 1671 2905 regni,
1698 2853 1930 2896 domina-

1029 2912 1166 2955 tionis
1205 2909 1423 2966 adipisci,
1478 2916 1525 2951 ut
1559 2922 1663 2952 cum
1700 2910 1844 2955 verbo
1878 2909 1928 2955 in

1030 2983 1166 3013 unam
1202 2969 1435 3011 notionem
1476 2973 1617 3011 coeat.
1684 2966 1924 3013 Accusati-

1029 3043 1113 3071 vus
1155 3025 1322 3068 iustum
1368 3023 1599 3068 obiectum
1649 3023 1793 3069 offert.
1867 3025 1927 3071 cf.

1029 3092 1125 3128 not.
1149 3082 1203 3126 ad
1231 3086 1268 3134 1,
1287 3080 1356 3126 83.
1379 3081 1462 3126 sub
1486 3081 1628 3127 verbo
1648 3082 1810 3139 potiri.

1084 3147 1134 3184 ut
1156 3140 1346 3197 quisque
1369 3171 1381 3183 .
1398 3172 1408 3183 .
1426 3170 1438 3184 .
1459 3140 1738 3184 habebatur.
1773 3138 1924 3199 Vulgo

1026 3198 1136 3244 haec
1158 3197 1294 3242 verba
1318 3195 1376 3240 ita
1398 3195 1696 3259 accipiuntur,
1725 3204 1775 3241 ut
1796 3199 1926 3257 quis-

1027 3272 1115 3315 que
1140 3254 1315 3300 dicatur
1340 3270 1393 3299 eo
1412 3252 1647 3299 inlustrior
1660 3254 1839 3299 habitus
1851 3280 1923 3311 —,

1026 3330 1119 3373 quo
1173 3311 1435 3371 speciosior.
1523 3310 1656 3368 Quae
1704 3314 1923 3359 sententia

1027 3379 1118 3415 tam
1150 3369 1301 3430 inepta
1329 3377 1396 3415 est
1428 3384 1563 3429 quam
1585 3368 1727 3415 aliena
1753 3371 1808 3414 ab
1834 3371 1924 3417 hoc

1026 3425 1149 3472 loco.
1235 3427 1373 3473 Aliud
1431 3427 1514 3473 sibi
1565 3426 1665 3473 vult
1716 3427 1920 3475 Tacitus:

1026 3499 1166 3546 opum
1182 3516 1194 3537 ,
1226 3484 1387 3531 domus
1414 3494 1684 3546 paratusque
1707 3485 1921 3546 speeiem,

1741 2503 1929 2566 Duplici
