2222 4030
212 160 291 204 XL
832 139 1434 203 PRAEFATIO.

212 288 343 326 cum
364 266 694 334 MStomm‚
729 259 888 323 haud
919 267 1240 323 absurdum
1271 263 1396 323 esse
1424 267 1628 341 putavi
1658 269 2061 325 subsmnnium

212 357 415 412 oculos
457 371 726 428 ponere‚·
776 371 925 428 quae
970 353 1054 407 ibi
1097 368 1450 430 quocunque
1496 353 1624 407 loco
1676 354 2062 427 reperiantur.

214 439 282 497 Id
315 440 453 496 satis
489 438 608 494 scio
642 435 826 494 multa
857 439 921 493 in
950 433 1059 493 hac
1093 437 1412 510 scripturae
1452 437 1732 494 variantis
1771 439 2064 513 farragine

211 525 464 593 adferri,
516 523 678 580 unde
712 537 924 598 parum
957 523 1163 579 auxilii
1193 521 1401 580 Tacito
1437 513 1653 582 veniat.
1741 520 1824 582 At
1866 538 2063 582 tamen

207 610 738 677 utilissi.ma·sunt‚
790 620 858 665 ut
893 623 1205 682 cognoscas
1248 609 1439 665 varias
1467 609 1936 687 multiplicesque
1972 632 2064 669 er-

209 695 588 764 randi‘vias5
645 714 790 770 quas
835 693 938 770 qui
982 695 1132 750 bene
1175 694 1441 763 noverit,
1495 694 1758 750 feliciore
1795 697 2061 756 successu

209 802 336 839 rem
387 779 646 842 criticam
707 779 1007 836 tractabit:
1080 778 1391 834 utilissima
1448 779 1622 835 etiam
1683 800 1751 835 eo
1804 782 2062 854 nomine,

207 867 367 944 quod,
395 865 599 932 lectori
625 864 1002 940 suppeditant
1029 863 1451 920 accuratiorem
1478 867 2062 926 veterumlibmrum

206 947 511 1020 notiiiam,
556 971 671 1026 qua
698 951 1018 1006 instructus
1045 949 1259 1004 rectius
1287 949 1573 1005 iudicabit
1597 951 1670 1004 de
1694 950 2063 1023 singulorum

206 1038 500 1095 librorum
538 1035 652 1092 fide
693 1046 865 1111 atquc
905 1033 1264 1094 auctoritate.
1360 1031 1515 1090 Nam
1541 1034 1644 1109 qui
1674 1036 1878 1094 multis
1905 1039 2065 1095 vitiis

207 1134 429 1181 scatent
465 1133 521 1177 et
558 1121 910 1196 conspicuae
950 1119 1292 1176 oscitantiae
1327 1119 1570 1192 vestigia
1607 1121 1840 1193 ferunt,
1894 1137 2063 1181 caute

206 1207 409 1266 audies
427 1252 443 1276 ‚
486 1206 595 1263 ubi
620 1227 654 1262 a
682 1206 887 1262 ceteris
917 1203 1219 1261 codicibus
1245 1204 1597 1280 discrepant.

375 1357 427 1439 ἓ.
447 1359 548 1421 38.
591 1359 755 1418 Inter
781 1362 940 1438 quod
967 1360 1168 1417 omnia
1194 1358 1496 1417 scrutandi
1522 1359 1785 1436 studium
1810 1381 1934 1418 non
1958 1383 2064 1437 po-

206 1448 321 1507 tuit
356 1467 481 1504 non
518 1441 679 1517 fieri,
731 1459 800 1504 ut
828 1445 1119 1522 plurimos
1149 1446 1575 1522 deprenderem
1606 1445 1799 1516 locos,
1848 1447 2066 1524 quibus

204 1545 373 1590 vetus
412 1531 700 1608 scriptura
735 1532 889 1588 male
931 1531 1191 1604 neglecta
1222 1548 1251 1587 a
1282 1528 1712 1588 recentioribus
1737 1531 2066 1591 editoribus

203 1617 567 1686 restituenda
607 1627 756 1674 esset
794 1628 969 1694 atque
1010 1614 1299 1689 abigenda
1340 1614 1522 1672 nimis
1556 1617 1760 1674 sedula
1796 1639 2065 1695 quorun-

203 1704 343 1761 dam
371 1701 735 1773 emendati0‚
785 1722 910 1759 non
936 1702 1013 1758 ob
1043 1698 1409 1758 chartaceam
1436 1702 1530 1756 vel
1556 1703 2066 1762 membranaceam

203 1787 418 1846 veteris
455 1787 777 1863 scripturae
821 1785 1258 1857 auctoritatem,
1308 1787 1409 1843 sed
1448 1787 1525 1843 ob
1563 1787 1860 1844 internam
1895 1810 2066 1866 prae-

203 1872 482 1932 stantiam
510 1872 953 1950 veritatemque.
1042 1869 1207 1930 Inter
1243 1871 1358 1929 alia
1394 1867 1572 1928 huius
1608 1874 1835 1945 generis
1871 1895 2066 1930 exem-

190 1955 304 2047 ‘pla
329 1959 467 2015 vide
491 1958 690 2015 locum
706 1953 836 2018 An.
869 1959 922 2028 1,
947 1953 1077 2028 65.‚
1118 1957 1225 2014 ubi
1249 1955 1481 2015 restitui
1524 1978 1554 2012 ν
1570 1954 1645 2013 in
1664 1965 1782 2014 cta
1800 1978 1827 2014 e
1873 1952 2065 2036 legio-

207 2063 312 2101 nes
345 2065 377 2101 e
405 2044 606 2101 codice
632 2041 830 2102 MSto.
864 2103 865 2106 ,
917 2042 1244 2101 Beroaldus
1269 2044 1442 2099 tacite
1473 2042 1662 2100 edidit
1687 2041 1874 2101 victae
1910 2059 1965 2103 et
2002 2047 2065 2103 in

204 2128 405 2188 codice
427 2127 608 2187 MSto
636 2125 814 2185 hodie
841 2128 1145 2198 invenitur
1175 2127 1437 2222 vinctae,
1483 2140 1623 2185 nota
1662 2132 1927 2188 censoria
1967 2133 2066 2189 lit·
2147 2150 2153 2159 ¹

205 2241 362 2286 terae
386 2245 430 2284 n
460 2227 659 2284 addita
690 2247 722 2282 a
752 2228 1076 2284 recentiore
1103 2249 1316 2284 manu:
1361 2248 1510 2303 quae
1536 2247 1747 2284 manus
1771 2223 1931 2285 haud
1961 2233 2068 2287 ab-

205 2314 384 2372 surde
423 2313 684 2370 creditur
712 2312 895 2388 ipsius
924 2313 1104 2369 fuisse
1133 2311 1431 2370 Beroaldi.
1488 2314 1558 2372 cf.
1591 2333 1763 2388 supra
1795 2313 1846 2391 ἓ.
1880 2311 1978 2375 14.
2011 2328 2066 2373 ct

207 2398 260 2478 ᾗ.
283 2398 390 2467 22.
479 2394 556 2455 At
583 2397 771 2455 multo
800 2397 992 2473 aptius
1019 2399 1131 2454 illo'
1159 2400 1285 2455 loco
1311 2395 1622 2454 Arminius
1649 2399 1793 2457 dicit
1833 2397 2065 2457 vinctas

208 2480 475 2561 legiones
531 2501 711 2566 quam
766 2481 973 2539 victas.
1085 2482 1239 2540 Nam
1298 2481 1530 2539 vinctae
1583 2484 1864 2541 dicuntur
1916 2508 2065 2562 quae

208 2569 376 2646 quasi
412 2580 550 2626 sunt
585 2569 650 2625 in
686 2568 942 2626 vinculis
982 2588 1173 2645 neque
1212 2580 1462 2643 possunt
1502 2569 1797 2642 aufugere.
1886 2569 2064 2643 Quod

208 2673 334 2720 non
362 2654 599 2711 additur
627 2652 828 2734 quasi,
876 2650 1032 2710 velat
1061 2654 1158 2709 vel
1188 2653 1380 2710 simile
1408 2653 1570 2730 quid,
1605 2666 1671 2710 ut
1698 2655 1860 2726 alibi,
1894 2677 2064 2714 causa

210 2750 294 2795 est
321 2739 386 2793 in
420 2740 651 2795 adfectu
687 2739 1001 2816 loquentis·
1096 2732 1170 2796 V
1162 2737 1314 2795 ictae
1339 2751 1480 2795 tunc
1508 2739 1767 2812 legiones
1794 2744 2064 2800 nondum

211 2835 403 2880 erant:
474 2835 750 2898 poterant
800 2836 997 2881 tamen
1055 2822 1242 2880 victae
1296 2825 1370 2881 ab
1420 2819 1696 2881 Arminio
1754 2829 2066 2900 praesumi,

6 2941 17 2956 „
94 2901 109 2917 ’Χ
164 2950 168 2953 .
210 2929 392 2986 quare
416 2909 773 2983 scripturam
811 2907 998 2966 victae
1025 2910 1272 2966 minime
1302 2910 1562 2984 ineptam
1582 2910 1859 2968 dixerim.
1946 2912 2063 2969 Sed,

209 3007 444 3052 maneat
469 3004 699 3050 vetusto
725 2995 880 3051 libro
911 3015 1010 3050 sua
1039 2994 1381 3064 auctoritaS‚
1427 3015 1574 3070 quae
1602 2991 1699 3050 hic
1737 2996 1862 3051 sine
1900 3000 2061 3053 omni

211 3080 383 3136 causa
408 3076 759 3138 violabatur.
848 3077 1000 3136 Aliis
1039 3081 1103 3135 in
1136 3081 1310 3150 lociS‚
1366 3100 1512 3156 quos
1549 3079 1613 3134 in
1652 3083 1950 3139 veteribus
1990 3084 2065 3137 li-

212 3164 334 3222 bris
364 3172 560 3240 aperte
591 3176 898 3240 corruptos
927 3165 1046 3221 viri
1072 3165 1231 3223 docti
1257 3165 1506 3221 feliciter
1536 3167 1871 3222 emendasse
1899 3167 2064 3223 vide-

211 3252 430 3307 bantur
447 3296 464 3320 ,
497 3247 747 3306 minime
772 3263 1114 3325 aspernatus
1139 3270 1268 3307 sum
1292 3251 1447 3306 dona
1478 3272 1508 3306 a
1538 3252 1854 3307 subtilibus
1880 3252 2064 3309 inter-

213 3346 447 3411 pretum
491 3333 746 3408 ingeniis
787 3336 1003 3393 oblata.
1103 3335 1550 3410 Nonnunquam
1593 3348 1881 3410 receptam
1919 3339 2063 3394 scri-

215 3433 449 3501 pturam
489 3441 827 3499 quanquam
871 3420 1084 3476 dubiae
1132 3421 1268 3481 fidei
1307 3420 1522 3496 reliqui
1568 3421 1871 3490 intactam,
1925 3424 2061 3499 quia
