2222 4030
295 196 421 258 268

962 189 1482 251 ANNALIUM
1828 188 1882 268 ᾗ
1907 189 2069 269 13:⁷33:

288 337 602 403 postquam
638 323 916 380 caedibus
936 324 1237 380 ¹saevitum
1276 331 1332 378 et
1368 320 1716 394 magnitudo
1738 323 1943 395 ‚famae
1977 324 2156 381 exitio

294 422 450 480 erat,
494 408 670 466 ceteri
700 408 775 465 ad
802 408 1157 486 sapientiora
1185 417 1544 465 convertere.
1587 405 1933 474 simul-novi
1957 405 2156 466 homi-

287 515 394 552 nes
421 515 453 551 e
482 494 821 569 municipiis
852 505 907 551 et
932 492 1182 550 coloniis
1205 503 1380 567 atque
1403 492 1578 549 etiam
1609 493 1930 566 provinciis
1962 493 2028 550 in
2061 514 2157 551 se-

289 592 497 648 natum
524 580 729 636 crebro
753 579 1049 654 adsumpti
1071 572 1449 633 domesticam
1473 576 1903 652 parcimoniam
1935 578 2158 636 intule-

289 676 458 723 runt:
515 676 572 722 et
606 685 943 743 quanquam
971 665 1212 719 fortuna
1238 662 1335 717 vel
1365 662 1656 719 industria
1684 662 1953 740 plerique
1978 684 2158 739 pecu-
2215 689 2222 745 j

288 751 522 808 niosam
560 750 636 809 ad
683 761 974 807 senectam
1021 747 1425 822 pervenirent,
1486 748 1703 806 mansit
1751 759 1948 806 tamen
1992 749 2159 824 prior

289 836 542 895 animus,

627 833 747 894 Sed
769 833 1116 910 praecipuus
1140 832 1404 889 adstricti
1425 833 1609 889 moris
1632 845 1835 891 auctor
1845 833 2159 911 Vespasia-

289 941 404 978 nus
425 921 566 990 fuit,
608 921 852 996 antiquo
881 919 1005 994 ipse
1030 917 1194 975 cultu
1215 917 1510 993 victuque.
1555 919 1907 995 obsequium
1929 921 2069 976 inde
2092 920 2158 975 in

290 1006 619 1083 principem
650 1017 706 1062 et
731 1003 1070 1061 aemulandi
1091 1023 1258 1059 amor
1278 1003 1537 1059 validior
1562 1023 1741 1080 quam
1763 1025 1954 1079 poena
1979 1025 2047 1060 ex
2070 1006 2159 1060 le·-

291 1092 461 1165 gibus
497 1102 553 1148 et
583 1102 799 1147 metus:
839 1089 956 1144 nisi
979 1089 1132 1145 forte
1156 1089 1332 1145 rebus
1358 1089 1582 1145 cunctis
1606 1089 1760 1145 inest
1789 1090 2032 1166 quidam
2056 1110 2160 1146 ve-

288 1177 380 1235 lut
401 1177 590 1246 orbis,
631 1186 698 1232 ut
729 1174 1231 1252 quemadmodum
1257 1185 1591 1250 temporum
1622 1175 1779 1232 vices
1802 1175 1891 1231 >ita
1923 1195 2159 1232 morum

289 1358 378 1401 qua
409 1341 597 1400 quisque
622 1339 843 1398 polleret,
879 1339 1188 1383 inlustriorem

288 1417 382 1444 esse
403 1401 566 1443 saetam
596 1414 778 1442 accessu
801 1397 1012 1442 celebrati
1044 1396 1189 1439 nomi-

289 1458 359 1501 nis
403 1465 446 1500 et
481 1455 822 1504 clientelarum,
874 1465 916 1499 et
950 1463 1190 1514 propterea

287 1515 407 1558 viros
430 1513 617 1571 opibuS‚
649 1515 809 1565 domo,
829 1523 995 1614 fparatu
1018 1511 1189 1570 specio·

289 1589 361 1616 sos
404 1579 640 1628 tantopere
674 1571 1033 1629 magniicentiae
1075 1585 1190 1627 ope-

290 1646 387 1672 ram
413 1628 599 1679 dedisse,
630 1638 679 1672 ut
700 1645 871 1673 nomen
896 1637 939 1671 et
961 1627 1189 1672 clientelas

287 1688 371 1731 sibi
411 1695 621 1744 pararent
661 1694 704 1730 et
747 1686 1060 1730 inlustriorem
1093 1700 1190 1742 spe·

290 1745 408 1789 ciem
449 1743 555 1786 inde
594 1745 847 1789 oriundam.
919 1746 1106 1787 Nomen
1145 1749 1190 1783 et

289 1803 524 1846 clientelas
549 1800 684 1845 Roth.
711 1819 754 1861 p.
780 1800 849 1845 33.
875 1801 1038 1858 accipit
1060 1808 1108 1842 ut
1141 1797 1190 1843 ἓν

289 1858 368 1904 διὰ
394 1860 554 1916 δυοῖν,
591 1859 680 1904 hoc
699 1875 855 1903 sensu:
881 1875 1000 1918 „per
1021 1873 1188 1901 nomen

289 1918 554 1963 clientium:
619 1924 712 1975 quo
763 1917 903 1978 magis
955 1914 1192 1973 conspicui

290 1976 411 2035 apud
445 1991 550 2020 suos
584 1984 758 2028 essent,
797 1985 841 2019 et
867 1991 955 2033 quo
982 1973 1191 2033 pluribus

288 2034 591 2092 imperarent,
636 2049 751 2091 quos
775 2033 874 2092 quis
899 2032 1085 2075 clientes
1107 2029 1191 2072 ha-

285 2092 445 2144 bebat,
477 2107 531 2134 eo
561 2089 662 2149 plus
685 2091 936 2150 splendoris
962 2087 1045 2147 ipsi
1066 2103 1190 2132 acce·

290 2149 436 2192 debat.
449 2148 477 2165 ”
569 2147 700 2204 Quae
746 2157 897 2193 tamen
956 2145 1189 2203 explicatio

289 2206 426 2264 longe
450 2222 474 2249 a
500 2221 606 2249 vero
637 2207 789 2250 abesse
823 2206 1012 2249 videtur.
1082 2204 1188 2246 No-

291 2278 400 2306 men
423 2271 471 2307 et
496 2265 739 2306 clientelae
763 2270 1061 2322 opponuntur
1086 2261 1186 2319 opi-

288 2322 397 2374 bus,
430 2321 665 2371 domibus,
697 2320 894 2378 paratui,
933 2327 983 2361 ut
1014 2333 1189 2363 nomen

290 2378 352 2436 (h.
377 2394 417 2422 e.
439 2377 587 2430 fama,
619 2377 778 2435 gloria)
803 2375 1081 2434 intelligatur
1102 2391 1187 2419 πε-

291 2431 531 2498 ριβόητον,
577 2436 700 2494 quod
738 2433 969 2478 oriebatur
994 2449 1018 2476 e
1044 2432 1190 2476 clien-

289 2495 405 2542 telis.
481 2494 553 2537 De
594 2509 644 2536 re
687 2492 749 2535 cf.
789 2492 932 2535 Tacit.
969 2490 1024 2534 de
1060 2489 1192 2546 Orat.

291 2572 332 2600 c.
355 2551 426 2596 36.
462 2551 643 2596 Sallust.
669 2551 767 2609 lug.
791 2566 830 2594 c.
852 2549 895 2593 4.

347 2611 500 2654 ceteri.
569 2608 613 2653 h.
649 2624 688 2651 e.
723 2607 886 2665 quibus
927 2605 1191 2665 magnitudo

291 2669 437 2712 famae
477 2667 687 2712 nondum
734 2665 863 2709 exitio
915 2663 1085 2716 fuerat3
1146 2663 1193 2706 hi

291 2725 484 2770 aliorum
519 2723 730 2782 periculis
766 2722 1094 2774 monebantur,
1134 2737 1192 2764 ne

292 2781 651 2842 magnitudinem
697 2780 845 2823 famae
895 2787 1190 2823 sectarentur.

291 2841 481 2899 Ruperti
511 2856 595 2898 pro
628 2838 766 2882 ceteri
789 2836 887 2882 vult
913 2839 1076 2893 multi,
1118 2837 1192 2883 vel

288 2901 523 2955 plerique,
558 2896 631 2943 vel
649 2897 872 2950 plurimi,
904 2893 974 2937 vel
998 2894 1192 2953 denique

295 2956 470 3011 coacti,
504 2971 600 2999 non
621 2955 751 2997 video
783 2968 871 3011 quo
903 2952 1016 2996 iure.
1074 2953 1192 2996 Nam

292 3029 400 3059 voc.
437 3014 576 3056 ceteri
605 3012 671 3055 sic
710 3010 936 3068 aptissime
973 3010 1194 3069 exprimit,

295 3070 419 3130 quod
446 3069 608 3113 Graeci
629 3069 784 3113 dicunt
806 3070 850 3111 οἱ
871 3064 1018 3111 ἄλλοι.

351 3130 667 3183 pervenirent.
752 3126 886 3184 Apud
935 3123 1195 3168 Ernestium

297 3195 558 3243 temporum
588 3184 703 3228 ratio
736 3183 928 3240 requirit
956 3185 1193 3237 pervenis-

298 3250 429 3292 sent,
471 3250 515 3286 et
546 3241 611 3285 sic
638 3257 664 3284 a
685 3240 844 3285 Tacito
875 3242 1092 3300 scriptum
1120 3239 1196 3283 ille

298 3308 442 3360 putat.
508 3298 604 3355 Ego
642 3314 736 3363 non
769 3307 895 3357 puto,
966 3298 1195 3340 Perveni-

300 3365 408 3402 rent
440 3364 506 3399 est
535 3363 755 3412 optativus
786 3356 1054 3414 praesentis,
1078 3370 1196 3412 per-

303 3415 540 3458 venissent
587 3412 807 3470 optativus
848 3413 1015 3457 aoristi.
1103 3413 1197 3456 Iam

303 3487 439 3517 nemo
464 3470 634 3519 nescit,
675 3470 923 3527 optativum
945 3471 999 3514 ad
1024 3479 1196 3514 certum

302 3539 480 3590 tempus
502 3545 595 3573 non
611 3527 854 3587 pertinere,
877 3528 955 3572 sed
977 3543 1057 3586 per
1077 3537 1199 3587 opta-

1261 1339 1403 1383 tivum
1451 1340 1696 1397 praesentis
1741 1338 1990 1390 enuntiari,
2047 1357 2162 1399 quae

1262 1396 1480 1440 contiuuo
1507 1406 1581 1440 aut
1604 1398 1780 1456 saepius
1803 1397 1898 1441 fieri
1918 1399 2089 1450 solent,
2113 1399 2161 1442 in

1262 1454 1456 1512 optativo
1480 1455 1633 1498 aoristi
1690 1456 1766 1498 oni
1796 1472 1872 1504 ea,
1905 1456 2069 1514 quibus
2091 1457 2160 1498 in-

1261 1519 1327 1554 est
1351 1512 1563 1570 cogitatio
1589 1471 1687 1556 delp

1259 1578 1334 1612 tur
1346 1571 1675 1624 pervenissent
1697 1570 1734 1614 si
1756 1571 1915 1614 scribis
1932 1605 1944 1623 ,
1979 1588 2161 1615 necesse

1261 1634 1327 1668 est
1351 1625 1519 1684 cogites
1539 1628 1593 1670 de
1619 1627 1751 1671 certis
1777 1629 2047 1686 quibusdam
2081 1628 2160 1671 ho·

1261 1683 1485 1738 minibus,
1539 1684 1615 1742 qui
1652 1694 1776 1728 certo
1811 1687 2006 1744 quodam
2042 1695 2158 1730 tem-

1260 1756 1372 1797 pore
1410 1751 1750 1798 perwnerunt,
1810 1746 1887 1801 qui
1931 1744 2006 1788 hic
2055 1752 2161 1788 sunt

1261 1798 1391 1842 nulli.
1465 1800 1623 1856 (Recte
1667 1810 1820 1844 autem
1863 1800 1971 1845 infr.
2015 1818 2056 1845 c.
2091 1801 2161 1845 57.

1261 1855 1426 1900 Noster
1444 1858 1622 1916 scripsit
1643 1861 1916 1907 censuisset,
1940 1875 2036 1903 non
2058 1873 2161 1902 cen-

1262 1923 1410 1967 θενεῖς
1461 1924 1506 1960 et
1546 1916 1589 1966 6,
1626 1917 1693 1959 12.
1731 1919 2015 1973 potuissent.
2067 1932 2163 1965 non

1258 1983 1477 2029 possent,
1543 1974 1608 2018 uti
1661 1974 1836 2019 volebat
1887 1973 2160 2031 Ernestius.)

1263 2028 1568 2075 Pervem‘rent
1607 2048 1718 2078 vero
1770 2032 1932 2076 dicitur
1985 2033 2039 2075 de
2091 2048 2160 2081 eo,

2186 0 2222 133 li

2207 222 2222 297 z

1661 1513 1758 1556 miti
1780 1514 2017 1569 temporis.
2069 1513 2160 1571 Igi-
2221 1537 2222 1542 =

1263 2091 1384 2144 quod
1405 2089 1580 2148 saepius
1603 2099 1687 2133 eta
1709 2089 1898 2135 diversis
1922 2089 2018 2133 fieri
2048 2089 2160 2133 sole·
2218 2122 2222 2133 .

1261 2143 1351 2188 bat.

1422 2147 1518 2191 Nec
1559 2147 1702 2193 levius
1750 2154 1871 2191 errat
1912 2147 2032 2191 idem
2073 2147 2160 2190 Er-

1261 2203 1453 2257 nestius,
1505 2203 1613 2247 dum
1653 2204 1838 2255 scribit,
1891 2221 1940 2248 ex
1979 2204 2161 2248 meliori

1260 2256 1473 2307 latinitate
1499 2262 1670 2320 requiri
1695 2277 1970 2329 quanquam
1988 2276 2160 2317 perve-
2195 2300 2197 2304 Α

1260 2327 1444 2363 nerant.
1502 2319 1615 2362 Nam
1643 2335 1912 2377 quanquam
1936 2337 1982 2362 m
2019 2336 2064 2363 se
2097 2321 2163 2364 nil

1260 2373 1420 2430 habet,
1471 2377 1594 2436 quod
1634 2377 1764 2424 verbi
1801 2377 1990 2427 modum
2024 2386 2163 2436 regat,

1267 2435 1343 2488 qui
1376 2433 1526 2493 potius
1558 2435 1723 2491 pendet
1749 2451 1798 2478 ex
1817 2434 1956 2492 ipsius
1981 2435 2069 2478 loci
2095 2452 2162 2480 ra-

1263 2493 1403 2536 tione.
1463 2491 1520 2534 Et
1551 2491 1625 2536 hic
1657 2507 1934 2548 quanquam
1965 2493 2163 2536 coniun-

1265 2549 1328 2608 git
1362 2548 1692 2592 enuntiationes
1715 2549 1905 2592 invicem
1931 2557 2025 2592 arte
2049 2566 2161 2594 con-

1262 2608 1441 2650 iunctas
1476 2621 1592 2650 nexu
1634 2606 1827 2654 causali,
1879 2621 1967 2648 nec
1999 2623 2081 2665 per
2115 2625 2162 2652 se

1266 2672 1442 2709 constat
1480 2663 1725 2713 sententia,
1787 2678 1900 2723 quae
1943 2662 2162 2722 incipitur

1263 2738 1344 2780 per
1387 2736 1674 2778 quanquam.
1728 2721 1786 2765 cf.
1818 2728 1916 2763 not.
1953 2721 2007 2764 ad
2042 2723 2084 2772 Ξ,
2119 2724 2162 2767 6.

1264 2780 1347 2822 sub
1376 2796 1474 2823 voc.
1511 2782 1669 2822 donec.
1748 2778 1914 2822 Eadem
1947 2779 2062 2823 ratio
2097 2789 2162 2824 est

1264 2835 1378 2880 locis
1412 2836 1648 2887 omnibus,
1688 2837 1765 2880 ubi
1787 2851 2057 2894 quanquam
2077 2855 2161 2898 po-

1265 2894 1391 2936 nitur
1423 2911 1527 2938 cum
1550 2893 1859 2938 coniunctivo.
1902 2893 1961 2937 cf.
1986 2896 2024 2946 1,
2048 2894 2091 2939 8.
2115 2898 2160 2940 4.

1263 2951 1442 3003 24.2,1.
1470 2951 1624 2995 Germ.
1637 2967 1675 2995 c,
1688 2951 1757 2994 35.
1770 2950 1843 2995 38.
1863 2950 1970 3008 Agr.
1989 2968 2026 2995 c.
2040 2952 2081 2996 3.
2094 2953 2161 2998 18.

1267 3009 1438 3052 Contra
1452 3009 1572 3059 1‚55.
1592 3008 1807 3066 legimus:
1834 3011 1961 3064 quod
1985 3025 2164 3064 quan-

1266 3082 1439 3123 quam
1485 3069 1534 3110 in
1572 3073 1801 3108 aestatem
1845 3081 2038 3109 summa
2074 3083 2163 3122 ope

1261 3126 1553 3179 parabat,
1605 3124 1732 3166 initio
1766 3123 1889 3166 veris
1922 3130 1966 3165 et
1994 3140 2161 3180 repen-

1267 3182 1366 3223 tino
1409 3184 1455 3224 in
1490 3181 1653 3224 Cattos
1688 3195 1888 3223 excursu
1913 3184 2161 3237 praecepit.

1266 3239 1382 3283 Nam
1403 3239 1466 3282 ibi
1480 3255 1575 3282 non
1596 3238 1715 3280 idem
1730 3247 1793 3281 est
1807 3254 1946 3281 nexus
1961 3239 2162 3284 causalis.

1320 3312 1476 3351 poena
1541 3311 1605 3339 ex
1661 3297 1836 3349 legibus
1891 3303 1936 3338 et
1988 3305 2160 3344 metus.

1268 3354 1408 3412 Apud
1441 3353 1575 3396 Roth.
1613 3369 1657 3411 p.
1692 3352 1762 3397 33.
1810 3352 1860 3396 ἓν
1904 3351 1982 3397 διὰ
2026 3355 2162 3398 δυοῖν

1265 3427 1442 3467 poenae
1479 3426 1543 3453 ex
1571 3412 1746 3464 legibus
1778 3419 1944 3455 metus.
2013 3413 2089 3456 Sic
2120 3421 2163 3456 et

1269 3469 1426 3571 10υὲἐέ
1476 3477 1523 3512 et
1572 3470 1750 3515 artium
1799 3468 1916 3528 apud
1970 3470 2163 3514 eundem

1271 3542 1316 3584 p.
1401 3559 1413 3570 .
