2222 4030
190 185 248 223 Αι-
263 181 322 220 Ut
341 178 431 219 7⁸⁹.

158 234 169 245 “
190 229 247 269 Α.
266 224 318 266 c.
369 225 432 260 16.

701 186 876 249 LIB.
915 184 995 248 ΙΙ.
1068 182 1267 250 CAP.
1297 193 1402 253 26.

1865 193 1987 256 145

109 340 226 399 que
252 316 705 401 Maroboduum
744 337 888 392 pace
921 316 1291 379 obstrictmn.
1374 339 1545 393 posse
1571 331 1631 382 et
1652 318 1985 383 Cheruscos

108 417 448 481 ceterasque
485 402 803 460 rebellium
835 414 1068 476 gentes,
1136 403 1376 480 quando
1410 402 1721 466 Romanae
1756 409 1983 473 ultioni

103 489 451 548 ‚consultum
496 499 614 557 est,
665 486 920 551 'uternis
958 488 1275 545 discordiis
1307 489 1591 567 relinqui.

1694 492 1980 563 Precante

108 574 468 641 Germanico
514 592 743 629 annum
781 573 1107 637 efficiendis
1144 573 1366 649 coeptis
1401 576 1595 633 acrius
1630 581 1982 639 modestiam

108 662 236 719 eius
262 640 607 733 adgreditur
631 658 884 714 alterum
913 659 1284 716 consulatum
1300 659 1624 731 offerend0‚
1655 665 1820 722 cuius
1844 687 1982 724 mu-

106 747 211 803 nia
241 762 519 820 praesens
564 742 774 802 obiret.

874 743 1054 801 simul
1088 744 1463 815 adnectebat,
1515 746 1566 802 si
1597 747 1751 807 foret
1785 747 1980 809 adhuc

107 827 487 904 bellandum,
537 827 916 906 relinqueret.
942 830 1250 887 materiem
1284 827 1471 887 Drusi
1502 832 1703 889 fratris
1738 835 1980 908 gloriae,

104 915 210 995 qui
233 914 404 973 nullo
439 925 569 987 tum
605 913 723 972 alio
761 909 929 973 hoste
964 934 1091 973 non
1125 914 1246 973 nisi
1278 916 1437 994 apud
1478 914 1833 976 Germanias
1872 922 1982 979 ad-

93 1166 182 1223 filr
199 1122 279 1208 :rie
301 1165 519 1209 deutsche
541 1162 707 1208 Gesch.
735 1177 782 1207 u.
803 1161 929 1209 Stat.
972 1163 1008 1215 Ι,

106 1224 185 1269 171
210 1239 310 1282 sqq.
512 1240 513 1244 ¹
594 1277 606 1289 ·
713 1242 748 1324 3

154 1282 415 1324 consanum
435 1286 518 1323 est.
557 1278 637 1323 Sne
659 1295 714 1323 co
748 1310 762 1324 .
777 1278 881 1323 MS.
905 1278 1006 1323 edd.

98 1335 314 1383 Beroald.
353 1335 558 1404 Rhenan.
588 1353 640 1405 sq
677 1370 688 1380 .
725 1337 1006 1404 ”Ernestius

98 1405 301 1440 tamen-e
319 1394 519 1445 Mureti,
558 1395 643 1438 Aci
678 1393 753 1439 aln
780 1404 822 1439 et
847 1394 1004 1438 Piche·

98 1469 182 1498 nae
223 1451 440 1511 opinione
477 1451 601 1496 dedit
634 1460 752 1495 esset
793 1469 878 1512 pro
918 1460 1002 1496 est.

13 1530 21 1537 ’
98 1511 249 1557 secuti
299 1518 408 1553 sunt
458 1510 737 1554 recentiores
789 1511 1002 1554 editores.

96 1569 340 1627 Perper-am
359 1575 403 1610 et
424 1575 582 1610 contra
601 1584 786 1611 omnem
812 1567 1002 1627 loquen-

98 1626 143 1670 di
163 1631 314 1670 usun'.
375 1624 492 1669 Nan·
524 1624 571 1667 in
603 1625 827 1669 eiusmodi
851 1642 1000 1669 mem-

95 1680 199 1728 brie'*
227 1682 419 1727 orationi
459 1682 670 1741 obliquae
703 1683 999 1743 interponen-

13 1739 37 1758 ⁴'
96 1741 190 1796 dis,
221 1757 335 1800 quac
368 1756 463 1783 nou
500 1756 551 1783 ex
585 1736 738 1784 aflimo
775 1740 1002 1799 loquentis

96 1799 320 1859 pendent,
360 1797 439 1842 sed
458 1813 560 1840 rem
581 1798 629 1840 in
657 1798 778 1842 sacto
806 1797 1000 1857 positam

94 1875 145 1901 ex
180 1858 372 1908 rimant,
412 1871 505 1899 non
542 1854 883 1907 subiunctivus,
922 1854 999 1899 sed

95 1873 367 1962 insicativus
388 1912 625 1971 ponendus
647 1921 727 1956 cst.
767 1911 829 1961 cs.
844 1912 1000 1956 Rams·

91 1972 230 2016 horn.
258 1969 343 2014 Gr.
380 1973 424 2025 §.
456 1969 552 2035 195.
590 1969 648 2014 ΙΙ.
676 1971 720 2014 2.
753 1973 811 2027 a.)
832 1971 896 2070 bi)
923 1974 1000 2039 c.)³

92 2046 138 2133 p.
167 2027 254 2072 619
285 2043 352 2086 sq.
399 2043 475 2085 qui
510 2026 631 2071 bunc
671 2044 822 2085 ipsum
896 2038 998 2072 acin

18 2117 27 2125 ·
111 2103 247 2133 ocum
259 2102 343 2146 pro
363 2086 567 2143 exempto
587 2083 749 2129 adfert.
793 2085 999 2128 suntan-

94 2155 188 2191 tem
210 2144 342 2188 huius
363 2142 538 2201 generis
562 2141 764 2200 exempla
781 2144 901 2201 apud
913 2142 999 2187 Ta·

0 2187 38 2261 .
92 2203 235 2250 citum
251 2200 458 2261 plurima.
497 2199 656 2245 d-An.
671 2200 739 2253 16,
752 2203 792 2245 1.
817 2207 872 2243 ut
885 2215 997 2243 con-

91 2261 271 2305 aecem-a
301 2262 610 2302 denmmtrae.
669 2257 867 2302 Pessime
889 2274 995 2301 mu-

4 2320 18 2334 ⁶
92 2326 243 2363 tan-unt
265 2317 310 2360 in
331 2319 700 2360 demonstraret.
733 2317 778 2367 2,
797 2315 867 2363 81.
881 2326 995 2359 con·-

88 2375 280 2421 sulitur.
315 2373 528 2417 Ernestio
549 2373 740 2418 debehat
763 2389 859 2419 esse
877 2388 993 2418 con-

88 2435 346 2479 salet-elur.

90 2492 365 2536 consulunt.

91 2548 234 2593 valde
253 2546 488 2591 Ernestius
509 2561 566 2590 eo
593 2547 794 2600 inclinat,
817 2555 866 2590 ut
889 2548 994 2589 vul-

88 2613 319 2662 garentur
344 2604 633 2649 scribendum
669 2613 809 2663 putet.
867 2605 995 2649 Bene

90 2661 319 2708 abstinuit.
360 2662 403 2714 4,
427 2664 493 2706 10.
515 2662 706 2715 inierat,
730 2668 991 2707 struxerat.

92 2719 207 2765 thid.
238 2735 280 2764 e.
300 2719 373 2763 56.
399 2722 674 2764 adstabant.
729 2721 771 2773 6,
793 2721 862 2765 12.
889 2721 994 2764 vul-

90 2779 346 2834 fabuntur.
409 2775 477 2829 13,
503 2776 570 2821 15.
599 2778 844 2832 respiciam!
858 2810 871 2830 ,
895 2793 993 2833 pa—

89 2842 218 2880 rane.
285 2832 495 2877 Esne-tio
528 2833 686 2878 sanem
719 2850 814 2879 esse
849 2834 993 2878 debe-

91 2895 164 2939 bat
188 2893 462 2947 respae'cs'mve,
486 2897 673 2946 parent.
732 2890 848 2945 thid.
866 2908 906 2936 c.
919 2891 990 2935 49.

91 2951 402 2994 εοηιίηεηιυν.
462 2950 529 3000 14,
558 2947 628 2991 28.
673 2951 988 3003 appellavere.

92 3008 206 3053 thid.
230 3022 270 3051 c.
283 3007 352 3049 58.
377 3008 594 3063 refertur,
613 3021 648 3060 ρ
675 3015 847 3051 rmeal.
913 3005 991 3050 Er-

92 3064 222 3110 nestii
257 3063 450 3108 latinitas
479 3064 651 3123 postula
686 3073 753 3109 at:
790 3067 989 3121 reserre-

91 3131 196 3172 ων,
221 3129 504 3178 permearet.
561 3121 627 3169 15,
652 3122 720 3165 59.
742 3122 992 3175 amplecti-

92 3188 196 3231 tur,
238 3181 441 3223 invocat.
512 3178 626 3223 ssiat.
660 3181 698 3227 1,
728 3179 799 3225 83.
834 3181 990 3223 cludit.

91 3238 135 3289 3,
155 3237 227 3281 70.
253 3237 501 3280 iudicatur.
562 3236 602 3288 5,
628 3236 694 3281 17.
721 3240 990 3293 impediunt.

92 3298 194 3340 lure
243 3293 500 3352 meritoque
540 3293 678 3353 igitur
726 3297 990 3354 reponimus

92 3353 354 3397 consultum
394 3358 488 3403 eu.-
545 3354 807 3412 praesertim
847 3353 990 3413 quum

90 3418 207 3454 enee
247 3408 375 3453 nullo
413 3408 552 3454 modo
585 3408 659 3456 hic
688 3411 799 3455 sei-ri
834 3410 989 3470 possit.

90 3466 372 3513 Sententiam
402 3466 519 3511 enim
549 3466 690 3513 efficit
722 3468 863 3513 hanc:
911 3484 988 3511 re-

435 2429 620 2476 Tacitus
670 2446 780 2477 vero
835 2430 994 2476 maluit

458 2489 509 2541 8,
538 2489 609 2533 69.
660 2491 994 2545 vulgabantur.

5 3577 14 3585 ,
91 3523 277 3570 bellium
321 3532 474 3584 gentes
508 3540 604 3569 non
636 3542 759 3571 nunc
788 3525 989 3586 quidem.

177 3590 426 3643 Tanti-rs
470 3589 510 3642 1.

1078 1163 1157 1209 sed
1178 1172 1276 1209 tum
1301 1163 1492 1225 internis
1511 1165 1750 1212 discordiis
1778 1167 1977 1230 relinqui

1077 1239 1231 1282 posse,
1291 1225 1475 1279 quando
1523 1223 1758 1270 Romanae
1814 1226 1977 1271 ultioni

1078 1280 1339 1323 consultum
1380 1290 1494 1326 esset
1533 1284 1699 1338 (wann
1747 1287 1835 1327 der
1874 1287 1979 1330 Ra·-

1075 1353 1179 1380 mer
1203 1338 1361 1381 Rache
1382 1339 1624 1395 best-redigt
1646 1356 1756 1396 seyn
1781 1346 1977 1401 wilt-de).

1074 1394 1221 1438 Etiam
1242 1394 1541 1456 Kiesslingius
1564 1397 1758 1444 restituit
1780 1409 1864 1444 est.

1132 1512 1265 1552 nullo
1296 1518 1397 1554 tum
1422 1512 1519 1555 alio
1544 1514 1691 1558 hoste.
1752 1514 1979 1560 Suadente

1073 1567 1282 1611 Ernestio
1328 1569 1445 1612 male
1492 1570 1737 1616 Oberlinus
1787 1574 1979 1619 mutavit

1075 1633 1177 1668 tum
1208 1625 1254 1668 in
1285 1629 1416 1670 dum.
1491 1628 1646 1672 secuti
1678 1638 1783 1673 sunt
1812 1648 1974 1675 recen-

1073 1684 1212 1727 tiores
1245 1683 1347 1727 edd.
1408 1685 1472 1728 lta
1504 1686 1745 1730 intrudunt
1778 1704 1976 1741 sensum,

1074 1741 1151 1799 qui
1175 1741 1320 1783 inesse
1341 1742 1514 1801 nequit.
1573 1743 1686 1787 N‘am
1711 1749 1840 1789 nullo
1858 1751 1975 1789 dum

1073 1799 1171 1840 alio
1203 1800 1336 1842 hosce
1369 1799 1614 1858 significat:
1658 1803 1822 1846 indem
1856 1805 1978 1848 noch

1073 1856 1182 1898 hein
1234 1860 1449 1900 anderer
1495 1858 1647 1902 Fet'nd
1699 1863 1978 1905 verbanden

1071 1928 1173 1969 Sey,
1264 1914 1357 1958 uasi
1397 1914 1607 1959 Tiberius
1654 1916 1766 1961 haee
1818 1917 1975 1963 dicens

1072 1970 1214 2014 alium
1269 1980 1411 2015 ostem
1426 1983 1724 2031 exspectaret.
1786 1973 1863 2019 Sic
1880 1976 1973 2020 Liv.
2012 2011 2019 2018 .

1069 2029 1143 2079 29,
1167 2029 1235 2071 11.
1270 2031 1430 2072 nullas
1460 2033 1574 2072 dum
1597 2033 1644 2074 in
1666 2033 1783 2075 Asia
1807 2033 1971 2077 civila-

1071 2093 1139 2128 tes
1172 2087 1321 2129 socias
1352 2089 1557 2130 habebat
1590 2104 1699 2144 pop.
1734 2090 1796 2133 R.
1847 2090 1892 2134 h.
1930 2108 1972 2136 e.
2020 2108 2024 2115 ¹

1072 2141 1217 2187 nullas
1257 2143 1426 2197 adhuc,
1494 2155 1646 2204 postea
1687 2148 1858 2192 seiiicet
1890 2148 1972 2194 ha-

1069 2201 1182 2244 buit.
1242 2201 1308 2244 ld.
1334 2202 1376 2251 9,
1400 2202 1470 2247 12.
1505 2205 1638 2246 nullo
1672 2208 1790 2250 dum
1818 2214 1971 2251 certa-

1070 2258 1219 2309 mine;
1269 2258 1310 2309 7,
1342 2259 1413 2304 33.
1438 2260 1565 2317 suga
1598 2263 1658 2304 ab
1694 2265 1826 2306 nulla
1858 2268 1973 2309 dum

1062 2324 1206 2372 parte
1228 2326 1331 2360 erat
1344 2334 1360 2369 ;
1397 2317 1438 2364 3,
1462 2318 1530 2362 50.
1556 2323 1691 2362 nullo
1714 2323 1827 2364 dum
1848 2330 1973 2365 certo

1066 2377 1197 2418 duce.
1268 2374 1360 2419 lam
1392 2374 1576 2420 Tacitus
1610 2377 1695 2421 sibi
1728 2379 1848 2431 vult,
1893 2379 1972 2424 illo

1067 2440 1271 2491 tempore
1306 2432 1446 2477 alium
1474 2434 1649 2479 hostem
1681 2451 1775 2479 non
1809 2436 1973 2492 suisse3

1067 2506 1206 2549 quare
1230 2489 1266 2533 si
1302 2490 1409 2549 quid
1445 2499 1540 2535 erat
1574 2493 1970 2551 interponendum,

1066 2563 1089 2590 e
1118 2545 1290 2590 Tiberii
1339 2560 1532 2607 persona
1570 2549 1759 2594 debebat
1798 2551 1965 2597 scribi:

1064 2607 1197 2647 nullo
1228 2606 1325 2648 iam
1356 2607 1452 2648 alio
1485 2609 1630 2651 hoste.
1700 2608 1760 2651 At
1793 2608 1968 2653 Tiberii

1066 2661 1250 2729 quidem
1276 2663 1392 2707 dicta
1412 2662 1484 2706 hie
1499 2664 1663 2708 Noster
1687 2663 1851 2715 refert,
1881 2667 1965 2710 ob-

1066 2718 1189 2778 liqua
1227 2728 1378 2763 tamen
1404 2721 1633 2773 oratione,
1676 2720 1724 2765 in
1745 2738 1832 2782 qna
1860 2723 1968 2769 satis

1065 2776 1277 2835 scriptori
1318 2777 1445 2828 licet,
1508 2787 1555 2821 nt
1597 2795 1702 2823 suae
1744 2795 1966 2837 personae

1065 2834 1409 2892 quodaminodo
1448 2834 1771 2881 adcommodet
1808 2839 1963 2885 verba.

1065 2890 1125 2935 cs.
1164 2890 1271 2933 infr.
1308 2893 1349 2943 6,
1378 2892 1450 2935 21.
1492 2893 1843 2950 interrogatur,
1897 2910 1966 2942 an

1061 2962 1202 2991 suam
1259 2963 1437 3005 quoque
1493 2953 1747 3005 genitalem
1794 2955 1964 2998 horam

1063 3007 1359 3058 comperisset
1373 3039 1385 3058 ,
1426 3022 1565 3064 quem
1607 3015 1728 3053 tum
1766 3026 1961 3065 annum,

1062 3066 1251 3119 ‹Jualem
1272 3064 1397 3108 diem
1416 3066 1605 3111 haberet
1618 3068 1644 3109 J
1692 3065 1760 3120 14,
1782 3068 1852 3115 35.
1878 3074 1964 3115 sed

1063 3129 1202 3165 euno
1232 3135 1329 3163 mm
1356 3130 1406 3166 ut
1432 3123 1584 3168 tantis
1605 3126 1862 3171 maioribus
1884 3143 1960 3173 or·

1062 3186 1191 3229 lam,
1231 3182 1314 3223 sed
1338 3188 1390 3223 ue
1411 3195 1559 3225 unam
1577 3195 1605 3225 e
1630 3185 1765 3239 vulgo
1793 3213 1853 3224 .-.
1883 3187 1959 3228 ul-

1062 3237 1182 3280 cisci.
1260 3235 1311 3291 3,
1346 3237 1420 3283 61.
1474 3253 1594 3295 quae
1641 3248 1766 3284 lum
1818 3243 1960 3288 elfelm

1061 3301 1275 3338 trianeal.
1342 3294 1396 3340 16
1414 3327 1430 3350 ,
1449 3294 1492 3341 8.
1533 3311 1628 3341 non
1650 3299 1790 3355 salsa
1816 3307 1962 3345 antea

1060 3354 1252 3396 sotnne'a
1277 3367 1392 3403 sua,
1419 3369 1556 3412 seque
1585 3363 1721 3400 lune
1746 3362 1961 3412 primum

1060 3411 1239 3454 elusum
1266 3412 1534 3458 admirans,
1593 3414 1687 3458 Liv.
1718 3415 1759 3464 2,
1785 3413 1824 3459 5.
1858 3422 1962 3461 tum

1061 3466 1235 3534 mssa-uo
1271 3469 1441 3516 exsuli.
1512 3470 1811 3530 Kiesslingius
1841 3490 1957 3520 con-

1061 3532 1208 3570 sentit.
1862 3552 1866 3557 ·
