2222 4030
1883 264 1932 300 A.
1945 264 1997 300 U.
2011 264 2093 302 7³7.

1878 312 1931 344 A.
1948 308 1995 345 C.
2031 310 2093 345 1⁴.

326 263 409 325 '46
1001 258 1514 324 AN-NALIUM

326 379 464 453 dem
507 391 837 466 interrupto
862 391 1142 449 'tumultu
1158 383 1162 386 ¹
1180 392 1402 449 litteras
1449 392 1633 468 patris
1650 394 1907 474 recitat,
1950 401 2015 456 in
2048 401 2180 478 quis

326 479 716 556 perscriptum
740 486 888 533 erat:
950 475 1337 551 Praecipuam
1369 478 1484 552 ipsi
1516 478 1969 539 fortissimarum
1996 487 2182 560 legio-

326 585 475 621 num
514 583 740 633 curam,
784 562 1135 638 quibuscum
1162 562 1419 636 plurima
1451 564 1607 619 bella
1646 565 2030 625 toleravisset:
2074 572 2183 627 ubi

325 649 588 726 primum
625 668 658 704 a
691 648 855 704 luctu
893 647 1214 723 requiesset
1247 646 1509 718 animUS,
1567 661 1837 707 acturum
1874 655 2030 727 apud
2075 676 2184 730 pa-

323 746 443 793 tres
487 735 560 790 de
603 731 911 808 postulatis
961 751 1190 811 eorum:
1255 732 1480 788 misisse
1537 732 1776 790 interim
1831 737 2051 808 filium,
2115 752 2184 798 ut

325 819 452 876 sine
487 818 856 877 cunctatione
892 817 1261 884 concederet,
1302 836 1450 892 quae
1485 819 1681 875 statim
1710 821 1896 878 tribui
1919 837 2180 897 possent:

327 917 513 978 cetera
537 903 765 960 senatui
788 902 1102 971 servanda,
1152 920 1328 976 quem
1350 921 1541 979 neque
1565 905 1782 977 gratiae
1803 927 1995 984 neque
2019 928 2182 966 seve..

321 989 519 1062 ‘ritatis'
539 999 832 1064 expertem
856 983 1063 1043 haberi
1085 1005 1193 1061 par
1220 978 1382 1045 esset.
1459 1022 1462 1026 -

492 1128 715 1192 XXVI.
797 1127 1175 1204 Responsum
1198 1138 1298 1186 vest
1329 1149 1363 1186 a
1397 1127 1708 1202 concione,
1749 1133 2027 1190 mandata
2048 1132 2184 1192 Cle-

323 1219 512 1278 menti
542 1213 905 1283 centurioni,
959 1234 1108 1289 quae
1151 1214 1453 1288 perferret.
1552 1215 1609 1273 Is
1654 1218 1883 1275 orditur
1923 1220 1995 1274 de
2040 1221 2183 1276 mis-

318 1308 491 1364 sione
527 1324 560 1359 a
599 1299 852 1358 sedecim
887 1299 1086 1354 annis:
1143 1299 1216 1355 de
1252 1301 1530 1375 praemiis
1574 1302 1772 1359 finitae
1807 1303 2076 1360 militiae:
2117 1317 2184 1362 ut

319 1389 604 1450 :denarius
648 1386 933 1443 diurnum
985 1383 1347 1459 stipendium
1397 1387 1575 1451 foret:
1650 1407 1726 1443 ne
1768 1389 2032 1444 veterani
2074 1391 2184 1447 sub

315 1477 536 1535 >vexillo
561 1469 940 1529 haberentur.
1027 1464 1125 1526 Ad
1152 1490 1216 1526 ea
1238 1468 1470 1528 Drusus
1507 1493 1648 1536 cum,
1673 1473 1986 1529 arbitrium
2015 1494 2183 1532 sena-

319 1574 416 1621 tus
438 1571 492 1617 et
513 1557 695 1634 patris
719 1555 1094 1624 obtenderet,
1138 1555 1392 1611 clamore
1419 1557 1714 1613 turbatur:
1760 1555 1883 1615 Cur
1915 1560 2182 1630 venisset,

321 1640 512 1723 neque
563 1642 845 1716 augendis
889 1639 1150 1696 militum
1198 1640 1532 1715 stipendiiS‚
1598 1662 1790 1718 neque
1840 1643 2183 1702 adlevandis

319 1730 655 1797 laboribuS,
700 1727 954 1802 denique
988 1726 1595 1783 n11lla·benefaciendi
1623 1728 1899 1784 licentia?
1950 1741 2008 1787 at
2045 1726 2185 1787 her-

315 1817 451 1883 qule
475 1815 722 1872 verbera
754 1822 810 1875 et
840 1831 1044 1866 necem
1077 1811 1302 1866 cunctis
1325 1812 1605 1885 permitti.
1693 1811 2005 1871 Tiberium
2040 1816 2185 1872 olim

321 1902 565 1959 nomine
621 1893 876 1971 Augusti
918 1895 1207 1952 desideria
1255 1897 1559 1969 legionum
1601 1897 1872 1954 frustrari
1918 1901 2181 1958 solitum:

323 1988 555 2046 easdem
581 1995 731 2039 artes
753 1980 1016 2057 Drusum
1042 1980 1353 2040 rettulisse.
1440 2002 1842 2058 numquamne
1870 1985 1986 2040 nisi
2021 1987 2094 2042 ad
2124 2006 2184 2042 se

319 2073 476 2130 filios
499 2068 873 2126 ‘familiarum
911 2065 1231 2122 venturos?
1285 2087 1510 2123 novum
1534 2067 1595 2122 id
1625 2068 1828 2142 plane,
1873 2071 2034 2147 quod
2069 2070 2183 2126 im·-

320 2168 556 2235 perator
578 2152 702 2210 sola
724 2151 930 2207 militis
962 2152 1269 2207 commoda
1299 2152 1372 2207 ad
1408 2163 1675 2208 senatum
1705 2153 1948 2214 reiiciat.
2035 2175 2185 2212 eun-

315 2245 459 2303 ,dem
485 2259 619 2315 ergo
649 2248 918 2294 senatum
943 2236 1400 2307 consulendum,
1445 2238 1719 2314 quotiens
1759 2240 2046 2315 supplicia
2081 2253 2183 2315 aut

378 2451 496 2498 CAP.
525 2448 598 2492 26.
654 2446 900 2504 perferret.
959 2444 1044 2490 Ed.
1069 2445 1217 2505 Bero-

320 2511 410 2557 ald.
443 2507 688 2563 perferret.
760 2504 842 2547 Ed.
873 2503 1077 2548 Rhenan.
1119 2515 1216 2562 sqq.

317 2567 598 2624 praeferret.
702 2561 816 2604 Illud
879 2560 1074 2604 Piehena
1116 2579 1216 2607 τεῆ-

319 2625 472 2686 ⁴posuit
490 2632 533 2666 e
562 2621 664 2665 cod.
689 2620 792 2663 MS.
826 2625 869 2660 et
899 2618 1072 2662 frustra
1096 2617 1217 2661 Bro-

322 2683 459 2728 terius
479 2679 728 2724 emendavit
744 2675 998 2733 proferret.
1030 2675 1088 2718 cf.
1118 2693 1215 2734 sup.

321 2758 363 2786 c.
396 2739 468 2783 23.
503 2736 794 2793 perferendis
838 2734 1216 2790 mandatisido-

318 2812 472 2844 neus..
527 2811 567 2839 e.
603 2794 673 2837 57.
725 2791 922 2847 pertulit
969 2793 1217 2835 mandata.

324 2855 481 2902 Germ.
508 2869 549 2896 e.
570 2848 641 2894 45.
669 2851 870 2906 informe
890 2847 1143 2904 perfertur.

379 2911 592 2956 sedecim.
654 2908 711 2952 cf.
739 2916 835 2950 not.
860 2906 915 2949 ad
939 2922 979 2949 c.
1006 2906 1072 2949 17.

380 2981 702 3024 numquamne
734 2965 831 3007 nisi
851 2966 915 3005 od
946 2977 996 3006 se
1016 2963 1063 3019 f.
1090 2963 1135 3020 s
1174 2979 1216 3006 υ.

323 3026 400 3071 Sic
410 3025 512 3068 MS.
526 3033 568 3067 et
582 3032 684 3066 vett.
703 3022 816 3065 edd..
857 3020 1092 3064 veriorem
1109 3038 1216 3065 con-

322 3093 489 3129 textum
527 3098 549 3123 e
586 3079 933 3137 transpositione
972 3079 1216 3123 verborum

323 3143 549 3187 oriturum
565 3138 772 3180 censebat
784 3136 969 3195 Lipsius,
988 3150 1130 3192 eoque
1143 3153 1217 3178 au·

324 3208 450 3245 ctore
471 3195 575 3240 dein
591 3193 714 3236 Pich.
743 3210 842 3251 sqq.
867 3192 1068 3235 edidere:
1101 3208 1217 3235 mm-

325 3262 529 3315 quamne
541 3254 605 3293 ad
619 3266 668 3292 se
688 3251 876 3306 m'sif.f.
888 3265 948 3300 υ.,
964 3251 1056 3292 sine
1072 3266 1215 3300 eausa,

323 3322 374 3357 ut
393 3308 583 3356 Wolfio
607 3307 848 3350 videbatur.
918 3307 1055 3349 Posse
1082 3307 1215 3357 enim,

321 3371 408 3421 ait,
438 3379 684 3422 nunquam
705 3365 798 3405 nisi
816 3364 869 3406 ad
901 3372 1043 3406 totam
1076 3380 1214 3407 enun-

322 3427 554 3472 tiationem
580 3420 747 3470 referri,
773 3429 822 3463 ut
841 3420 1064 3463 interdum
1089 3435 1214 3463 nun-

325 3500 468 3541 quam
500 3495 617 3524 non.
691 3478 807 3522 Hinc
836 3476 1112 3521 Weikertus
1145 3495 1212 3521 re—

322 3540 474 3600 ‘po'suit
508 3540 704 3582 veterem
735 3535 1024 3634 scril'gturanu
1063 3535 1214 3578 Liine-

324 3614 516 3644 mannus
555 3603 716 3642 tamen·
739 3600 783 3637 et
857 3590 1042 3635 ekkerus
1079 3592 1214 3651 Lipsii

1283 2569 1353 2604 'est
1397 2563 1519 2619 quod
1562 2575 1787 2606 moneam.

1283 2446 1647 2491 'emendationem
1667 2446 1905 2492 retinuere.
1939 2447 2181 2494 EtWolfii

1290 2504 1473 2562 quidem
1499 2506 1719 2549 rationem
1747 2521 1840 2549 esse
1867 2523 2052 2558 vanam,
2087 2521 2183 2554 non

1867 2563 1985 2618 Nihil
2012 2573 2181 2608 tamen

1287 2619 1499 2677 impedit,
1558 2637 1649 2678 quo
1703 2622 1853 2664 minus
1905 2623 2005 2665 cod.
2059 2621 2182 2665 MSti

1288 2677 1424 2718 verba
1456 2680 1753 2722 restituamus.
1816 2676 2083 2734 Queruntur
2115 2679 2181 2722 le-

1288 2733 1442 2791 giones
1480 2734 1794 2786 Pannonicae,
1867 2736 1985 2793 quod
2036 2735 2090 2778 ad
2135 2753 2181 2780 se

1286 2797 1462 2833 tantum
1490 2791 1567 2834 filii
1593 2792 1862 2836 familiarum
1891 2792 2072 2836 veniant
2100 2793 2181 2836 de-

1283 2847 1447 2891 'sideria
1488 2849 1715 2916 legionum
1759 2849 2045 2900 frustraturi,
2101 2867 2183 2895 ne-

1289 2921 1375 2963 que
1406 2905 1459 2947 ad
1494 2906 1603 2948 alios
1635 2907 1766 2950 etiam
1795 2908 2026 2951 exercitus.
2089 2909 2180 2952 Au-

1287 2971 1442 3020 gustus
1476 2964 1595 3006 enim
1633 2965 1686 3007 ad
1725 2963 2009 3008 Pannonicas
2048 2964 2181 3023 legio-

1285 3035 1363 3062 nes
1399 3022 1570 3077 saepius
1604 3022 1784 3064 miserat
1815 3021 2059 3066 Tiberium.
2120 3025 2177 3068 cf.

1290 3077 1412 3121 Suet.
1450 3078 1549 3120 Tib.
1587 3094 1626 3121 c.
1661 3079 1703 3121 9.
1739 3080 1806 3121 16.
1841 3079 1911 3121 21.
1985 3079 2073 3122 Dio
2110 3082 2178 3131 54,

1288 3133 1360 3177 31.
1439 3135 1618 3179 Iverant
1660 3151 1763 3178 sane
1805 3135 1858 3178 ad
1899 3135 2006 3179 alios
2044 3138 2178 3182 etiam

1288 3191 1503 3234 exereitus
1528 3191 1607 3234 filii
1631 3192 1927 3245 familiarum3
1955 3195 2030 3237 sed
2053 3211 2180 3239 more

1290 3250 1574 3304 querentium
1637 3250 1833 3307 legiones
1892 3250 2179 3296 Pannonicae

1288 3322 1392 3362 prae
1442 3307 1535 3350 aliis
1579 3323 1624 3349 se
1670 3316 1865 3364 gravatas
1915 3309 2175 3353 sentiebant.

1287 3363 1404 3408 Hinc
1436 3364 1616 3407 volunt:
1661 3365 1765 3407 alibi
1800 3366 1886 3407 iam
1923 3376 2179 3410 exercerent

1287 3429 1402 3462 artes
1435 3437 1561 3474 suas;
1607 3438 1652 3465 se
1686 3421 1788 3464 satis
1826 3430 2024 3479 expertos
2065 3440 2174 3467 esse.

1285 3477 1408 3521 Haec
1436 3494 1535 3521 vera
1569 3479 1840 3522 contumelia
1872 3487 1914 3520 et
1946 3479 2179 3530 cavillatio,

1287 3543 1329 3577 et
1366 3537 1535 3591 optime
1575 3535 1786 3579 convenit
1821 3537 1964 3579 verbis
2002 3553 2180 3594 praece·

1286 3592 1515 3636 dentibus:
1551 3594 1792 3638 Tiberium
1818 3617 1868 3628 --
1896 3596 2136 3639 rettulisse.
