2222 4030
1846 178 1898 215 A·
1915 178 1968 213 U.
1989 177 2072 214 786.

1850 223 1902 263 A,
1921 220 1968 264 C!
2013 223 2074 258 33.

294 187 420 249 402
851 210 855 212 v
918 175 1476 263 ,kAqNNALIUM

292 321 503 376 ducem
534 311 757 389 populo
800 308 1125 385 imponere.
1172 365 1177 391 3
1228 327 1366 364 mox
1376 328 1400 377 ‚·
1443 307 1824 384 quiarumor-
1854 310 2165 379 incedebat

290 406 443 472 fore,
484 410 552 456 ut
587 417 746 456 nuru
782 415 849 452 ac
882 394 1087 476 nepoti
1121 392 1539 450 conciliaretur
1571 390 1817 466 Caesar,
1861 398 2165 467 saevitiam

294 506 474 566 quam
492 481 926 560 poenitentiam„
949 478 1178 536 maluit.
1436 489 1441 494 ’
1728 500 1730 505 ·

298 644 300 646 ,
431 614 434 616 -
461 575 688 639 XXIV.
748 577 917 651 Quin
943 589 1000 634 et
1025 577 1293 631 invectus
1317 575 1384 632 in
1410 576 1756 634 defunctum
1786 579 2008 654 probra
2035 601 2168 638 cor-

297 668 491 747 poriS,
546 664 903 733 exitiabilem
939 663 1004 718 in
1043 668 1210 730 suo‘s',
1266 660 1571 718 insensum-
1601 662 1690 719 rei
1723 663 1998 738 publicae
2035 667 2168 723 ani-

295 774 471 811 mum,
512 748 779 820 obiecit,¹
819 745 1168 821 recitarique
1226 746 1539 818 tactorum>
1575 748 1989 826 dictorumque
2045 752 2168 808 eius

298 838 588 915 descripta
618 855 728 912 per
754 831 878 891 dies
906 829 1105 907 iussit,
1142 852 1265 907 quo·
1302 851 1434 888 non.
1462 832 1625 889 aliud
1662 835 1917 892 atrocius
1953 835 2168 905 visum.

297 920 586 999 adstitisse
610 933 706 979 tot.
722 940 828 996 per
855 935 1082 989 annos,
1115 915 1506 992 quivultum,
1550 919 1829 991 gemitus,
1855 923 2170 979 >occultum

300 1011 479 1075 etiam
502 1026 772 1066 murm-ur
802 1002 1132 1079 exciperent
1145 1045 1172 1072 ,.
1205 1014 1262 1061 et
1296 1003 1556 1079 potuisse
1590 1005 2058 1080 avum'audir'e,
2082 1008 2170 1072 le÷

299 1116 463 1172 gere,
511 1093 579 1150 in
613 1090 920 1167 publicum
960 1107 1264 1163 promere«,
1305 1086 1406 1144 vix
1439 1088 1627 1158 fides-9
1657 1089 1783 1157 nisi.
1817 1091 1978 1167 quod
2009 1087 2171 1157 Actii

300 1177 661 1255 centurionis
687 1186 745 1232 et
762 1171 1018 1251 Didymi.
1031 1172 1237 1245 liberti
1268 1174 1548 1249 epistolae
1571 1192 1890 1242 “servorum
1925 1161 2175 1233 nomin-a⁸

298 1257 742 1344 praeferebant,
775 1271 843 1323 ut
868 1258 1003 1336 quis
1029 1259 1426 1332 egredientem
1449 1257 2008 1328 cubimrlovDrusum
2030 1263 2172 1338 pul—

301 1362 556 1419 saverat,
599 1355 977 1419 exterruerat.
1037 1344 1240 1400 ,etiam
1267 1365 1373 1401 sua
1394 1346 1577 1415 verba
1601 1345 1867 1417 centurio
1892 1347 2172 1411 *saevitiae

301 1438 506 1514 plena,
561 1445 848 1508 tanquam·
883 1423 1212 1504 egregium,
1261 1431 2173 1510 vocesque-deficientissadieee—

299 1534 420 1594 rat,
491 1519 624 1596 quis
671 1517 865 1594 primo
924 1515 1350 1590 alienationem
1393 1515 1616 1582 mentis
1668 1517 1957 1575 simulans
2004 1519 2173 1595 quasi

358 1751 483 1783 nuru
517 1752 574 1779 ao
607 1724 805 1791 nepoti.
865 1733 944 1780 sic
974 1733 1076 1777 edd.
1095 1730 1201 1776 *Be-
1273 1734 1375 1778 cius
1394 1736 1571 1779 visum:
1606 1714 1839 1780 adstitisse
1858 1724 1944 1781 etc.
1970 1727 2173 1782 trahunt*

304 1796 450 1846 roald.
485 1794 586 1838 Alc.
621 1792 766 1836 Rhen.
799 1791 905 1835 Ald.
965 1790 1078 1834 Mox
1104 1791 1204 1835 edi-

303 1866 402 1901 tum
419 1861 496 1905 est,
514 1850 637 1911 quod
652 1850 786 1894 hodie
805 1850 1028 1908 vulgatur,
1049 1849 1204 1892 nurui.

305 1912 396 1958 Sed
418 1911 505 1954 vid.
524 1917 622 1952 not.
648 1908 703 1951 ad
725 1907 855 1956 3‚30.
881 1917 924 1951 et
935 1906 1204 1951 Wernicke

307 1971 362 2015 de
386 1968 643 2018 elocutione
664 1964 809 2009 Taciti
845 1964 970 2008 1829.
1002 1980 1049 2022 p.
1072 1963 1145 2008 33.

365 2026 478 2070 CAP.
506 2023 579 2068 24.
650 2025 873 2066 invectus.
954 2021 1111 2079 Cogita
1148 2020 1202 2065 de

307 2083 494 2144 epistola
517 2081 573 2126 ad
594 2088 797 2126 senatum
820 2080 875 2124 de
894 2089 1042 2124 morte
1063 2078 1206 2123 Drusi

303 2142 453 2185 missa.
510 2139 564 2182 ln
595 2147 755 2182 senatu
778 2138 914 2182 etiam
938 2137 1117 2182 recitari
1140 2135 1203 2180 fa—

305 2208 484 2244 ctorum
499 2197 816 2253 dictorumque
830 2195 1052 2254 descripta
1064 2193 1204 2238 iussit.

359 2257 542 2312 probra
563 2254 787 2307 corporis.
837 2252 909 2295 De
930 2251 1107 2311 flagitiis
1123 2252 1204 2295 im-

338 2312 546 2357 udicitiae
589 2309 806 2367 intellige.
895 2308 972 2354 Sic
1012 2308 1203 2367 Sueton-

298 2379 301 2381 “
352 2369 462 2422 itell.
495 2385 536 2412 c.
559 2369 602 2411 4.
634 2367 848 2410 omnibus
868 2368 1061 2422 probris
1085 2380 1201 2408 con-

307 2427 584 2473 taminatus.
655 2425 722 2468 ld.
755 2423 915 2468 Claud.
959 2439 999 2467 c.
1029 2423 1102 2466 26.
1146 2426 1203 2465 ob

307 2486 553 2530 libidinum
590 2485 786 2536 probra.
866 2481 933 2525 Id.
966 2481 1030 2524 ib.
1063 2495 1102 2524 c.
1131 2480 1202 2525 16.

307 2546 523 2587 iuvenem
542 2541 707 2595 probri
721 2541 932 2595 plenum.
995 2537 1204 2582 Vocabu-

306 2603 404 2646 lum
445 2599 647 2654 corporis
689 2595 869 2642 additur
917 2596 976 2640 ob
1010 2611 1203 2653 sequens

307 2659 540 2702 animum.
1183 2674 1190 2683 =

348 2717 592 2773 factorum
622 2714 957 2771 dictorumque.
1016 2710 1077 2756 cf.
1102 2719 1204 2757 not.

306 2776 361 2820 ad
385 2775 429 2822 2,
451 2771 520 2815 53.

365 2830 617 2885 descripta.
669 2827 974 2878 substantive,
1006 2835 1056 2870 ut
1075 2841 1208 2884 grae-

309 2905 417 2934 cum
451 2884 760 2946 ἀπόγραφον,
803 2882 1092 2945 ἇπόγραφα,
1127 2900 1204 2927 ca-

305 2946 500 3003 talogus.
561 2944 629 2989 Ut
662 2961 769 2988 eum
794 2943 1002 2987 Ernestio
1033 2941 1204 2986 intelli-

309 3019 467 3061 gamus
509 3004 724 3065 plurima
766 3002 839 3046 vel
887 3000 1036 3044 simile
1080 2998 1206 3059 quid,

308 3076 407 3103 non
430 3060 584 3118 aptum
607 3068 696 3111 est,
722 3075 808 3103 nee
828 3058 1093 3102 referendus
1116 3057 1206 3100 huc

310 3118 464 3170 loeus,
506 3133 643 3173 quem
675 3116 750 3160 ille
780 3133 864 3174 pro
890 3116 1092 3174 exemplo
1122 3115 1204 3158 ad-

305 3175 394 3219 fert
421 3191 444 3218 e
471 3172 658 3218 Sueton.
685 3174 796 3219 Ner.
829 3190 870 3218 e.
894 3173 964 3217 37.

339 3233 522 3281 iussit,
573 3248 660 3288 quo
704 3246 802 3274 non
840 3233 970 3274 aliud
1001 3230 1206 3273 atrocius

306 3290 475 3333 visum.
555 3289 660 3332 Non
692 3288 920 3346 intelligo,
972 3304 1062 3346 quo
1101 3296 1202 3330 tan-

307 3349 411 3391 dem
442 3346 582 3390 modo
608 3346 694 3391 viri
729 3346 852 3390 docti
884 3346 1004 3389 ferre
1039 3353 1202 3412 potue-

307 3405 399 3448 rint
420 3420 681 3462 perversam
698 3402 828 3446 huius
845 3403 933 3447 loci
950 3402 1204 3447 distinctio·-

310 3478 417 3505 nem
444 3478 469 3504 a
493 3462 712 3504 Rhenano
746 3461 982 3512 traditam,
1014 3476 1102 3518 qua
1132 3459 1201 3503 le-

312 3528 446 3577 gunt:
487 3521 628 3564 iussit.
689 3534 776 3575 quo
798 3534 892 3562 non
912 3519 1044 3562 aliud
1066 3526 1204 3562 atro—

1276 1808 1363 1861 que
1387 1794 1526 1840 verba
1543 1809 1638 1850 ,quo
1660 1809 1761 1837 non
1783 1803 1868 1837 etc.
1901 1795 1956 1839 ad
1987 1811 2174 1854 sequen·

1273 1859 1358 1899 ha,
1404 1866 1495 1909 quo
1529 1866 1624 1894 non
1654 1851 1774 1895 aliud
1808 1852 2045 1896 absurdius
2078 1869 2174 1896 esse

1267 1908 1471 1954 videtur.
1530 1906 1648 1963 Nam
1680 1909 1783 1967 quis·
1804 1923 2004 1968 uuquam
2029 1910 2175 1968 perio·

1275 1965 1386 2009 dum
1410 1963 1596 2023 incipiet
1615 1981 1698 2023 per
1715 1983 1804 2023 quo
1824 1982 1922 2019 non
1941 1969 2076 2012 aliud
2091 1977 2177 2015 etc.

1261 2026 1491 2082 'sequente
1527 2023 1788 2068 infinitivo?
1845 2025 1992 2069 Immo
2028 2026 2176 2075 infini-

1274 2081 1357 2126 tivi
1378 2080 1580 2140 pendent
1599 2097 1756 2125 evoce
1781 2083 2018 2140 vixfides.
2049 2083 2175 2130 ,Ver-

1276 2139 1358 2183 baa
1381 2154 1486 2196 ·quo
1517 2142 1767 2193 nonaliud
1794 2143 2042 2193 anisum,
2076 2157 2176 2208 per-

1276 2195 1510 2251 tinentrad
1544 2197 1876 2255 praecedentia.
1956 2199 2178 2257 Exprimit

1278 2269 1329 2297 ea
1351 2252 1549 2311 formula
1579 2255 1766 2312 gradum
1790 2257 2109 2315 superlativum
2134 2265 2178 2300 et

1276 2309 1549 2370 vocabulum
1574 2313 1708 2364 aliud
1726 2312 1915 2372 ponitur
1934 2330 2018 2373 pro
2044 2315 2178 2358 aliud

1277 2369 1555 2426 quidquam.
1714 2418 1720 2422 ,
1992 2417 1994 2419 ,
2159 2413 2162 2415 .

1332 2427 1427 2468 nisi
1452 2431 1591 2482 quod.
1672 2427 1730 2471 H.
1765 2444 1804 2471 e.
1828 2437 1874 2472 et
1907 2437 2081 2474 tamen·
2102 2430 2178 2476 vel

1275 2491 1512 2527 attamen.
1567 2483 1628 2528 cf.
1654 2494 1748 2528 not.
1773 2486 1827 2528 ad
1852 2488 1890 2537 1,
1911 2486 1982 2539 83,
2041 2487 2176 2533 Nam-

1308 2557 1364 2584 ue
1385 2547 1427 2583 et
1449 2540 1524 2584 hic
1547 2557 1597 2583 ea
1617 2541 1815 2585 formula
1830 2543 2057 2602 restringit
2072 2554 2176 2588 ante

1308 2600 1429 2646 icta..
1449 2598 1536 2640 vix
1547 2599 1700 2655 fidem
1725 2613 1842 2643 esse.
1904 2602 2074 2651 Immo,
2102 2603 2176 2652 ait,

1279 2655 1416 2699 fidem
1441 2654 1630 2707 habeas;
1674 2673 1779 2699 nam
1808 2666 1894 2700 etc.

1337 2714 1463 2755 Accii
1497 2716 1781 2757 centurionis
1812 2723 1859 2758 et
1883 2715 2084 2772 Didymi
2110 2719 2177 2759 Ii-

1277 2768 1410 2813 berti.
1475 2768 1570 2825 Qui
1601 2781 1729 2814 erant
1753 2773 2006 2832 praepositi,
2029 2785 2176 2820 custo-

1279 2826 1378 2871 diae
1402 2825 1558 2885 Drusi.
1650 2873 1652 2875 ,

1331 2884 1678 2941 praeferebant.
1710 2885 1891 2931 Scilicet
1906 2897 2019 2941 tum,
2035 2907 2177 2949 quum

1281 2959 1436 2988 eoram
1457 2952 1615 2986 senatu
1635 2945 1951 2991 recitarentur.

1335 3000 1588 3043 adiecerat.
1665 3001 1720 3046 H.
1755 3018 1794 3045 e.
1831 3006 2173 3063 reperiebantur

1278 3059 1475 3109 adiecta,
1506 3073 1648 3115 quum
1670 3060 1875 3104 recitatio
1905 3063 1978 3106 illa
2003 3063 2145 3108 fieret.

1334 3116 1673 3159 alienationem
1715 3121 1884 3162 mentis
1926 3121 2172 3166 simulans.

1276 3172 1478 3216 Bahrdtii
1510 3175 1775 3217 auctoritate
1801 3176 1910 3221 haec
1935 3178 2074 3223 verba
2095 3179 2172 3222 ho-

1277 3232 1348 3274 die
1371 3230 1419 3272 in
1441 3231 1652 3274 omnibus
1674 3231 1946 3278 editionibus
1961 3250 2046 3293 pro
2059 3237 2172 3294 glos-

1277 3296 1446 3332 semate
1506 3290 1785 3335 venduntur.
1880 3292 1946 3335 Ne
2000 3295 2171 3338 credas.

1275 3345 1519 3404 Aptissime
1567 3347 1744 3391 adsunt.
1825 3348 1942 3393 Nam
1990 3351 2027 3393 si
2072 3353 2170 3408 quis

1278 3402 1443 3446 dicitur
1471 3405 1608 3460 quasi
1620 3420 1709 3459 per
1733 3409 2018 3450 dementiam
2030 3408 2172 3464 sune·

1273 3469 1353 3504 sta
1395 3460 1579 3504 Tiberio
1620 3464 1924 3517 imprecatus,
1974 3474 2020 3508 tu
2058 3483 2170 3510 non·
2198 3499 2203 3506 .

1277 3518 1388 3562 dum
1420 3517 1655 3576 intelligis,
1704 3529 1858 3564 utrum
1896 3522 2169 3568 dementiam
