2222 4030
1815 200 1866 237 A.
1880 202 1933 239 13.
1949 202 2029 239 771.

1743 278 1745 280 .
1811 245 1864 289 A.
1881 247 1928 282 C.
1967 249 2027 282 18.

260 208 378 266 178
919 187 1434 261 ANNALIUM

257 335 555 395 bellorum
567 351 775 409 expers
786 326 1134 392 habebatur.
1175 352 1242 388 eo
1260 331 1510 406 pronior
1523 329 1801 391 Tiberius
1819 357 1911 394 res
1931 350 2117 411 gestas

260 423 418 497 apud
441 431 710 476 senatum
728 418 1069 475 celebravit:
1117 427 1172 473 et
1192 417 1500 473 decrevere
1523 429 1717 492 patres
1736 421 2116 498 triumphalia

259 506 540 580 insignia:
571 505 733 581 quod
755 501 1005 562 Camillo
1029 503 1105 558 ob
1129 501 1477 557 modestiam
1498 503 1652 560 vitae
1677 504 1922 581 impune
1942 510 2074 569 fuit.

428 588 592 649 LIII.
654 588 918 666 Sequens
959 606 1151 643 annus
1188 584 1501 643 Tiberium
1536 590 1742 660 tertio,
1798 589 2121 650 Germani..

261 696 397 733 cum
423 675 640 745 iterum
662 675 931 731 consules
954 668 1183 729 habuit.
1237 673 1338 727 sed
1376 693 1512 729 eum
1544 668 1838 733 honorem
1864 675 2120 735 Germa-

259 762 428 818 nicus
455 760 591 817 iniit
617 761 774 835 apud
801 759 1011 815 urbem
1036 750 1294 812 Achaiae
1315 755 1680 832 Nicopolim,
1724 782 1841 838 quo
1878 773 2120 821 venerat

258 867 364 926 per
384 844 686 923 Illyricam
709 863 901 911 oram,
929 841 1054 897 viso
1079 841 1258 897 fratre
1273 839 1469 899 Druso
1495 843 1560 899 in
1573 843 1868 905 Dalmatia
1897 861 2119 922 agente,

258 930 591 1004 Hadriatici
627 951 691 986 ac
732 948 870 984 mox
910 923 1069 984 Ionii
1113 927 1294 983 maris
1334 928 1639 985 adversam
1681 933 2120 1005 navigationem

257 1036 583 1094 perpessu&
622 1014 801 1088 igitur
826 1031 1044 1087 paucos
1069 1011 1194 1067 dies
1220 1011 1534 1087 insumpsit
1557 1015 1902 1073 reficiendae
1925 1019 2120 1076 classi:

261 1102 442 1160 simul
485 1101 649 1157 sinus
681 1094 921 1155 Actiaca
953 1096 1203 1155 victoria
1238 1097 1470 1154 inclitos
1504 1111 1561 1157 et
1597 1113 1847 1158 sacratas
1883 1104 1956 1160 ab
1991 1097 2123 1160 Au-

263 1198 430 1263 gusto
486 1184 798 1242 manubias
851 1194 1154 1258 castraque
1203 1178 1459 1239 Antonii
1524 1206 1660 1242 cum
1712 1189 2122 1246 recordatione

257 1273 551 1352 maiorum
574 1289 817 1326 suorum
842 1268 1006 1327 adiit.
1049 1288 1305 1344 namque
1331 1268 1412 1338 ei,
1449 1281 1517 1327 ut
1536 1274 1889 1344 memoravi,
1932 1295 2123 1331 avun-

262 1359 429 1416 culus
466 1351 798 1429 Augustu5‚
858 1373 1002 1411 avus
1036 1348 1338 1411 Antonius
1381 1367 1574 1426 erant,
1628 1377 1959 1435 magnaque
1998 1360 2122 1416 illic

259 1445 449 1515 imago
505 1440 764 1498 tristium
810 1439 1237 1515 laetorumque.
1343 1436 1504 1497 Hinc
1547 1455 1794 1500 ventum
1838 1440 2123 1515 AthenaS‚

256 1527 597 1602 foederique
628 1524 817 1581 sociae
843 1535 900 1580 et
921 1535 1182 1581 vetustae
1202 1525 1368 1582 urbis
1397 1526 1631 1597 datum,
1672 1541 1741 1586 ut
1769 1528 1890 1587 uno'
1916 1530 2123 1588 lictore

257 1623 538 1672 uteretur.
622 1608 919 1686 Excepere
944 1607 1159 1665 Graeci
1188 1610 1629 1686 quaesitissimis
1658 1610 1990 1673 honoribus
2019 1636 2124 1673 ve—

257 1712 383 1758 tera
407 1717 650 1755 suorum
673 1696 824 1753 facta
848 1695 1120 1772 dictaque
1141 1696 1564 1772 praeferenteS,
1605 1719 1723 1777 quo
1755 1701 1890 1776 plus
1914 1702 2124 1776 digna..

256 1784 438 1842 tionis
466 1781 726 1839 adulatio
753 1776 1013 1840 haberet.

314 1913 540 1956 bellorum
562 1922 747 1965 expers.
804 1906 884 1952 Sic
896 1906 1006 1966 Agr.
1021 1923 1060 1953 c.
1076 1907 1150 1952 30.

255 1969 489 2015 servitutis
510 1975 745 2021 expertes.

315 2027 430 2072 CAP.
453 2025 521 2069 53.
561 2024 798 2067 Tiberium
820 2023 979 2067 tertio.
1038 2021 1152 2065 Pau-

258 2084 323 2130 cis
367 2083 540 2127 diebus.
593 2080 651 2125 cf.
690 2080 814 2124 Suet.
853 2079 957 2129 Tib,
1002 2097 1044 2127 c.
1077 2081 1152 2124 26.

257 2142 480 2186 Suffectus
515 2139 662 2183 est.L.
691 2137 820 2181 Seius
843 2137 1046 2181 Tubero.
1089 2138 1152 2182 cf.

259 2199 443 2244 Gruter.
468 2197 670 2255 inscript.
690 2196 760 2246 26,
784 2196 828 2239 9.

316 2255 593 2311 Nicopolim.
655 2253 716 2298 cf.
742 2253 851 2299 infr.
876 2257 914 2305 5,
939 2254 1005 2298 10.
1035 2253 1155 2297 Plin.

290 2348 366 2416 ’in
398 2369 650 2413 Dalmatia
680 2377 862 2423 agente.
934 2369 992 2414 cf.
1031 2360 1154 2428 supr.

259 2447 299 2475 c.
336 2428 408 2472 44.
466 2427 716 2470 Delmatia
761 2428 863 2471 cod.
906 2427 1007 2476 MS,
1053 2427 1154 2470 edd.

260 2486 478 2547 quaedam
507 2492 695 2528 recentt.
720 2485 925 2551 interque
948 2502 1019 2528 eas
1042 2483 1155 2527 Bek-

1221 1908 1299 1951 liis
1336 1911 1554 1963 Neptuno
1596 1926 1652 1954 ac
1682 1912 1834 1957 Marti
1869 1929 2124 1961 consecra-

1223 1967 1303 2011 vit.
1362 1966 1456 2019 Dio
1482 1967 1552 2017 51,
1575 1970 1615 2013 1.

1282 2032 1333 2067 ut
1355 2027 1639 2069 memoravi.
1696 2025 1833 2085 Supr.
1857 2045 1899 2075 c.
1922 2032 1996 2076 43.

1282 2089 1444 2125 vetera
1489 2098 1686 2126 suorum
1722 2087 1864 2141 facta
1907 2090 2123 2147 dictaque

1223 2140 1563 2196 praeferentes.
1626 2141 1772 2185 Facta
1803 2145 2015 2203 dictaque
2042 2165 2121 2193 so-

1229 2196 1392 2240 lemnis
1416 2207 1481 2241 est
1502 2198 1714 2252 formula,
1739 2216 1824 2258 qua
1848 2204 2124 2262 significatur

1229 2254 1377 2298 omnis
1434 2254 1623 2299 alicuius
1683 2274 1730 2301 se
1779 2261 1961 2315 gerendi
2009 2265 2122 2309 ratio

1232 2311 1428 2367 (Worte
1475 2317 1572 2355 und
1622 2310 1827 2373 ere).
1887 2319 1946 2362 cf.
1996 2337 2120 2380 supr.

1228 2384 1270 2415 c,
1300 2370 1372 2412 28.
1403 2378 1654 2427 cunctaque
1683 2373 1779 2417 eius
1807 2376 1936 2419 dicta
1952 2377 2125 2434 facta-

1229 2442 1316 2483 que
1350 2443 1457 2470 cum
1488 2431 1738 2482 prohibere
1775 2441 1954 2489 posset,
2005 2438 2124 2480 scire

1228 2487 1462 2536 malebam
1491 2486 1531 2535 3,
1553 2486 1624 2529 65.
1651 2495 1787 2544 utque
1802 2493 1968 2544 pravis
1989 2495 2125 2538 dictis

258 2544 380 2592 keri‚
411 2550 454 2586 et
480 2541 544 2586 sie
561 2557 690 2600 saepe
713 2558 892 2585 nummi
917 2551 959 2586 et
990 2542 1157 2599 lapides
1213 2541 1455 2599 factisque
1473 2558 1537 2586 ex
1553 2546 1832 2599 posteritate
1857 2555 1902 2590 et
1920 2550 2123 2607 infamia

260 2611 303 2648 et
316 2600 451 2646 MSS.
513 2598 682 2643 Contra
705 2600 804 2643 edd.
821 2599 1026 2643 Beroald.
1042 2599 1157 2642 Rhe·

260 2676 367 2704 nan.
410 2673 510 2716 sqq.
568 2656 846 2713 Dalmatia,
899 2657 963 2699 uti
1010 2656 1157 2699 editur

181 2734 189 2747 ¹
260 2717 375 2762 Hist.
399 2717 437 2768 1,
462 2716 532 2759 76.
567 2714 607 2766 2,
630 2717 697 2757 11.
721 2714 791 2757 86.
827 2723 870 2758 et
903 2714 1006 2757 alibi
1038 2730 1157 2757 con-

261 2790 393 2820 sensu
405 2806 417 2824 ,
442 2781 492 2816 ut
506 2771 708 2824 videtur,
730 2772 950 2816 librorum
966 2770 1154 2816 MSSto-

261 2849 381 2876 rum.
459 2829 599 2887 Igitur
634 2829 910 2873 constantiae
947 2845 1076 2874 causa
1112 2837 1156 2872 et

261 2891 334 2934 hic
355 2887 591 2933 scribimus
604 2888 871 2943 Dalmatia,
894 2902 1154 2945 quanquam

260 2947 367 2990 infr.
399 2946 439 2998 3,
463 2947 506 2990 9.
544 2945 647 2989 cod.
681 2944 785 2989 MS.
822 2944 987 2989 iterum
1019 2945 1154 2989 habet

261 3005 543 3048 Delmatico.

318 3068 531 3104 sacratas
562 3062 621 3103 ab
643 3061 853 3114 Augusto
885 3059 1152 3103 manubias.

261 3117 323 3164 ef.
346 3118 531 3161 sueton.
553 3135 592 3162 c.
618 3118 684 3160 18.
722 3118 914 3174 Quoque
941 3118 1159 3159 Actiacae

262 3176 484 3219 victoriae
522 3177 753 3218 memoria
796 3176 1065 3218 celebratior
1109 3174 1159 3215 in

262 3240 502 3290 posterum
537 3240 686 3287 esset,⁸
719 3234 878 3275 urbem
898 3232 1157 3285 Nicopolim

265 3292 394 3344 apud
425 3290 608 3332 Actium
651 3291 877 3339 condidit,
932 3292 1155 3345 ludosque

265 3349 360 3391 illic
391 3345 766 3415 Quinquennales
802 3347 1066 3389 constituit:
1109 3353 1153 3387 et

1227 2607 1378 2662 metus
1396 2600 1486 2652 sit;
1521 2602 1563 2653 4,
1586 2601 1657 2644 37.
1691 2605 1774 2659 qui
1799 2607 1962 2648 omnia
1979 2609 2123 2665 facta

1225 2658 1438 2712 dietaque
1468 2660 1562 2701 eius
1594 2661 1686 2702 vice
1717 2664 1828 2717 legis
1861 2666 2123 2718 obser-veum·

1225 2716 1268 2766 6,
1301 2715 1371 2756 24.
1406 2716 1680 2772 recitarique
1696 2718 1941 2773 factorum
1959 2725 2125 2767 ,dicto-

1225 2785 1424 2828 rumque
1438 2775 1537 2816 eius
1557 2777 1795 2830 descripta
1807 2793 1894 2831 per
1916 2782 2010 2824 dies
2031 2782 2123 2826 ius·

1224 2830 1310 2880 sit,·
1351 2830 1418 2881 16,
1443 2831 1511 2874 18.
1544 2847 1600 2874 ac
1626 2834 1752 2877 dicta
1769 2834 2003 2894 factaque
2024 2841 2126 2884 eius

1226 2894 1405 2943 quanto
1434 2892 1664 2932 solutiora
1694 2899 1778 2935 etc.
1850 2893 1963 2938 Hist.
1984 2895 2026 2947 4,
2051 2895 2122 2942 82.

1228 2949 1396 2987 eadem
1444 2949 1568 2989 dicta
1603 2948 1844 3005 factaque.
1935 2952 2123 2999 sueton.

1229 3001 1335 3046 Oct.
1364 3005 1482 3047 e.12.
1512 3008 1635 3046 dicta
1654 3008 1792 3061 jacta
1823 3024 1880 3051 ue
1909 3026 2123 3067 quorun-

1226 3063 1340 3102 dam
1382 3064 1711 3106 calumniatus.
1825 3066 1969 3111 allust.
2006 3067 2122 3113 Hist.

1227 3118 1391 3175 fragm.
1426 3119 1470 3163 3.
1515 3121 1580 3161 At
1611 3120 1867 3174 Pompeius
1900 3139 1933 3165 a
1961 3128 2123 3179 prima

1228 3178 1539 3218 adolescentia
1551 3179 1818 3229 Alexandri
1819 3180 1963 3235 facta
1978 3174 2122 3226 dicta·

1228 3247 1314 3288 que
1349 3236 1561 3276 aemulus
1596 3243 1716 3278 erat.
1785 3236 1859 3282 Sic
1891 3239 1986 3283 aliis
2019 3257 2122 3285 sex-

1225 3290 1366 3334 centis
1401 3290 1527 3334 locis.
1567 3290 1659 3336 vid.
1697 3301 1741 3336 et
1770 3302 1866 3338 not.
1901 3297 1956 3339 ad
1987 3299 2023 3348 l,
2050 3301 2119 3343 10.

1222 3351 1281 3389 de
1313 3349 1475 3389 habitu
1510 3352 1738 3406 cultuque.
1822 3352 1914 3396 lam
1954 3355 2126 3399 Graeci

265 3407 499 3460 amplzato
530 3411 683 3446 vetere
711 3405 945 3471 Apollinis
980 3406 1150 3458 templo
1223 3413 1591 3447 veterasuorum
1602 3408 1743 3461 sacta
1756 3411 1970 3467 dictaque
1981 3428 2118 3467 prae-

266 3465 416 3504 locum
450 3468 735 3512 castrorum,
793 3463 952 3516 quzbus
981 3461 1150 3516 suerat
1207 3463 1430 3519 serentes
1461 3472 1563 3505 sunt
1589 3463 1750 3509 Graeci
1781 3467 1966 3533 antiquo
1989 3486 2119 3515 more

267 3533 397 3571 usus,
438 3525 727 3563 exornatum
758 3519 1004 3561 navalibus
1040 3533 1144 3573 spo·

1223 3535 1267 3567 se
1295 3520 1343 3563 in
1370 3519 1630 3578 excipiendo
1654 3521 1926 3570 Germanico
1955 3541 2119 3586 geren-
