2222 4030
194 164 330 205 ⁸:¹50·
337 166 423 203 373.

195 210 251 248 B.
267 207 316 248 C.
358 211 409 243 20

613 166 927 247 mum.
987 167 1317 234 CAP.18.
1358 173 1455 234 19.
1593 161 1669 227 ³
1837 171 1980 231 253

30 369 40 377 ,
110 316 377 362 veterum
400 298 671 368 revolvo,
710 311 876 358 tanto
902 298 1087 372 magis
1107 298 1368 357 ludibria
1394 321 1598 360 rerum
1626 299 1968 360 mortalium

112 390 337 447 cunctis
388 388 454 444 in
509 385 763 459 negotiis
817 385 1220 444 obversantur.
1326 387 1545 462 quippe
1597 378 1787 458 fama.
1847 403 1969 463 spe,

110 475 490 531 veneratione
522 471 722 548 potius
756 490 962 527 omnes
994 463 1442 528 destinabantur
1467 472 1749 548 imperio,
1790 491 1970 549 quam

110 580 287 637 quem
308 561 578 616 fumrum
596 555 924 631 principem
946 556 1184 613 fortuna
1205 553 1270 611 in
1293 556 1523 613 occulto
1546 559 1800 618 tenebat.
1887 585 1934 618 ῃ»

281 653 446 713 ΧΙΧ.
530 650 743 709 Paucis
781 662 916 726 post
963 651 1171 709 diebus
1221 648 1439 708 Caesar
1483 665 1688 710 auctor
1739 653 1970 711 senatui
2024 725 2034 730 ‚

109 742 226 799 fuit
272 737 518 796 Vitellio
565 749 742 814 atque
777 735 1040 793 Veranio
1092 747 1151 794 et
1193 735 1448 795 Servaeo
1495 740 1818 796 sacerdotia
1860 739 1972 797 tri-

110 825 355 884 buendi.
466 820 740 879 Fulcinio
805 823 1154 895 suffragium
1217 822 1292 879 ad
1347 817 1609 879 honores
1670 824 1973 899 pollicitus

109 910 374 979 monuit,
426 928 501 964 ne
536 907 877 964 facundiam
909 897 1193 964 violentia
1226 908 1653 984 praecipitaret.
1741 907 1799 966 Is
1834 909 1970 978 finis

108 997 224 1054 fuit
276 995 611 1053 ulciscenda
666 991 1011 1051 Germanici
1077 1003 1297 1063 morte,
1372 1013 1498 1050 non
1562 994 1744 1051 modo
1810 995 1968 1070 apud

110 1083 246 1140 illos
284 1078 588 1149 homines,
642 1078 915 1155 quitum
950 1079 1228 1152 agebant,
1279 1078 1456 1136 etiam
1497 1079 1708 1136 secutis
1745 1090 1974 1155 tempo-

109 1169 276 1224 ribus
338 1165 504 1220 vario
564 1183 805 1220 rumore
864 1164 1092 1223 iactata.
1204 1165 1350 1221 adeo
1395 1165 1653 1222 maxima
1703 1184 1971 1242 quaeque

108 1252 385 1325 ambigua
411 1261 581 1318 sunt,
625 1250 770 1305 dum
805 1249 908 1304 alii
941 1270 1182 1325 quoquo
1223 1251 1403 1307 modo
1439 1250 1639 1307 audita
1667 1270 1775 1326 pro
1808 1271 1972 1308 com-

107 1337 290 1414 pertis
344 1332 593 1404 habent,
659 1334 763 1389 alii
814 1354 953 1389 vera
1014 1334 1079 1388 in
1132 1335 1495 1392 contrarium
1545 1347 1803 1396 vertunt.
1916 1347 1974 1393 et

108 1422 300 1497 gliscit
343 1431 663 1496 utrumque
703 1419 1060 1494 posteritate.
1182 1416 1264 1477 At
1310 1419 1541 1479 Drusus
1585 1422 1737 1478 urbe
1781 1438 1975 1496 egres-

107 1527 208 1566 sus
255 1506 592 1582 repetendis
638 1504 911 1579 auspiciis
967 1525 1106 1560 mox
1146 1526 1331 1563 ovans
1367 1506 1615 1566 introiit.
1723 1527 1974 1583 paucos-

107 1614 222 1671 que
247 1603 382 1668 post
402 1591 527 1648 dies
552 1589 838 1665 Vipsania
875 1600 1064 1646 mater
1103 1591 1228 1667 eius
1251 1593 1518 1663 excessit,
1556 1612 1678 1650 una
1701 1593 1973 1652 omnium

107 1678 407 1753 Agrippae
461 1677 787 1733 liberorum
839 1675 972 1731 miti
1024 1675 1210 1736 ohim.
1320 1698 1461 1734 nam
1514 1689 1735 1737 ceteros
1776 1679 1979 1745 mani-¹

105 1765 322 1821 festum
384 1762 543 1819 ferro
608 1761 704 1818 vel
760 1759 1052 1817 creditum
1112 1774 1198 1820 est
1250 1783 1480 1821 veneno
1537 1773 1640 1822 aut
1679 1763 1838 1831 fame
1874 1759 1975 1822 ex-

108 1850 371 1910 stinctos.

166 2071 279 2118 CAP.
314 2072 382 2116 19.
452 2073 709 2116 ulciscenda
748 2072 805 2116 G.
837 2080 1004 2116 morte.

106 2129 203 2176 cur
252 2146 346 2174 non
398 2131 683 2174 ulciscendae
727 2132 894 2174 mortis
933 2129 1005 2174 vel

107 2190 287 2232 morli?
339 2188 417 2233 Sic
439 2187 754 2232 vutiGuniher
773 2189 820 2231 in
837 2187 1004 2231 Athen.

109 2245 199 2290 vol.
225 2246 282 2290 ΙΙ.
333 2263 421 2290 asc.
439 2247 479 2289 2.
513 2262 556 2302 p.
576 2246 695 2303 278.)
750 2246 871 2302 Quia
895 2246 1005 2288 haec

107 2304 259 2348 forma
280 2301 402 2347 aliud
425 2304 532 2361 quid
549 2304 698 2355 edicit,
723 2319 857 2363 quam
880 2302 1001 2362 quod

106 2361 194 2407 sibi
217 2361 311 2406 vuit
333 2371 509 2405 auctor.
570 2361 776 2420 Namque
799 2362 900 2404 sinis
926 2364 1003 2403 ul-

107 2421 343 2464 ciscendae
371 2422 536 2462 mortis
560 2419 624 2463 vet
656 2421 805 2462 morti
827 2417 1002 2478 signifi-

107 2486 205 2523 at:
236 2476 455 2520 unionem
480 2492 573 2520 non
600 2476 716 2520 ultra
753 2493 846 2521 esse
881 2493 1005 2521 exse-

106 2544 251 2586 cutos,
282 2550 423 2592 quum
447 2534 722 2593 potuissent3
748 2537 1007 2578 ulciscenda

106 2601 261 2636 morte
311 2601 487 2651 tempus
541 2592 731 2644 indicat,
791 2604 1004 2651 tanquam

70 2670 79 2684 ·
106 2651 327 2695 scriberes
380 2666 482 2692 eum
533 2650 668 2694 fuisse
711 2650 848 2693 sunem
893 2659 1006 2698 tum,

108 2722 249 2766 quum
302 2706 360 2750 G.
416 2715 610 2750 mortem
661 2706 1005 2755 ulciscerentur,

107 2766 178 2809 vei
220 2766 278 2807 ita
318 2764 372 2808 ad
411 2763 547 2807 finem
598 2765 861 2822 perductam
910 2779 1005 2807 esse

108 2823 333 2867 actionem
371 2821 426 2864 de
462 2821 716 2865 ulciscenda
750 2821 808 2865 G.
845 2829 1005 2865 morte.

108 2880 187 2923 Sic
209 2878 322 2922 nist.
342 2880 383 2930 4,
404 2879 477 2922 ⁴6.
511 2880 639 2934 isque
655 2879 771 2935 finis
800 2882 881 2923 :¹110
917 2881 1004 2923 die.

110 2939 198 2982 An.
239 2938 306 2988 14,
333 2937 376 2980 4.
410 2938 505 2979 sive
537 2938 774 2990 explenda
803 2939 1005 2981 simula-

110 2997 250 3039 tione.
324 2994 433 3037 Mox
466 3003 569 3037 ante
605 2996 746 3037 etium
782 2996 1006 3038 omittitur

107 3057 206 3098 sed.
263 3051 323 3096 cs.
350 3062 444 3094 not.
471 3052 525 3094 ad
549 3054 589 3102 4,
613 3051 684 3094 35.

167 3111 349 3153 audita.
408 3109 522 3153 cod.
549 3110 647 3153 MS.
687 3118 731 3153 ct
766 3118 869 3154 vett.
905 3109 1006 3153 edd.

108 3169 299 3219 audin,
326 3167 449 3225 quod
482 3167 738 3210 defenditur·
769 3184 791 3210 a
821 3167 855 3211 Ι.
880 3166 1002 3211 Gro-

110 3225 274 3273 novio,
310 3224 387 3283 qui
420 3225 696 3268 substantive
734 3225 850 3284 capit
879 3234 922 3268 et
944 3225 1003 3268 ita

110 3285 274 3326 oudin
318 3281 507 3349 opponit
556 3283 817 3350 cornperiis.
913 3281 1003 3326 Sed

111 3355 203 3384 non
264 3346 430 3382 oemtct
456 3340 780 3384 emendationis
815 3341 917 3384 inde
938 3340 1004 3382 'ab

111 3398 182 3442 ed.
228 3396 466 3456 ,ryphiana
490 3397 709 3454 vulgatae.
766 3398 1007 3442 liet-ruian-

113 3470 198 3498 nus
230 3470 376 3513 nuper
407 3454 667 3513 proposuiti
711 3458 927 3505 audiere,
958 3462 1005 3496 ut

1075 2080 1224 2116 terum
1246 2072 1307 2118 cf.
1336 2071 1433 2118 Cic.
1457 2073 1583 2118 Fam.
1611 2071 1653 2124 5,
1680 2073 1720 2117 5.
1745 2072 1828 2117 Ex
1848 2072 1976 2118 'mul-

1077 2133 1135 2173 tis
1172 2132 1356 2174 audivi.-
1410 2147 1530 2174 nam
1572 2132 1848 2188 comperisse
1897 2148 1975 2178 me

1075 2203 1172 2231 non
1189 2193 1343 2232 audeo
1364 2190 1534 2233 dicere.

1133 2248 1403 2303 repetendis
1468 2247 1702 2303 auspiciis.
1793 2245 1975 2292 Urbem

1075 2304 1304 2363 ingressus
1329 2305 1506 2349 Drusus
1538 2305 1782 2364 imperium
1813 2304 1975 2349 amise-

1076 2371 1172 2415 rau
1202 2363 1357 2406 debuit
1371 2362 1507 2421 igitur
1522 2371 1725 2422 repetere
1739 2362 1975 2419 (ἀνανεοῦ-

1075 2425 1190 2464 σθαι
1210 2419 1293 2471 τὴν
1315 2418 1478 2479 ἀρχήν)
1508 2429 1556 2464 ut
1579 2430 1751 2465 ovaret.
1810 2421 1974 2467 Lucem

1075 2478 1141 2522 rei
1178 2478 1436 2522 adsumtum
1468 2479 1566 2521 Liv.
1586 2479 1658 2528 26,
1679 2478 1723 2523 9.
1783 2478 1875 2523 1)ὶο
1903 2479 1975 2532 58,

1076 2536 1148 2581 32.
1213 2537 1269 2580 ef.
1293 2536 1413 2596 Lips.
1438 2537 1494 2579 ad
1518 2535 1562 2579 h.
1590 2536 1618 2579 Ι.
1918 2549 1921 2554 ’

1139 2595 1387 2650 Vipsania.
1446 2592 1524 2636 Sic
1553 2593 1654 2637 edd.
1689 2601 1790 2638 vett.
1826 2600 1872 2637 et
1896 2610 1973 2639 re-

1078 2661 1218 2697 eentt.
1299 2652 1561 2706 Vipscam'a
1594 2651 1696 2695 cod.
1729 2651 1828 2696 MS.
1871 2659 1972 2698 test.

1079 2710 1168 2754 lac.
1189 2709 1402 2753 Gronov.

1136 2775 1325 2811 eeteros.
1384 2764 1544 2811 Caium
1569 2774 1613 2811 et
1634 2766 1827 2811 Lucium
1849 2782 1973 2826 supr.

1081 2827 1119 2874 1,
1153 2824 1196 2869 3.
1278 2823 1547 2868 Postumum
1583 2825 1829 2885 Agrippam
1863 2824 1976 2871 ibid.

1078 2899 1120 2927 c.
1150 2882 1195 2926 6.
1268 2882 1306 2925 Α
1341 2881 1567 2941 rippinam
1605 2880 1712 2926 infr.
1743 2882 1787 2930 6,
1816 2883 1905 2928 25³.
1928 2891 1972 2927 et

1077 2939 1234 2984 lutiam
1262 2941 1304 2986 4.
1359 2942 1420 2989 1..
1454 2939 1500 2983 in
1523 2938 1652 2984 cuius
1684 2948 1832 2985 morte
1863 2939 1973 2994 ferri

1076 3006 1149 3041 aut
1176 2997 1332 3040 veneni
1355 2995 1482 3042 nulla
1503 2995 1687 3057 quidem
1710 2996 1760 3041 fit
1779 2998 1975 3053 menti03

1076 3065 1118 3098 at
1146 3054 1262 3098 fame
1290 3053 1508 3114 omnique
1532 3053 1712 3105 miseria
1741 3055 1971 3100 excrucia-

1077 3122 1166 3155 tam
1202 3112 1365 3156 obiisse
1391 3113 1436 3156 in
1474 3110 1624 3158 exsilio
1659 3111 1758 3172 quis
1792 3113 1971 3158 dubita-

1076 3171 1173 3215 bit?
1235 3169 1351 3213 Vixit
1378 3170 1505 3237 ‘enim
1532 3184 1619 3231 ope
1641 3172 1868 3229 Augustae
1892 3187 1970 3215 su-

1077 3235 1287 3276 stentata,
1317 3242 1390 3271 cui
1414 3226 1460 3271 in
1483 3236 1676 3272 extrema
1702 3236 1798 3271 tum
1830 3236 1973 3272 aetate

1078 3286 1261 3344 paulum
1297 3284 1526 3329 remissam
1550 3301 1647 3330 eam
1675 3301 1830 3329 cui-am
1855 3285 1972 3331 haud

1077 3342 1270 3387 absurde
1326 3343 1598 3402 putabimus.
1681 3343 1788 3386 Mitt
1836 3342 1973 3402 igitur

1078 3401 1207 3443 obitu
1247 3400 1485 3445 decessisse
1525 3417 1617 3444 non
1659 3400 1821 3458 poterit
1866 3400 1972 3446 dici.

1079 3457 1197 3501 Hinc
1213 3473 1316 3513 non
1341 3466 1454 3511 erat,
1493 3459 1613 3517 quod
1640 3457 1812 3525 Lipsius
1833 3457 1970 3504 Taci-

112 3513 170 3557 ita
190 3527 369 3570 quoquo
392 3513 447 3556 sit
470 3527 554 3572 pro
570 3529 856 3569 quoeunque.
923 3512 1004 3556 Ce-
1031 3519 1048 3550 ⁸
1077 3523 1173 3559 tum
1198 3525 1403 3574 argueret
1427 3517 1767 3561 inconstantiae.
