2222 4030
1808 183 1860 220 A.
1875 184 1929 221 U.
1948 184 2031 220 772.

1807 230 1860 265 A.
1879 227 1926 266 C.
1969 230 2028 264 19.

267 188 385 247 194
927 183 1443 246 ANNALIUM

323 349 347 373 t·
427 312 676 374 LXVII.
745 312 989 374 Flaccus
1025 316 1090 372 in
1113 311 1432 372 Thraciam
1457 324 1848 386 transgressus
1879 339 1986 394 per
2020 319 2118 375 i'n-

260 402 454 478 gentia
480 400 770 476 prOmissa
790 401 1057 478 quamvis
1083 401 1424 472 ambiguum
1458 410 1515 455 et
1549 399 1767 457 scelera
1802 422 1903 459 sua
1937 425 2118 479 repu-

259 500 482 548 tantem
502 538 506 540 .
530 486 814 561 perpulit·,
867 498 935 543 ut
974 485 1267 561 praesidia
1313 483 1586 541 Romana
1632 484 1892 546 intraret.
2002 490 2118 546 cir-

218 589 231 594 ”
262 573 532 630 cumdata
558 567 698 627 hinc
719 571 842 645 regi
863 572 1050 647 specie
1074 567 1319 625 honoris
1347 570 1544 625 valida
1577 590 1813 627 manus:
1858 573 2118 629 tribuni-

261 678 374 735 que
409 668 468 713 et
496 657 866 713 centuriones
899 655 1225 724 monend0‚
1271 655 1570 711 suadendo
1602 668 1686 725 et,
1730 668 1949 733 quanto
1982 659 2119 714 lon-

261 744 390 817 gius
417 742 875 811 ,abscedebatum
940 739 1229 814 apertiore
1274 740 1566 809 custodia,
1635 753 1931 816 postremo
1974 762 2120 817 gna-

257 848 394 886 rum
416 826 773 883 necessitatis
797 827 861 881 in
886 826 1096 881 urbem
1127 835 1371 883 traxere.
1456 820 1778 883 Accusatus
1812 828 1877 883 in
1913 839 2120 885 senatu

259 914 334 970 ab
383 920 564 969 uxore
601 910 803 988 Cotyis
847 911 1190 978 damnatur,
1240 921 1309 966 ut
1342 910 1551 985 procul
1583 918 1764 984 regno
1802 920 2118 974 teneretur.

260 991 517 1055 Thracia
555 997 619 1052 in
645 993 1110 1054 Rhoemetalcen
1142 994 1361 1063 filium,
1418 1014 1594 1069 quem
1628 998 1887 1070 paternis
1925 999 2120 1054 consi-

257 1083 356 1140 liis
387 1084 769 1154 *adversatum
806 1080 1135 1147 constabat,
1191 1079 1372 1156 inque
1406 1080 1623 1136 liberos
1656 1078 1859 1158 Cotyis
1900 1083 2122 1139 dividi-

257 1170 382 1226 tur:
437 1167 623 1243 iisque
675 1166 946 1221 nondum
994 1163 1212 1221 adultis
1245 1163 1662 1222 Trebellienus
1704 1164 1900 1223 Rufus
1950 1188 2123 1243 prae-

225 1249 390 1311 ⁴tura
422 1253 657 1308 functus
680 1251 896 1319 datur,
955 1250 1059 1326 qui
1091 1269 1341 1323 regnum
1383 1249 1624 1306 interim
1666 1262 1971 1322 tractaret,
2024 1273 2124 1308 ex-

260 1338 453 1413 emplo
495 1357 610 1412 quo
646 1335 896 1392 maiores
930 1333 1205 1392 Marcum
1232 1333 1526 1410 Lepidum
1555 1333 1880 1400 Ptolemaei
1919 1337 2124 1394 liberis

257 1435 514 1482 tutorem
555 1421 620 1476 in
661 1415 997 1498 Aegyptum
1034 1420 1335 1480 miserant.
1422 1416 1825 1496 Rhescuporis
1863 1409 2124 1479 Alexan-

259 1509 448 1566 driam
487 1508 759 1564 devectus
788 1518 961 1584 atque
989 1506 1111 1562 illic
1136 1507 1336 1579 fugam
1363 1516 1595 1563 tentans
1619 1527 1697 1563 an
1718 1507 1850 1563 ficto
1878 1509 2124 1565 crimine

261 1592 628 1650 interficitur.

425 1726 705 1788 LXVIII.
789 1727 905 1785 Per
937 1729 1097 1784 idem
1131 1740 1364 1805 tempus
1390 1727 1705 1800 VononeS,
1748 1751 1925 1807 quem
1958 1752 2125 1789 amo-

260 1828 387 1874 tum
421 1816 488 1872 in
523 1812 795 1872 Ciliciam
836 1815 1190 1884 memoravi,
1257 1815 1549 1890 corruptis
1595 1816 1935 1873 custodibus
1975 1818 2127 1875 effu-

260 1921 393 1976 gere
443 1902 518 1958 ad
554 1894 903 1970 ArmeniOS,
970 1899 1109 1955 inde
1153 1901 1218 1956 in
1258 1895 1527 1957 Albanos
1562 1898 2038 1980 Heniochosque.
2069 1915 2127 1961 et

265 1986 770 2060 consanguineum
793 1985 909 2041 sibi
939 2005 1136 2059 regem
1164 1982 1516 2063 Scytharum
1539 1998 1781 2043 conatus
1807 1999 1908 2047 est.
1995 2008 2126 2063 spe-

262 2072 348 2129 cie
382 2071 642 2128 venandi
674 2071 905 2127 omissis
941 2071 1256 2127 maritimis
1288 2071 1433 2127 locis
1472 2072 1602 2128 avia
1639 2072 1896 2130 saltuum
1931 2074 2125 2149 petiit:

309 2286 436 2336 ΟΜ).
469 2289 541 2334 67.
616 2290 860 2344 praesidia
915 2291 1159 2335 Romana.
1290 2288 1401 2334 CAP.
1415 2291 1486 2334 68.
1524 2291 1804 2335 memoravi.
1845 2291 1979 2351 Supr.
2005 2308 2044 2337 e.
2060 2293 2131 2340 58.

263 2344 448 2408 Duplici
482 2346 656 2390 ratione
693 2346 930 2400 dicuntur,
981 2357 1031 2391 ut
1072 2348 1162 2393 sint

263 2413 339 2451 aut
369 2402 535 2449 milites
568 2403 777 2462 praesidii
814 2421 945 2448 causa
987 2406 1034 2449 in
1074 2405 1160 2449 ali-

266 2479 358 2522 quo
378 2463 480 2506 loco
502 2460 659 2521 positi,
690 2469 767 2505 aut
782 2461 875 2519 ipsa
900 2462 1024 2514 loca,
1057 2463 1162 2521 qui-

264 2523 350 2565 bus
373 2519 527 2578 copiae
548 2518 747 2576 insident
766 2519 1163 2578 (ΜίΙίἰᾶι-ρῖᾶἰιε),

266 2577 390 2638 quod
417 2577 490 2622 hic
513 2576 701 2622 obtinet.

286 2675 290 2681 ·
326 2649 676 2693 abscedebatur.
753 2646 856 2692 Hoc
898 2647 1097 2691 Pichena
1138 2664 1162 2691 e

271 2707 372 2752 cod.
396 2705 501 2748 MS.
523 2705 730 2748 restituit.
790 2705 997 2749 Beroald.
1019 2705 1163 2749 Rhen.

270 2780 366 2824 sqq.
389 2762 624 2806 ediderant
645 2763 933 2807 abscedebat.

326 2834 372 2877 T
367 2834 656 2877 rebellienus.
696 2831 808 2876 Edd.
821 2832 1028 2876 Beroald.
1039 2833 1162 2877 Rhe-

270 2907 375 2936 nan.
408 2891 511 2934 Ald.
544 2890 668 2947 Lips.
690 2890 813 2934 1574.
851 2891 1164 2935 Trebellenus.

272 2949 361 2992 Sed
384 2948 490 2991 infr.
513 2947 554 2997 3,
577 2947 646 2991 38.
671 2955 712 2991 et
734 2948 775 3000 6,
795 2947 864 2992 39.
891 2948 1030 2991 iidem
1059 2948 1164 2992 libri

271 3005 438 3049 habent
460 3005 798 3056 Trebellienus,
833 3006 896 3049 uti
928 3005 1164 3057 debebant,

273 3062 409 3120 idque
457 3062 563 3107 huic
614 3063 717 3107 loco
765 3063 1000 3107 reddidere
1042 3063 1164 3123 Lips-

274 3137 295 3164 s
359 3152 371 3163 .

297 3135 394 3248 (131.
417 3202 648 3257 Lepidum
671 3235 707 3247 ..
733 3211 954 3247 tutorem.
1013 3203 1165 3248 Valer-

274 3261 397 3308 Max.
417 3261 514 3313 6,6,
529 3264 568 3304 1.
600 3261 753 3306 lustin.
767 3261 838 3310 30,
851 3261 892 3305 3.
925 3261 1014 3305 Res
1034 3261 1168 3306 etiam

275 3334 469 3362 nummo
507 3318 642 3363 clara.
731 3319 790 3364 cf.
833 3319 1068 3362 Broterius
1111 3318 1167 3362 ad

275 3375 418 3421 ΒΛ.-

335 3433 538 3503 tentans.
599 3458 676 3502 Sic
706 3458 806 3503 edd.
830 3460 1031 3504 Rhenan.
1066 3475 1165 3517 sqq.

278 3526 513 3573 temptans
535 3517 604 3559 ed.
623 3515 835 3559 Beroald.
859 3535 861 3537 ’

1232 2347 1418 2392 sueton.
1443 2348 1544 2393 Tib.
1576 2366 1615 2394 c.
1635 2349 1707 2394 49.

1293 2446 1492 2500 effugere
1524 2449 1589 2490 ad
1615 2450 1773 2498 Arm„
1804 2447 1912 2490 inde
1942 2447 1990 2489 1⁰n
2021 2449 2128 2494 Alb.

1234 2504 1502 2562 Wopkens.
1534 2504 1701 2547 frustra
1736 2511 1875 2547 tentat
1904 2506 2009 2548 inde
2037 2508 2126 2550 Al·-

1233 2563 1405 2609 banos,
1436 2569 1486 2603 ut
1508 2561 1649 2604 valeat
1671 2560 1816 2604 adhue
1839 2564 1918 2605 od.
1978 2562 2127 2607 Immo

1232 2621 1300 2660 ad
1321 2622 1456 2660 Arm.
1491 2617 1532 2660 h.
1564 2634 1602 2661 e.
1635 2622 1702 2661 ad
1724 2622 1952 2673 populum
1974 2621 2128 2671 Arm„

1236 2684 1394 2719 contra
1418 2674 1465 2716 in
1485 2677 1589 2720 Alb.
1612 2675 1654 2719 h.
1679 2679 1718 2719 e.
1747 2676 1794 2719 in
1824 2676 2059 2735 regionem
2092 2695 2128 2724 s.

1233 2741 1402 2776 terram
1424 2732 1532 2776 Alb.

1765 2829 1880 2874 Edd.
1914 2837 2022 2876 vett.
2051 2832 2128 2876 in-

1235 2894 1511 2946 terpungunt
1532 2895 1633 2947 post
1649 2890 1856 2930 venandi
1871 2897 2004 2946 atque
2020 2889 2130 2936 haec

1234 2947 1417 2988 trahunt
1450 2946 1504 2988 ad
1533 2942 1863 3004 praecedentia.
1919 2945 2129 2992 Acidalio

1234 3001 1448 3046 suadente
1483 3002 1757 3062 posteriores
1795 3003 1987 3047 editores
2023 3004 2130 3049 inde

1236 3075 1260 3102 a
1285 3060 1427 3102 Berne
1459 3077 1499 3119 g.
1524 3061 1638 3103 bene
1661 3059 1989 3104 transtulerunt
2009 3077 2132 3120 pun-

1237 3124 1377 3160 ctum.
1431 3077 1469 3162 ξ.
1497 3117 1573 3161 Fr.
1599 3116 1858 3160 Gronovius
1890 3119 2006 3162 male
2038 3118 2128 3163 im-

1289 2831 1440 2883 specie
1470 2830 1686 2873 venandi.

1237 3182 1408 3232 pugnat
1440 3175 1624 3218 verbum
1664 3182 1736 3216 est
1773 3182 1875 3232 post
1918 3184 2128 3230 conatus,

1237 3241 1288 3274 ut
1321 3239 1440 3274 totus
1470 3231 1596 3274 locus
1637 3231 1779 3290 usque
1818 3232 1872 3275 ad
1907 3234 2044 3288 petiit
2078 3234 2137 3279 in-

1236 3304 1373 3331 unam
1399 3296 1525 3332 coeat
1542 3289 1806 3346 periodum,
1866 3306 1920 3333 ua
1943 3290 2009 3334 nil
2034 3291 2128 3335 lan·

1237 3345 1414 3405 gnidius
1443 3354 1574 3404 atque
1606 3305 1950 3391 intolerabilius.
2012 3348 2129 3393 Cave

1235 3419 1292 3446 ne
1305 3402 1448 3447 Taciti
1467 3404 1692 3449 brevitatis
1704 3405 1904 3449 studium
1923 3421 2128 3462 perverse

1233 3460 1540 3528 interpreteris
1564 3471 1608 3506 et
1629 3461 1678 3510 in
1706 3462 2023 3506 detrimentum
2054 3463 2127 3507 d»-

1235 3526 1430 3575 guttans.
