2222 4030
2167 0 2222 155 l

1821 187 1860 220 A
1887 185 1942 220 U.
1959 182 2042 226 776,

1823 227 1940 264 A.·C.
1980 231 2040 264 23.

944 185 1450 247 ANNALIUM

439 314 551 377 ΙΙΙ.
591 316 868 374 Ceterum
890 316 1063 392 plena
1087 307 1403 374 Caesarum
1426 315 1656 385 domus,
1692 316 1923 376 iuvenis
1946 322 2124 391 filius,

269 413 514 479 nepotes
543 399 760 472 adulti,
817 421 1046 460 moram
1082 400 1295 476 cupitis
1342 401 1703 460 adferebant.
1800 414 1858 459 et
1890 406 2029 481 quia
2060 408 2124 462 vi

272 499 361 544 tot
395 486 571 544 simul
606 487 900 563 corripere
935 489 1224 554 intutum,
1280 484 1455 542 dolus
1489 486 1800 544 intervalla
1844 490 2125 547 scelerum

269 573 574 648 poscebat,
636 573 857 651 placuit
904 586 1102 630 tamen
1138 571 1423 627 occultior
1460 571 1557 627 via
1591 583 1648 627 et
1682 594 1716 628 a
1745 571 1940 631 Druso
1973 576 2124 632 inci-

271 677 440 732 pere,
482 659 549 715 in
577 678 752 736 quem
785 658 1006 716 recenti
1042 657 1130 712 ira
1159 657 1474 716 ferebatur.
1559 654 1715 714 Nam
1737 656 1968 716 Drusus
2010 662 2126 716 im-

270 741 499 818 patiens
519 744 736 801 aemuli
763 755 818 800 et
842 743 1037 799 animo
1064 743 1415 798 commotior
1439 752 1569 798 orto
1608 743 1760 799 forte
1799 743 1997 818 iurgio
2028 746 2126 801 in-

270 822 537 887 tenderat
567 828 783 887 Seiano
825 847 1035 884 manus
1085 839 1140 884 et
1179 838 1382 883 contra
1411 828 1706 884 tendentis
1742 849 1810 885 os
1849 832 2126 888 verbera-

270 925 453 974 verat.
541 912 728 988 Igitur
763 922 970 970 cuncta
1002 911 1255 969 tentanti
1287 912 1796 987 promptissimum
1824 916 2020 972 visum
2049 918 2123 972 ad

269 1018 511 1057 uxorem
543 1000 668 1056 eius
700 997 936 1055 Liviam
967 1008 1336 1066 convertere,
1379 1017 1530 1073 quae
1563 1016 1731 1053 soror
1766 997 2125 1071 Germanici,
2220 1067 2222 1071 ¹

267 1084 492 1140 formae
510 1085 679 1140 initio
705 1083 907 1140 aetatis
934 1082 1272 1151 indecorae,
1315 1102 1451 1138 mox
1476 1078 1921 1156 pulchritudine
1952 1105 2126 1160 prae-
2207 1100 2218 1135 .‘

268 1169 527 1228 cellebat.
614 1165 767 1224 hanc
801 1179 870 1224 ut
896 1189 1095 1225 amore
1128 1167 1401 1223 incensus
1440 1167 1730 1224 adulterio
1765 1170 2027 1243 pellexit:
2068 1183 2127 1229 et

266 1266 577 1331 postquam
603 1252 786 1329 primi
807 1253 1017 1327 flagitii
1047 1253 1268 1328 potitus
1305 1263 1390 1309 est
1426 1248 1646 1328 (neque
1669 1254 1890 1313 femina
1914 1256 2125 1313 amissa

268 189 395 251 294

2216 604 2217 608 Α
2215 582 2217 586 -
2207 468 2222 567 -ψῖε>..4
2203 374 2222 430 ...3-
2210 327 2222 358 2?
2209 259 2222 315 cn*
2204 206 2216 222 'r
2204 151 2222 184 ἢ*

1286 1489 1555 1531 intenderat
1595 1487 1647 1531 S.
1696 1504 1883 1534 manus.
1974 1489 2126 1534 Miror

1228 1545 1462 1590 neminem
1484 1546 1783 1605 interpretum
1808 1547 1942 1592 ivisse
1966 1555 2126 1591 contra

1228 1602 1366 1662 Lipsii
1410 1611 1456 1646 et
1491 1603 1714 1647 Vertranii
1765 1620 1992 1656 errorem,
2048 1605 2125 1663 qui

324 1487 436 1531 CAP.
470 1486 511 1531 3.
584 1489 834 1544 corripere.
900 1487 957 1532 Η.
994 1505 1032 1531 e.
1063 1496 1157 1531 tra-

265 1540 369 1588 bere
396 1546 443 1588 in
466 1546 736 1604 perniciem,
767 1543 1156 1603 συναρπάζεσθαι.

266 1603 323 1646 cf.
347 1602 388 1652 3,
407 1602 479 1647 49.
515 1604 558 1654 2,
578 1603 646 1646 28.
681 1605 723 1656 4,
749 1605 812 1648 19.
858 1605 924 1656 15,
945 1601 1014 1646 44.
1078 1604 1155 1647 Iu-

264 1661 366 1728 stin:
385 1660 436 1729 3².
450 1662 488 1704 1.
530 1660 773 1719 perperam
794 1662 929 1721 igitur
942 1661 1157 1705 Harlaeus

263 1726 458 1762 coniecit
481 1720 676 1772 eripere.

784 1803 979 1848 Brevitas
1010 1803 1156 1848 Taciti

261 1859 334 1903 hic
355 1868 405 1902 ut
424 1860 679 1928 saepissime
702 1860 860 1905 inutile
885 1860 1156 1904 emendandi

261 1917 457 1960 studium
494 1917 709 1962 excitavit.
787 1918 1001 1962 Harlaeus
1036 1919 1157 1962 enim

262 1983 423 2017 tamen
456 1975 698 2019 delendum
725 1993 819 2020 esse
844 1978 1082 2029 censebat·‚
1119 1976 1154 2019 I.

261 2031 337 2075 Fr.
389 2031 653 2076 Gronovius
706 2034 900 2077 malebat
951 2034 1157 2078 substitui

262 2093 479 2141 tandem,
510 2089 752 2148 Rupertius
783 2092 963 2147 itaque,
993 2091 1155 2149 quibus

262 2146 533 2190 coniecturis
556 2157 599 2190 et
613 2147 810 2192 Rieklefs
833 2149 961 2191 favet.
1006 2150 1154 2192 Aber-

260 2212 363 2246 rant
382 2205 513 2247 etiarn
528 2203 868 2248 strombeckius
888 2215 932 2248 et
945 2205 1155 2250 Hackius.

261 2260 335 2304 Nil
373 2269 523 2304 tamen
564 2263 880 2306 emendatione
922 2281 1032 2320 opus
1072 2273 1155 2307 est.

259 2317 375 2361 Nam
396 2319 498 2376 quia
523 2318 561 2361 vi
584 2327 648 2362 tot
671 2319 804 2362 simul
830 2322 1058 2377 corripere
1082 2321 1153 2364 in-

314 1803 490 1856 placuit
524 1810 703 1847 tamen.

260 2383 409 2419 tutum
453 2384 569 2427 erat,
625 2375 810 2419 Seianus
841 2377 1063 2435 cogitabat
1100 2378 1170 2420 de-

261 2432 394 2486 dolo;
418 2432 548 2476 dolus
579 2442 729 2476 autem
754 2434 980 2477 intervalla
1009 2433 1156 2477 scele-

259 2506 363 2534 rum
383 2490 612 2548 poscebat,
642 2507 780 2549 eaque
806 2490 1036 2535 intervalla
1061 2491 1156 2534 dis-

293 2547 511 2596 licebant,
543 2557 593 2590 ut
625 2548 685 2592 ita
715 2548 831 2591 inter
862 2549 953 2591 vim
990 2557 1032 2592 et
1067 2547 1153 2591 ‹lo-

259 2565 355 2649 sum
377 2605 638 2662 ambigeret.
695 2605 874 2649 Placuit
894 2614 1045 2649 tamen
1070 2623 1151 2648 oc-

261 2661 427 2712 cultior
452 2662 524 2708 via
559 2661 602 2706 h.
628 2679 668 2707 e.
701 2663 846 2706 dolus.
907 2664 971 2708 Ita
1001 2663 1154 2706 omnia

259 2720 375 2763 bene
435 2720 690 2763 cohaerent.
781 2720 939 2764 Solent
993 2720 1154 2778 optimi

259 2777 503 2832 scriptores
550 2777 776 2835 negligere
826 2779 1153 2823 accuratiorem

260 2835 309 2877 in
340 2833 503 2877 talibus
539 2836 887 2891 expositionem,
933 2845 981 2878 ut
1015 2852 1156 2893 quae-

262 2892 365 2935 dam
388 2891 696 2947 intelligantur
717 2893 865 2951 potius
888 2910 1022 2952 quam
1047 2893 1155 2937 scri-

261 2950 437 2991 bantur.
499 2947 568 2993 Cf.
603 2959 700 2994 not.
731 2951 784 2993 ad
813 2951 878 3001 15,
905 2953 942 2994 1.
1002 2951 1155 3008 Inepta

263 3013 326 3046 est
359 3005 550 3063 virgula,
602 3023 734 3062 quam
770 3007 979 3052 Oberlini
1020 3008 1156 3052 editio

262 3061 391 3104 babet
425 3063 541 3106 inter
577 3071 623 3106 et
655 3074 697 3107 et
732 3067 855 3120 quia.
916 3066 1157 3109 Retinuere

264 3126 414 3162 tamen
449 3120 517 3162 Ru
556 3121 661 3174 arti,
699 3121 953 3171 Weikert,
1001 3123 1157 3167 Li'me-

261 3192 420 3223 mann,
537 3177 648 3231 eise,
677 3179 867 3225 Naudet.
928 3180 1052 3224 Bene
1074 3182 1156 3224 de-

261 3233 371 3277 levit
383 3232 625 3278 Bekkerus.
654 3236 1005 3280 Incommodum
1022 3239 1156 3282 etiam

263 3299 357 3333 erat
382 3300 600 3349 punctum
629 3303 733 3336 ante
761 3296 942 3350 placuit
973 3295 1019 3339 in
1053 3296 1154 3338 edd.

251 3349 475 3405 positum.
561 3348 674 3392 Nam
719 3368 744 3394 a
775 3354 955 3406 placuit
1000 3353 1158 3410 incipit

263 3405 485 3462 apodosis.
550 3406 608 3449 cf.
631 3407 767 3451 Roth.
797 3409 845 3451 in
875 3419 1155 3453 commenta-

262 3462 410 3511 tione,
441 3479 553 3520 quae
577 3473 711 3507 exstat
734 3464 779 3507 in
795 3465 989 3512 Seebod.
1005 3468 1158 3510 Neues

260 3521 430 3562 Archiv
452 3529 538 3565 etc.
575 3521 699 3565 1829.
737 3538 807 3564 nr.
824 3524 897 3567 22.

1231 1659 1348 1705 male
1381 1659 1639 1719 intelligunt
1681 1661 1837 1706 locum
1875 1662 1930 1706 de
1966 1661 2125 1705 eadem

1230 1733 1281 1761 re
1316 1717 1433 1776 apud
1465 1716 1666 1762 Dionem
1703 1727 1746 1762 et
1776 1720 2004 1763 Zonaram
2040 1721 2124 1762 ob-

1229 1775 1372 1822 vium.
1430 1774 1544 1818 Nem
1581 1776 1696 1820 ehis
1712 1776 1915 1820 Drusum
1972 1793 2125 1821 ercus-

1229 1849 1332 1877 sum
1369 1832 1458 1876 dici
1492 1849 1516 1876 a
1547 1791 1711 1877 geiano
1748 1834 1904 1878 scribit
1938 1794 1975 1878 l:

1976 1834 2125 1894 ipsius,

1230 1900 1273 1934 et
1306 1890 1464 1933 eadem
1500 1890 1713 1950 opinione
1738 1890 2003 1936 veru-anius
2033 1891 2123 1935 Ta·
2199 1899 2216 1925 <²

1232 1947 1309 1991 citi
1341 1948 1477 1991 verba
1508 1949 1736 1992 mutabat:
1783 1958 1828 1992 et
1857 1952 1932 1994 hic
1959 1957 2126 1994 contra

1231 2005 1463 2048 tendentis
1496 2019 1550 2049 os
1584 2008 1928 2051 verberaverat.

1230 2072 1348 2107 sunt.
1403 2062 1516 2106 Nam
1529 2062 1694 2106 Dionis
1720 2065 1859 2109 verba
1885 2064 1939 2107 de
1959 2065 2122 2122 Seiano

1229 2122 1315 2177 (57,
1337 2119 1425 2176 22.)
1458 2115 1513 2163 τά
1544 2134 1592 2164 τε
1626 2118 1742 2164 ἄλλα
1773 2119 2029 2179 ὑπέρογκος
2063 2123 2125 2175 ἠν
2192 2130 2206 2149 ¹·

1228 2180 1306 2223 καὶ
1354 2179 1480 2228 τέλος
1531 2179 1610 2221 καὶ
1660 2179 1738 2223 ἐπὶ
1789 2179 1871 2223 τὸν
1909 2181 2127 2237 Δροῦσον

1229 2231 1478 2295 ἐτράπετο,
1524 2240 1607 2280 καί
1625 2253 1736 2282 ποτε
1757 2236 1849 2289 πὺξ
1871 2237 1994 2294 αὐτῷ
2024 2239 2127 2282 ἐνέ-

1228 2308 1371 2338 τεινε·
1416 2302 1459 2336 et
1483 2295 1600 2354 apud
1627 2296 1854 2339 Zonaram
1879 2296 2014 2338 verba
2035 2294 2128 2346 πὺξ
2197 2299 2199 2303 ”

1229 2351 1354 2407 αὐτῷ
1399 2352 1600 2401 ἐντείνας
1651 2353 1898 2412 respiciunt
1940 2353 1995 2396 ad
2036 2353 2123 2396 Ta-

1228 2410 1330 2453 citi:
1370 2419 1535 2452 contra
1568 2412 1827 2460 tendentis,
1862 2426 2009 2468 neque
2034 2408 2128 2462 πὺξ

1228 2468 1446 2510 ἐντείνειν
1498 2475 1563 2510 est
1615 2467 1857 2525 colaphum
1908 2467 2125 2525 infligere,

1227 2522 1409 2582 πληγὴν
1430 2525 1658 2580 ἐντείνειν,
1685 2524 1763 2568 sed
1784 2524 2015 2567 intendere
2033 2541 2124 2567 ma-

1228 2598 1331 2626 nus.

1283 2667 1517 2709 adulterio
1555 2667 1765 2721 pellexit.

1226 2782 1394 2840 pertio,
1425 2789 1474 2824 ut
1496 2782 1551 2824 sit
1574 2797 1658 2839 pro
1685 2784 1734 2823 in
1755 2779 1828 2824 vel
1851 2783 1916 2823 ad
1936 2783 2121 2823 adulte-

1228 2841 1380 2889 rium5
1426 2840 1503 2882 sed
1539 2839 1699 2896 duplex
1731 2837 1778 2880 in
1813 2838 1955 2882 verbo
1983 2841 2122 2893 pelli-

1228 2911 1329 2939 cere
1359 2897 1472 2940 ratio
1510 2905 1575 2940 est
1610 2895 1952 2939 consideranda.
2034 2895 2125 2939 Per

1228 2970 1275 2997 se
1299 2954 1519 3012 significat
1544 2952 1790 3004 anloclten,
1821 2967 1885 2994 an
1904 2953 2003 2995 sich
2023 2954 2121 2996 zie-

2005 2006 2124 2050 Falsi
2191 2048 2194 2051 Α

1845 2664 1950 2708 Non
1995 2682 2124 2708 more
2200 2679 2202 2690 ²

1226 2732 1477 2783 poetarum,
1498 2732 1547 2766 ut
1563 2724 1738 2767 videtur
1749 2723 1954 2765 Ernestio
1976 2731 2018 2765 et
2029 2723 2124 2765 Ru·
2203 2723 2222 2795 ²4:

1226 3014 1332 3054 hen.
1384 3011 1481 3054 lam
1503 3019 1545 3054 et
1566 3011 1713 3069 aliqua
1736 3027 1784 3053 re
1801 3017 1843 3052 et
1858 3010 1910 3053 ad
1927 3010 2124 3068 aliquam
2203 3007 2210 3019 ”

1228 3085 1326 3111 rem
1350 3068 1563 3126 pellicere
1586 3067 1774 3111 alterum
1799 3082 2008 3125 possum‚·
2039 3068 2121 3110 ab-

1228 3126 1391 3170 lativus
1422 3125 1592 3168 indicat
1626 3125 1850 3171 rationem
1871 3124 2123 3182 pellicendi,

1228 3183 1504 3226 aecusativus
1544 3180 1696 3224 finem.

1779 3180 1984 3239 Utraque
2020 3181 2120 3224 for-
2200 3187 2203 3190 ’

1228 3240 1349 3283 mula
1381 3240 1497 3298 apud
1519 3239 1736 3282 Nostrum
1760 3238 2001 3299 invenitur.
2063 3238 2123 3282 cf.
2202 3279 2203 3282 ,

1231 3299 1297 3348 11,
1326 3297 1395 3340 19.
1429 3300 1494 3338 ad
1523 3298 1808 3338 deditionem
1834 3298 2100 3353 pellicerent
2110 3313 2126 3346 ;
2200 3305 2206 3313 ’

1231 3357 1270 3402 1,
1293 3354 1335 3395 2.
1365 3355 1570 3396 militem
1592 3355 1752 3402 donis,
1781 3355 2007 3407 pabulum
2031 3369 2122 3395 an-
2200 3343 2209 3388 ’ἐ

1229 3427 1380 3463 ηοηα,
1417 3419 1606 3453 cunctos
1640 3411 1876 3454 dulcedine
1909 3411 1997 3452 otii
2017 3413 2121 3465 pel·
2200 3453 2206 3460 ,

1229 3469 1377 3520 lexit;
1422 3468 1534 3511 Hist.
1561 3469 1603 3519 4,
1630 3469 1699 3511 15.
1733 3468 1919 3510 occultis
1951 3470 2123 3510 nuntiis

1227 3526 1425 3580 pellexit
1451 3527 1740 3568 Britannica
1768 3526 1969 3567 auxilia.
2025 3526 2118 3568 Ab·
