2222 4030
213 179 326 227 xv!
447 197 449 199 ·
862 151 1452 216 PRAEFATIO.

221 272 485 368 Angelus
523 285 944 345 Arcimboldus
988 295 1261 361 quaestor
1306 281 1639 358 pontificius
1678 301 1709 337 e
1743 279 1933 341 Dania
1973 306 2068 342 re-

217 381 390 435 diens
434 376 501 431 in
548 371 904 428 monasterio
951 367 1299 427 Corbeiensi
1350 363 1727 442 Vestphaliae
1771 381 2068 444 repertum

218 463 430 520 detuli-t
469 461 544 516 ad
580 457 838 514 Leonem
873 454 948 515 X.
987 454 1326 530 pontificem
1359 449 1728 510 Romanum:
1786 466 1986 528 postea
2018 458 2070 517 is

219 551 369 605 liber
393 543 554 602 venit
579 540 960 599 Florentiam.
1046 537 1475 613 Complectitur
1501 557 1596 593 sex
1622 537 1848 612 priores
1862 536 2072 598 Anna-

218 636 365 691 lium
397 631 583 687 libros
606 639 741 685 ante
765 636 1060 701 repertum
1090 624 1264 680 illum
1300 622 1562 679 codicem
1598 623 1930 696 incognitos
1962 647 2068 686 nec

214 720 340 778 ullo
368 714 546 773 MSto
585 714 701 770 alio
742 713 1033 768 inventos,
1118 707 1269 764 Nam
1307 707 1411 784 qui
1446 708 1598 764 liber
1628 706 1790 768 Ioan.
1819 707 2068 770 Iocundi

213 799 576 860 Veronensis
619 799 695 854 ab
742 793 1161 870 interpretibus
1197 805 1559 850 memoratur
1603 813 1805 850 recens
1850 796 2071 854 descri-

212 901 348 966 ptus
382 897 467 943 est
499 905 531 941 e
555 883 754 940 codice
784 882 888 937 illo
917 879 1183 956 antiquo,
1267 877 1583 952 Perperam
1615 879 1796 952 igitur
1828 881 2070 954 faciunt,

211 974 319 1052 qui
341 972 407 1029 in
435 966 1035 1028 commentationibus
1059 964 1133 1020 ad
1160 983 1258 1018 sex
1285 962 1512 1038 priores
1526 959 1857 1021 Annalium
1884 967 2069 1025 libros

212 1059 421 1117 dicunt
455 1056 520 1111 in
556 1051 667 1111 hac
705 1053 801 1108 vel
839 1051 942 1106 illa
977 1049 1266 1123 scriptura
1307 1047 1537 1103 codices
1573 1046 1830 1107 MSStos
1866 1071 2071 1110 omnes

214 1142 570 1219 conspirare.
637 1137 794 1196 vid.
820 1134 1105 1194 Ricklefs.
1140 1134 1216 1189 ad
1239 1127 1403 1192 Ann.
1427 1130 1474 1202 I,
1501 1132 1600 1192 10.
1700 1129 2067 1212 Antiquissi-

208 1249 375 1287 mum
426 1226 687 1284 codicem
737 1217 1071 1298 perhibent.
1138 1219 1208 1278 cf.
1244 1216 1562 1275 Taurellus
1609 1218 1673 1273 in
1712 1221 1956 1295 praefat.
1995 1226 2071 1282 ad

210 1314 536 1372 Pandectas
563 1311 653 1369 ed.
677 1307 839 1367 Flor.
862 1302 983 1366 An.
1011 1299 1196 1366 1553.
1236 1336 1323 1370 -,-
1407 1301 1714 1361 Broterius
1742 1305 1806 1361 in
1827 1310 2071 1380 praefat.

213 1402 305 1460 ed.
333 1397 522 1456 Tacit.
569 1427 648 1439 —
735 1391 1031 1460 Pertzius,
1070 1385 1119 1445 I
1115 1381 1474 1446 talienische
1495 1382 1683 1444 Reise
1712 1410 1770 1464 p.
1792 1387 1924 1463 45„
1965 1394 2072 1472 qui

211 1485 364 1542 vidit
406 1481 666 1539 codicem
701 1477 906 1535 multis
935 1475 1080 1534 locis
1114 1495 1147 1531 a
1185 1474 1406 1531 recenti
1438 1494 1623 1531 manu
1658 1470 1928 1552 (fortasse
1952 1477 2071 1537 Be-

211 1567 406 1627 roaldi
446 1565 629 1642 primi
663 1559 932 1641 editoris)
973 1561 1371 1619 emendatum.
1458 1558 1626 1616 Finis
1660 1572 1745 1618 est
1779 1560 1844 1617 in
1876 1565 2071 1625 media

210 1653 465 1730 plagula,
489 1651 650 1707 unde
671 1648 914 1704 fortasse
939 1644 1218 1703 coniicias
1241 1646 1464 1701 librum
1484 1665 1604 1702 esse
1622 1646 1980 1723 descriptum
2001 1671 2070 1709 ex

214 1740 330 1797 alio
358 1736 558 1794 codice
585 1753 766 1810 aeque
790 1731 1002 1788 mutilo
1033 1751 1142 1786 nec
1167 1731 1473 1804 ampliore.
1523 1767 1597 1777 -—
1688 1729 2068 1798 Monument.

212 1823 578 1882 Paderborn.
629 1840 687 1895 p.
727 1816 830 1877 69.
869 1814 973 1877 79.
1042 1848 1126 1859 —
1225 1814 1654 1875 Montefalcon.
1700 1816 1846 1878 bibl.
1886 1817 2067 1883 MSS.

209 1932 268 1986 p.
293 1906 440 1968 374.
494 1942 575 1952 -—
661 1900 972 1960 Ernestius
1005 1900 1070 1957 in
1107 1901 1350 1976 praefat.
1385 1902 1475 1960 ed.
1502 1899 1692 1960 Tacit.
1749 1934 1831 1946 —-
1920 1902 2068 1963 Inde

209 1996 396 2058 libros
410 1987 760 2058 Annalium,
796 1987 901 2065 qui
925 1987 1146 2054 insunt,
1171 1985 1398 2060 primus
1425 1985 1610 2042 edidit
1623 1981 1938 2064 Philippus
1954 1988 2071 2048 Be-
2147 2024 2153 2027 ·

210 2080 453 2137 roaldus
508 2097 602 2135 an.
641 2069 826 2135 1515.
930 2069 1209 2130 Eundem
1256 2071 1479 2127 librum
1522 2081 1719 2146 postea
1771 2093 2070 2135 excussere

211 2163 452 2224 Curtius
478 2156 739 2219 Pichena
765 2170 822 2215 et
847 2156 1095 2219 Iacobus
1122 2154 1486 2215 Gronovius.

382 2245 555 2306 Alius
579 2238 761 2302 codex'
780 2242 1165 2300 Florentinus
1190 2241 1403 2298 litteris
1425 2240 1889 2316 Langobardicis
1927 2248 2072 2304 scri-

209 2349 348 2412 ptus
385 2333 650 2391 continet
689 2341 911 2386 ceteros
947 2324 1277 2386 Annalium
1319 2327 1533 2396 librm,
1599 2329 1703 2404 qui
1739 2345 2071 2406 supersunt,

157 2482 162 2490 ,
210 2423 350 2477 inde
374 2420 448 2475 ab
472 2414 784 2474 undecimo
808 2426 865 2470 et
877 2410 1280 2470 Historiarum
1306 2424 1583 2489 quattuor
1606 2413 1791 2472 libros
1814 2416 2070 2492 integros

213 2526 345 2563 cum
383 2505 713 2578 fragmento
747 2498 889 2556 libri
930 2498 1144 2575 quinti.
1233 2496 1746 2573 Subscriptionem
1790 2497 1967 2560 habet
2005 2505 2068 2561 in

212 2592 367 2647 calce
407 2585 589 2645 hanc:
648 2581 795 2662 Ego
835 2579 1184 2640 Sallustius
1224 2579 1349 2657 legi
1387 2589 1438 2637 et
1482 2579 1799 2641 emendavi
1830 2581 2072 2659 Romae

202 2671 378 2756 felix
409 2667 660 2730 olibrio
687 2677 738 2726 et
766 2663 1039 2726 Probino
1079 2685 1224 2724 coss·
1268 2666 1334 2722 in
1366 2665 1523 2747 foro
1548 2664 1788 2727 Martis
1828 2681 2067 2732 contro—

215 2757 443 2816 versias
487 2753 841 2814 declamans
880 2751 1116 2810 oratori
1138 2746 1535 2808 Endeleclzia
1621 2749 1874 2813 Rursus
1903 2752 2070 2816 Con-

211 2838 625 2920 stantinopoli
655 2836 974 2917 recognovi
1002 2832 1303 2896 Caesario
1341 2843 1394 2893 el
1423 2832 1622 2894 Attico
1664 2859 1809 2896 coss,
1900 2842 2070 2915 Quae

215 2927 565 3003 subscriptio
592 2922 915 2982 Piehenam
948 2927 1279 2999 deceperat,
1331 2934 1397 2980 ut
1434 2943 1526 2982 an.
1562 2945 1618 2999 p.
1644 2922 1786 2985 Chr.
1815 2925 1959 2990 395.
1995 2931 2071 2985 li-

212 3017 392 3074 brum
415 3011 698 3086 scriptum
726 3010 1029 3070 iudicaret.
1118 3004 1197 3065 At
1219 3009 1400 3065 verba
1438 3008 1540 3064 illa
1579 3009 1894 3068 oscitanter
1929 3035 1961 3070 a
1995 3015 2070 3070 li-

213 3099 413 3157 brario
444 3096 702 3174 quodam
729 3095 973 3168 repetita
999 3115 1066 3150 ex
1094 3093 1427 3169 antiquiore
1455 3093 1653 3150 codice
1683 3098 1896 3154 rectius
1932 3121 2070 3156 cen-

215 3185 333 3243 suit
353 3181 622 3261 Ryckius
645 3181 719 3237 ad
745 3177 899 3238 Hist.
925 3177 971 3249 l,
992 3181 1046 3239 1.
1133 3176 1286 3238 Nam
1311 3179 1598 3254 scriptura
1620 3179 2069 3255 Langobardica

212 3269 504 3346 posterius
527 3285 738 3322 aevum
759 3264 948 3338 arguit
965 3311 979 3332 ‚
1014 3275 1079 3320 ut
1103 3263 1303 3320 saltem
1334 3265 1404 3319 ad
1436 3259 2068 3342 saeculum's'ept'imum

216 3355 312 3412 vel
338 3366 610 3411 octavum
639 3351 738 3405 ille
765 3349 919 3405 liber
943 3349 1150 3404 referri
1173 3350 1396 3407 debeat.
1486 3347 1662 3406 Hunc
1696 3373 1929 3428 quoque
1968 3375 2068 3411 co·-

216 3441 407 3497 dic‘em
433 3437 807 3496 contulerunt
831 3430 1089 3491 Pichena
1114 3446 1172 3491 et
1201 3432 1313 3494 lac.
1343 3432 1701 3494 Gronovius,
1790 3437 1907 3496 Sed
1932 3452 2065 3498 ante
