2222 4030
594 210 770 274 LIB.
801 206 909 272 lv.
979 205 1175 271 CAP.
1217 209 1321 275 74.
1354 209 1456 274 75.
1754 206 1758 210 ’
1825 211 1952 272 863

91 342 451 421 Campaniae
473 340 675 417 aspici.
760 361 831 398 eo
852 338 1057 398 venire
1082 349 1308 416 patres,
1343 361 1548 420 eques,
1580 361 1794 418 magna
1814 362 1953 420 pars

91 431 314 506 plebis,
354 426 518 487 anxii
541 445 676 501 erga
698 424 1013 496 Seianum,
1054 425 1220 482 cuius
1250 426 1460 485 durior
1488 446 1830 503 congressus
1861 441 1955 488 at-

95 535 211 592 que
249 535 318 572 eo
353 533 460 591 per
491 511 783 570 ambitum
818 522 877 568 et
907 510 1179 569 societate
1206 512 1593 570 consiliorum
1615 514 1953 591 parabatur.

94 600 251 659 Satis
281 598 587 658 constabat
606 607 839 654 auctam
875 596 931 652 ei
977 595 1383 670 adrogantiam
1411 598 1654 656 foedum
1696 599 1848 658 illud
1886 600 1956 657 in

91 684 405 763 propatulo
431 682 738 741 servitium
761 681 1064 757 spectanti.
1146 679 1366 760 quippe
1388 680 1618 741 Romae
1646 685 1799 743 sueti
1829 685 1956 743 dis-

95 789 299 829 cursus
321 780 380 827 et
398 766 812 841 magnitudine
834 766 1004 824 urbis
1035 766 1355 838 incertum,
1397 769 1559 844 quod
1593 769 1845 848 quisque
1875 771 1954 829 ad

93 855 399 930 negotium
424 864 657 930 pergat:
696 852 784 909 ibi
806 872 1013 928 campo
1036 864 1140 910 aut
1157 852 1330 910 litore
1358 850 1613 911 iacentes
1635 856 1806 913 nullo
1829 855 1956 913 dis-

92 939 342 998 crimine
363 950 601 997 noctem
624 958 693 995 ac
724 937 885 995 diem
911 938 1075 996 iuxta
1107 938 1356 1013 gratiam
1388 948 1492 995 aut
1520 939 1705 998 fastus
1733 941 1956 999 ianito-

91 1046 229 1084 rum
252 1024 764 1102 perpetiebantur,
805 1023 996 1080 donec
1028 1022 1209 1102 idque
1235 1023 1502 1084 vetitum.
1583 1035 1642 1082 et
1675 1046 1957 1084 revenere

90 1111 159 1168 in
183 1112 396 1169 urbem
427 1109 678 1186 trepidi,
720 1127 871 1186 quos
905 1128 1031 1166 non
1067 1128 1374 1181 sermone,
1414 1128 1541 1166 non
1568 1109 1706 1167 visu
1744 1111 1957 1186 digna-

91 1208 188 1254 tus
220 1207 369 1254 erat:
414 1196 661 1273 quidam
687 1194 845 1251 male
878 1194 1129 1266 alacres,
1171 1194 1390 1274 quibus
1424 1194 1717 1254 infaustae
1748 1197 1956 1255 amici-

91 1281 208 1340 tiae
232 1281 427 1356 gravis
452 1280 640 1338 exitus
664 1278 1032 1340 imminebat.

258 1364 508 1427 LXXV.
551 1363 828 1423 Ceterum
842 1363 1126 1422 Tiberius
1145 1375 1383 1442 neptem
1391 1359 1787 1443 Agrippinam
1799 1363 1959 1426 Ger-

88 1452 324 1510 manico
370 1460 562 1509 ortam
603 1470 739 1508 cum
775 1470 975 1508 coram
1010 1447 1122 1511 Cn.
1158 1448 1425 1509 Domitio
1471 1451 1839 1524 tradidisset,
1891 1453 1959 1511 in

88 1539 238 1597 urbe
266 1536 553 1595 celebrari
574 1535 812 1612 nuptias
840 1535 1028 1596 iussit.
1113 1532 1181 1592 in
1202 1533 1470 1595 Domitio
1496 1556 1678 1614 super
1699 1550 1960 1612 vetusta—

89 1635 209 1682 tem
262 1621 496 1698 generis
547 1621 957 1699 propinquum
1002 1618 1355 1680 Caesaribus
1402 1622 1753 1708 sanguinem
1775 1623 1959 1690 „dele-

87 1719 270 1784 gerat.
366 1728 509 1766 nam
546 1705 598 1765 is
641 1706 837 1764 aviam
871 1702 1189 1765 Octaviam
1226 1718 1286 1766 et
1318 1728 1427 1788 per
1457 1726 1590 1767 eam
1619 1702 1958 1786 Augustum

87 1793 453 1854 avunculum
484 1792 870 1871 praeferebat.

178 205 407 291 23:⁷33:

85 1987 316 2032 Bekkerus
327 1985 523 2031 Emestii
538 1984 900 2031 emendationem
918 2002 988 2030 re·

85 2046 214 2090 tinet.
248 2047 318 2089 Ab
341 2045 471 2089 initio
484 2044 639 2103 capitis
651 2042 988 2092 edd.Ber.Alc.

84 2103 250 2149 babent
290 2105 520 2154 ίηιειτιοες
564 2101 663 2145 edd.
688 2099 835 2145 Rhen.
866 2101 989 2161 Lips-

84 2176 185 2220 sqq.
207 2163 429 2205 mter-nus.
486 2159 559 2203 ed.
584 2158 687 2202 ΑΜ.
715 2160 935 2204 intentus.

142 2221 288 2263 anxii
302 2233 420 2274 erga
432 2217 675 2263 Seianum.
726 2216 781 2259 H.
803 2233 840 2260 e.
860 2216 988 2261 anxie

85 2276 181 2321 eius
205 2276 393 2335 gratiam
416 2282 704 2334 quaerentes,
737 2274 894 2317 odium
918 2275 989 2319 vi-

0 2364 1 2383 1
85 2341 258 2383 tantes,
314 2330 426 2382 ὦςτε
466 2334 545 2377 καὶ
586 2330 694 2380 τοὺς
738 2331 990 2387 βουλευτὰς

84 2394 163 2436 καὶ
194 2390 301 2443 τοὺς
331 2389 497 2441 ἄλλους
524 2390 683 2446 ἐκείνῳ
710 2389 802 2448 μὲν
827 2386 889 2440 ὥς
908 2390 988 2434 καὶ

84 2446 390 2508 αὐτοκράτορι
419 2450 682 2506 noos-(lew,
715 2445 799 2491 τὸν
823 2447 877 2492 δε
902 2451 988 2491 Τι-

81 2510 240 2619 ἓὲριὲν
259 2509 314 2554 ἐν
334 2507 556 2566 ὀλιγωρίᾳ
580 2508 838 2550 ποιεῖσθαι.
889 2504 986 2551 Dio

139 2623 306 2667 durior
323 2637 617 2680 congressus.
658 2621 715 2665 Η.
736 2636 777 2665 e.
801 2619 879 2680 qui
899 2618 987 2663 dis·

83 2681 246 2726 fieilius
273 2681 334 2723 im
369 2680 613 2724 etrabatur.

133 2753 226 2797 per
249 2752 330 2780 am
361 2739 495 2781 lemn.
540 2735 598 2785 H.
614 2751 654 2780 e.
678 2733 756 2795 qui
774 2749 985 2793 congres-

83 2809 183 2841 sum
197 2795 453 2854 cupiebant,
467 2809 562 2838 non
578 2798 783 2852 poterant
799 2806 986 2851 poscere

82 2855 140 2899 ab
168 2853 267 2911 ipso
296 2850 488 2903 Seiano,
532 2851 609 2895 sed
645 2849 869 2893 debebant
898 2846 984 2891 sibi

83 2926 242 2971 parare
282 2909 490 2953 homines
527 2906 671 2967 gratia
705 2905 824 2966 apud
856 2904 984 2951 Seia-

82 2965 986 3083 32¹3„¹L⁰¹¹;i¹¹¹2‘;2·012255¹2‚22⁶3²3,ssssss

83 3089 199 3130 rent.

1115 1986 1339 2031 societate
1367 1987 1681 2033 consaabrum.
1738 1987 1796 2037 Η.
1817 2005 1861 2036 e.
1879 1990 1960 2051 qui

1061 2058 1359 2102 congressum
1386 2043 1543 2094 Seiani
1575 2046 1810 2105 cupiebat,
1860 2064 1960 2093 non

1059 2101 1383 2146 admittebatur
1394 2094 1487 2146 hisi
1510 2111 1753 2163 promptus
1772 2113 1887 2150 esset
1901 2105 1959 2150 ad

1058 2174 1107 2202 se
1135 2159 1511 2218 emancipandum
1540 2159 1629 2212 ini,
1669 2169 1721 2204 ut
1752 2160 1812 2207 ita
1842 2179 1956 2208 con-

1059 2231 1262 2316 grefsfzm
1295 2223 1445 2316 peter?
1472 2225 1517 2261 et
1544 2218 1782 2267 servitium
1804 2219 1959 2265 Seiani

1093 2289 1157 2318 em
1180 2290 1193 2316 t
1228 2289 1301 2316 em
1322 2289 1414 2316 esse
1439 2305 1450 2317 .
1803 2310 1806 2318 .

1129 2331 1476 2385 magnitudine.
1570 2331 1612 2376 E
1640 2333 1959 2394 „castigatione

1058 2387 1281 2433 Rhenani.
1337 2387 1454 2433 Edd.
1468 2387 1573 2435 Ber.
1584 2388 1686 2437 Alc.
1710 2394 1958 2450 magnitu-

1058 2446 1173 2490 dt'm'.

1114 2507 1258 2547 donec
1285 2503 1419 2561 idque
1452 2505 1665 2551 vetitum.
1730 2506 1813 2554 Sic
1850 2510 1958 2558 cod.

1055 2560 1159 2605 MS.
1206 2559 1309 2604 edd.
1351 2561 1454 2605 Ber.
1487 2560 1591 2606 Ale.
1613 2561 1819 2611 Rhenan.
1847 2566 1956 2614 Ald.

1056 2617 1204 2661 Hodie
1218 2632 1375 2662 omnes
1391 2618 1606 2663 suadente
1618 2620 1803 2667 Mureto
1818 2624 1960 2671 edunt

1056 2677 1110 2719 id
1139 2689 1331 2732 quoque.
1390 2674 1482 2720 Sed
1512 2675 1576 2722 cf.
1607 2687 1707 2726 not.
1743 2680 1802 2726 ad
1833 2684 1874 2735 1.
1898 2682 1961 2728 28

1058 2740 1102 2777 et
1131 2731 1203 2776 65.
1285 2732 1338 2776 ln
1378 2733 1451 2778 ed.
1486 2733 1665 2796 Mieyu.
1704 2745 1774 2783 est
1813 2742 1959 2786 donec

1057 2804 1236 2847 quoque
1255 2790 1473 2834 vetitum.
1736 2802 1741 2807 '
1804 2804 1806 2806 ·

1079 2848 1081 2850 ’
1113 2849 1242 2890 male
1271 2849 1474 2892 alacres.
1553 2849 1611 2896 Η.
1642 2866 1683 2898 ο.
1715 2851 1774 2900 in'
1796 2854 1955 2916 pemi-

1057 2904 1174 2950 ciem
1198 2912 1325 2949 suam
1353 2902 1538 2952 alacres.
1737 2917 1742 2922 '
1835 2903 1839 2909 ¹

1118 2962 1232 3006 CAP.
1262 2961 1335 3007 75.
1410 2967 1728 3024 praeferebat.
1817 2967 1875 3016 Η.
1917 2987 1956 3017 e.

1088 3035 1165 3122 {ae
1186 3018 1474 3121 :eti-›qnw’
1503 3030 1555 3070 ut
1575 3023 1685 3071 infr.
1713 3025 1781 3090 18,
1803 3027 1847 3084 8.
1887 3030 1957 3085 14,

1119 3109 1131 3121 .
1159 3092 1182 3122 e
1219 3092 1278 3123 an
1315 3094 1344 3124 ι.
1549 3091 1552 3093 ’
1611 3087 1615 3091 ’
1709 3091 1715 3097 ”
1896 3093 1902 3099 ·
