2222 4030
176 1704 180 1707 ,
262 1655 581 1731 patientes.

1815 204 1871 239 A.
1882 202 1935 239 U.
1952 202 2034 243 781,

1816 247 1871 281 A.
1888 245 1936 282 C.
1973 249 2034 283 28.

258 209 384 269 360
933 202 1443 265 ANNALIUM

258 336 558 414 principe,
610 346 679 392 ut
705 345 895 392 metus
917 353 1058 397 suos
1084 333 1312 391 senatui
1335 333 1617 391 fateretur
1640 337 2018 415 amoverique
2042 339 2123 394 si-

204 469 216 487 ,
260 434 446 480 neret.

261 508 382 564 suis
406 526 585 583 quam
609 505 1137 564 dissimulationem
1162 503 1473 577 diligebat.
1545 523 1614 561 eo
1642 506 1872 579 aegrius
1903 509 2125 584 accepit

258 591 514 661 recludi,
555 611 706 668 quae
727 601 1033 667 premeret.
1097 590 1199 644 sed
1221 589 1512 663 mitigavit
1533 588 1784 648 Seianus
1807 612 1933 649 non
1958 591 2125 650 Galli

260 694 461 734 amore
476 721 493 747 ,
519 694 728 733 verum
743 688 811 734 ut
836 674 1233 733 cunctationes
1255 675 1541 751 principis
1562 677 1954 753 opperiretur,
1981 697 2126 752 gna-

261 781 366 819 rus
394 763 626 819 lentum
660 762 726 818 in
756 760 1097 817 meditando
1112 805 1128 828 ,
1170 760 1278 817 ubi
1299 762 1694 837 prorupisset,
1738 763 2006 821 tristibus
2031 763 2127 820 di·-

263 847 372 904 ctis
417 847 637 905 atrocia
679 848 830 904 facta
878 844 1252 918 coniungere.
1351 844 1467 902 Per
1507 847 1668 903 idem
1702 858 1933 924 tempus
1972 846 2127 905 Iulia

262 944 518 991 mortem
547 933 723 1002 obiit,
754 931 950 1007 'quam
985 941 1227 1008 neptem
1247 926 1552 1004 Augustus
1588 933 1919 990 convictam
1954 934 2128 990 adul-

219 1043 234 1049 *
263 1018 402 1075 terii
453 1014 832 1075 damnaverat
877 1015 1323 1093 proieceratque
1368 1016 1434 1071 in
1481 1016 1740 1074 insulam
1786 1016 2128 1075 Trimerum

262 1100 427 1160 haud
446 1104 655 1180 procul
678 1098 1211 1176 ApulislitoribuS.
1277 1101 1402 1158 illic
1425 1102 1642 1176 viginti
1664 1103 1836 1159 annis
1859 1103 2129 1160 exsilium

260 1189 538 1246 toleravit
568 1184 867 1260 Augustae
901 1207 1012 1262 ope
1048 1198 1393 1245 sustentata:
1451 1207 1600 1264 quae
1632 1188 1908 1245 florentes
1943 1189 2132 1264 privia

263 1263 417 1348 gnos
434 1293 570 1332 cum
592 1292 699 1348 per
722 1272 1019 1329 occultum
1045 1272 1451 1342 subvertisset,
1494 1273 1960 1331 misericordiam
1995 1293 2131 1348 erga

262 1359 528 1418 adflictos
549 1358 747 1434 palam
770 1358 1119 1418 ostentabat.

431 1481 683 1545 LXXII.
722 1480 955 1543 Eodem
986 1506 1144 1544 anno
1171 1481 1352 1542 Frisii
1384 1479 2134 1570 transrhenanustpopulus

265 1589 469 1645 pacem
505 1589 749 1642 exuere,
794 1582 996 1629 nostra
1029 1569 1217 1645 magis
1254 1570 1498 1628 avaritia
1522 1569 1700 1648 quam
1726 1571 1997 1650 obsequii
2020 1573 2134 1630 im-

670 1654 995 1716 Tributum
1032 1656 1105 1713 iis
1136 1653 1378 1728 Drusus·
1402 1656 1650 1714 iusserat
1686 1657 1990 1720 modicum
2024 1679 2134 1734 pro

529 419 774 477 Nullam
805 419 988 498 aeque
1011 418 1292 476 Tiberius
1323 429 1391 476 ut
1421 419 1664 477 rebatur
1699 435 1768 477 ex
1801 422 2122 481 virtutibus

266 1740 535 1814 angustia
567 1762 796 1814 rerum,
838 1741 991 1800 utin
1015 1761 1156 1799 usus
1186 1741 1470 1799 militares
1505 1742 1663 1798 coria
1692 1742 1878 1800 boum
1913 1745 2137 1819 pende-
2216 1754 2222 1779 ³·

265 1837 427 1895 rent,
468 1847 595 1884 non
613 1827 841 1886 intenta
865 1828 1213 1906 cuiusquam
1236 1848 1406 1898 cura,
1449 1847 1599 1904 quae
1623 1827 1926 1892 firmitudo
1941 1875 1958 1899 ‚
1987 1850 2136 1907 quae
2219 1863 2222 1901 :

192 1916 200 1933 “
265 1922 579 1988 mensura,
614 1913 803 1971 donec
827 1909 1128 1972 Olennius
1153 1934 1185 1970 e
1209 1897 1680 1989 primipilaribus
1709 1914 1981 1989 regendis
2002 1914 2139 1972 Fri-
2221 1975 2222 1978 ,

268 1997 371 2053 siis
396 1990 706 2074 impositus
733 2011 895 2074 terga
920 2010 1169 2058 urorum
1203 1996 1444 2073 delegit,
1487 2019 1743 2076 quorum
1777 2000 1852 2062 ad
1884 2000 2140 2057 formam
2219 2048 2222 2078 5

270 2081 695 2158 acciperentur.

779 2085 843 2142 id
877 2085 1009 2142 aliis
1044 2105 1279 2162 quoque
1313 2084 1658 2142 nationibus
1688 2085 1942 2143 arduum
1971 2086 2138 2162 'apud
2220 2116 2222 2126 =

330 2297 382 2334 ut
415 2291 738 2336 cunctationes
763 2293 990 2349 principis
1025 2308 1166 2349 oppe-
1236 2292 1528 2339 scribendum
1563 2292 1855 2348 Trimetum‚
1901 2293 2004 2351 quia
2047 2308 2137 2338 no·
2220 2333 2222 2341 .

274 2346 470 2392 fiir-etur.
529 2347 644 2393 Cod.
669 2348 773 2394 MS.
799 2349 900 2393 edd.
926 2349 1035 2394 Ber.
1060 2346 1165 2395 Asc.

1237 2367 1344 2395 men
1366 2351 1639 2398 hodiernum
1664 2359 1729 2395 est
1749 2351 1796 2394 Τ
1789 2352 1960 2395 remiti.

272 2399 479 2449 Rhenan.
502 2405 622 2449 Ald-⁴
637 2414 690 2449 ut
713 2405 1030 2468 cunctationes
1056 2407 1168 2466 (sive

1298 2408 1413 2451 CAP.
1447 2409 1518 2451 72.
1573 2411 1799 2452 tributum
1842 2410 1902 2451 iis
1941 2409 2140 2453 iusserat

273 2464 714 2514 cantationes-,nam
733 2472 925 2522 utraque
946 2464 1170 2523 scriptura
1236 2463 1441 2508 Drusus.
1503 2464 1581 2508 Sic
1614 2475 1658 2509 et
1690 2465 1798 2509 infr.
1825 2465 1894 2514 13,
1921 2465 1989 2510 15.
2018 2467 2140 2510 Bri·
2220 2478 2222 2480 ·

205 2817 207 2821 ’
277 2809 611 2853 cunctationes.

274 2519 451 2571 veteres
498 2518 613 2566 lib'ri.
651 2521 910 2588 promiscue
951 2523 1167 2580 utuntur)

271 2578 498 2635 principis
527 2587 846 2634 aperirentur.
909 2577 1041 2634 Quae
1063 2595 1174 2625 sen-

274 2638 416 2681 tentia
461 2652 604 2694 quum
644 2636 743 2681 ⁴non
784 2635 889 2680 satis
932 2636 1174 2682 conveniat

274 2694 527 2746 contextui,
567 2694 693 2738 varie
731 2693 888 2738 locum
927 2695 1172 2739 tentarunt.

274 2751 451 2810 Lipsius
495 2748 699 2802 coniecit.
734 2751 1042 2805 cogitationes
1087 2768 1172 2810 pro

682 2807 911 2867 Explicat:
955 2809 1173 2853 Seianum

277 2867 503 2925 mitigasse
523 2866 786 2919 Tiberium,
822 2865 928 2924 quia
956 2883 1051 2910 non
1082 2883 1173 2910 no-

279 2924 403 2967 lebat
444 2923 585 2983 srigus
621 2932 665 2968 et
700 2923 1015 2968 lentitudinem
1050 2923 1172 2969 illam

280 2981 461 3026 excitari
503 2997 557 3025 ac
595 2980 890 3041 cogitationes
936 2982 1031 3026 eius
1069 2999 1174 3041 pro·

281 3037 404 3092 duci.
479 3037 701 3083 Ursinus:
759 3054 817 3082 ne
856 3041 1174 3084 cunctationes

281 3103 371 3139 etc.
441 3094 678 3142 Muretus:
731 3099 1058 3154 opperirentur
1091 3114 1176 3156 pro

281 3153 604 3209 aperirentur.
691 3154 728 3198 1.
770 3155 846 3198 Fr.
888 3153 1178 3199 Gronovius:

282 3211 606 3266 opperiretur,
633 3212 758 3270 quod
779 3212 1004 3271 plerisque
1026 3229 1178 3256 receu-

278 3268 452 3328 tiorum
473 3267 694 3312 editorum
719 3270 901 3326 placuit.
957 3269 1180 3314 Kiesslin-

282 3325 381 3384 gius
402 3334 603 3371 veterem
627 3328 712 3370 scri
748 3336 895 3370 turam
928 3329 1176 3372 revocavit.

284 3457 310 3485 c
340 3383 484 3484 ἐιὲἶία.
547 3383 607 3429 cf.
639 3383 682 3436 3,
742 3385 785 3428 4.
843 3384 1034 3429 Sueton.
1069 3385 1179 3430 Oct.

341 3497 626 3542 Trimerum.
686 3497 764 3543 Sic
796 3499 897 3543 cod.
928 3498 1031 3544 MS.
1064 3507 1180 3546 vett.

287 3555 392 3600 edd.
465 3555 581 3603 Sunt
619 3566 772 3602 tamen
812 3556 890 3616 qui
933 3556 1179 3602 coniiciant

1243 2524 1426 2566 tanm'co
1457 2523 1616 2570 iussit,
1665 2530 1957 2577 exsurgeret.
2025 2523 2140 2567 Ibid.

1244 2579 1368 2624 c.40.
1391 2580 1558 2635 quibus
1578 2581 1810 2631 iusserat,
1841 2587 1893 2622 ut
1911 2588 1995 2624 etc.
2037 2579 2137 2627 Liv.

1243 2637 1314 2688 42,
1353 2636 1426 2680 28.
1478 2637 1553 2679 cui
1589 2638 1770 2679 iussum
1812 2644 1917 2680 erat
1957 2652 2137 2681 creare.

1245 2692 1427 2740 Scilicet
1461 2695 1615 2736 iubere
1644 2703 1803 2737 natura
1837 2708 1940 2746 sua,
1981 2703 2032 2738 ut
2056 2696 2141 2739 alia
2211 2702 2222 2717 “

1243 2751 1445 2796 eiusdem
1465 2750 1802 2810 significationis
1826 2753 1974 2805 verba,
1992 2761 2143 2811 postu-

1243 2811 1304 2853 lat
1340 2810 1541 2852 dativum
1575 2825 1820 2868 personae,
1869 2811 1942 2854 cui
1973 2810 2142 2868 aliquid

1244 2867 1478 2920 iubeatur,
1508 2875 1551 2910 et
1577 2866 1885 2912 accusativum
1906 2867 1996 2919 rei,
2028 2884 2143 2927 quae

1244 2926 1462 2968 iubeatur.
1521 2923 1616 2967 Iam
1652 2939 1757 2966 vero
1789 2924 1827 2968 si
1858 2925 2035 2969 scribo:
2064 2926 2141 2968 iu-

1243 2984 1327 3024 beo
1361 2989 1405 3024 te
1437 2983 1626 3033 adesse,
1672 2989 1770 3024 tum
1806 2988 1851 3024 te
1879 2998 1972 3025 non
1996 2982 2144 3027 innuit

1247 3055 1510 3099 personam,
1571 3037 1646 3082 cui
1699 3039 1867 3097 aliquid
1922 3040 2143 3092 iubeatur,

1249 3097 1327 3140 sed
1362 3095 1477 3140 illud
1510 3103 1555 3139 te
1590 3098 1757 3140 adesse
1785 3104 1850 3139 est
1881 3112 1976 3148 res,
2007 3113 2145 3155 quam

1247 3155 1398 3198 iubeo.
1458 3153 1749 3198 Accusativus
1773 3152 1822 3195 in
1840 3153 1924 3198 hac
1944 3153 2145 3199 formula

1248 3211 1440 3255 trahitur
1474 3211 1530 3254 ab
1566 3210 1808 3256 infinitiv0.
1860 3211 1896 3254 .1
1930 3211 2020 3254 itur
2048 3227 2146 3256 non

1255 3284 1369 3327 opus
1392 3276 1478 3318 est,
1499 3275 1549 3311 ut
1570 3268 1618 3310 in
1639 3227 1998 3325 explicandaghac
2015 3269 2147 3314 verbi

1249 3328 1408 3370 iubere
1450 3326 1791 3369 constructione
1833 3341 1935 3369 cum
1975 3325 2142 3370 Rothio

1252 3384 1469 3441 (Quaest.
1487 3382 1590 3440 Gr.)
1605 3382 1835 3439 confugias
1849 3382 1904 3426 ad
1916 3383 2143 3442 cognatio-

1250 3458 1357 3486 nem
1372 3441 1618 3487 verborum
1634 3440 1790 3484 iubere
1803 3448 1845 3483 et
1861 3440 2114 3496 imperare.

1310 3497 1706 3555 quaefirmitudo.
1763 3496 1896 3543 Unus
1914 3498 2055 3543 Aldus
2077 3497 2143 3546 vi-

1251 3556 1363 3601 tiose
1386 3559 1510 3599 duae
1518 3555 1783 3613 firmitudo.
