2222 4030
246 239 370 301 374
527 226 1693 323 ANNAL.LIB.V.CAP.10.,11.
1780 227 2022 266 tun-⁷³⁴<

1780 271 1834 309 A.
1861 273 1909 310 C.
1954 277 2012 310 31.

251 373 492 430 demum
517 365 813 440 cognoscit
838 363 1131 421 sollertius
1156 361 1598 440 interrogatum,
1637 363 1910 441 quisnam
1933 367 2104 437 foret,

254 456 467 513 dixisse
486 450 580 520 ΕΙ.
604 450 810 517 Silano
837 448 1125 523 genitum:
1171 456 1228 501 et
1260 444 1464 501 multis
1491 457 1839 512 sectatorum
1865 451 2107 527 dilapsis

254 538 579 597 ascendisse
613 555 853 605 navem,
894 545 1174 608 tanquam
1205 527 1438 585 Italiam
1471 543 1717 606 peteret:
1762 533 2109 612 scripsitque

255 623 400 682 haec
423 622 688 679 Tiberio,
753 639 944 696 neque
972 636 1080 673 nos
1106 614 1396 687 originem
1422 615 1671 672 finemve
1693 617 1816 675 eius
1842 621 1930 676 rei
1953 621 2111 678 ultra

262 707 671 786 comperimus·-

429 790 540 851 XI.
581 788 763 848 Exitu
785 789 927 846 anni
950 786 1056 842 diu
1080 796 1249 841 aucta
1268 785 1560 842 discordia
1578 789 1887 846 consulum
1902 790 2113 866 erupit.

263 899 405 936 nam
427 876 577 934 Trio
600 875 790 932 facilis
815 869 1177 947 capessendis
1204 870 1533 927 inimicitiis
1566 884 1623 929 et
1650 874 1780 930 foro
1816 876 2117 946 exercitus,

262 976 332 1022 ut
375 981 611 1036 segnem
651 958 951 1032 Regulum
987 957 1070 1035 ‘ad
1115 955 1536 1031 opprimendos
1570 956 1773 1014 Seiani
1817 961 2118 1017 ministros

266 1049 507 1125 oblique
528 1045 962 1122 perstrinxerat.
1046 1040 1177 1109 ille,
1213 1040 1332 1097 nisi
1356 1040 1762 1113 lacesseretur,
1797 1045 2120 1101 modestiae

264 1130 525 1191 retine'ns
548 1151 674 1187 non
700 1129 876 1184 modo
901 1126 1148 1183 rettudit
1168 1127 1470 1199 collegam,
1498 1128 1598 1183 sed
1618 1139 1685 1184 ut
1711 1130 1956 1186 noxium
1980 1149 2124 1186 con-

267 1218 579 1276 iurationis
604 1216 677 1271 ad
702 1212 1176 1289 disquisitionem
1198 1207 1486 1270 trahebat.
1549 1213 1867 1298 multisque
1889 1226 2123 1290 patrum

269 1303 601 1370 orantibus,
656 1308 946 1374 ponerent
979 1297 1118 1354 odia
1159 1296 1225 1352 in
1263 1296 1590 1372 perniciem
1620 1299 1820 1369 itura,
1857 1320 2125 1358 mansere

268 1388 489 1446 infensi
513 1407 578 1442 ac
600 1385 971 1453 minitantes,
1015 1383 1202 1439 donec
1225 1381 1571 1455 magistratu
1595 1384 1845 1444 abirent.

327 1579 520 1623 dixisse.
579 1575 655 1620 Sic
686 1574 791 1619 cod.
822 1572 925 1618 MS.
958 1573 1058 1617 edd.
1081 1572 1164 1616 Ρί-
1267 1574 1293 1618 ἐ
1318 1572 1392 1619 ιον
1413 1571 1663 1633 ἀνήγαγεν.
1726 1577 1927 1620 Zonaras
1961 1592 2007 1636 p.
2033 1577 2132 1621 551.

273 1638 440 1681 chenae
468 1650 564 1694 sqq.
622 1633 735 1677 Edd.
753 1633 859 1676 Ber.
882 1631 985 1676 Alc.
1033 1631 1171 1674 oret?
1238 1648 1287 1676 ea
1323 1648 1394 1675 ern
1421 1632 1515 1676 fere
1549 1634 1680 1678 habet
1707 1643 1750 1678 et
1779 1633 1826 1676 in
1861 1634 1950 1677 fine
1981 1635 2129 1678 addit:

269 1696 462 1738 dixisse.
518 1691 633 1736 Edd.
658 1689 800 1734 Rhen.
834 1705 929 1748 sqq.
958 1705 983 1734 a
1041 1688 1168 1733 Pich.
1238 1687 1262 1734 ὁ
1291 1689 1342 1733 δὲ
1370 1689 1614 1748 (Tiberius)
1645 1693 1696 1736 ἐν
1713 1689 1876 1748 Ἀντίῳ
1913 1691 2020 1742 τοὺς
2050 1694 2132 1737 τοῦ

261 1753 407 1810 soret.
438 1752 560 1794 dixa
582 1765 636 1794 se
659 1757 744 1792 etc.
1239 1745 1385 1791 Γαΐου
1437 1743 1620 1808 γάμους
1679 1746 1915 1806 ἑώρταζεν.
2009 1750 2135 1806 Quas

328 1807 512 1852 Silano.
573 1806 689 1851 Edd.
713 1805 819 1849 Ber.
836 1802 938 1847 Ale.
963 1802 1169 1847 Rhenan.
1239 1806 1418 1864 nuptias
1434 1806 1614 1850 Tacitus
1636 1816 1861 1852 memorat
1880 1808 1988 1854 infr.
2009 1809 2051 1861 6,
2063 1810 2134 1852 20.

272 1866 378 1910 Ald.
403 1867 619 1917 Sillano,
648 1863 721 1906 hic
746 1869 790 1905 et
814 1860 933 1904 alibi.
1243 1863 1300 1906 ad
1325 1879 1430 1907 ann.
1455 1863 1556 1908 786.

274 1924 670 2031 Rffissssssf'ssffih„
696 1915 1173 2020 ὃζζῐξᾶξάξξζάᾒζζ
1304 1946 1418 1991 cn.
1443 1948 1512 1992 11.
1569 1951 1883 2005 mmmm..
1942 1948 2026 1993 Ed.
2036 1948 2138 1993 Αω.
2217 1935 2222 2017 ᾔ

278 2037 338 2082 cf.
367 2038 585 2082 Priscian.
626 2040 677 2088 1,
716 2051 760 2094 p.
791 2034 890 2077 560.
944 2041 988 2077 et
1021 2032 1174 2076 velius
1246 2007 1553 2087 ⁰⁰p⁶⁸⁶⁶nf²ss
1583 2008 1648 2088 ”fi
1669 2012 1798 2052 δοιώ·
2219 2061 2222 2083 ²

279 2096 462 2154 Longus
492 2111 538 2152 p.
564 2093 693 2139 2225.
1303 2079 1511 2121 rettudzt.
1571 2077 1647 2122 sm
1681 2080 1750 2123 ed.
1774 2078 1914 2123 Bekk.
1964 2079 2139 2123 retudit
2218 2085 2222 2109 ¹

337 2167 484 2208 neque
509 2168 594 2195 nos
609 2183 620 2195 0
638 2183 649 2196 ·
664 2181 677 2195 ·
699 2149 1024 2205 comperimus·
1083 2146 1175 2190 Dio
1249 2132 1350 2202 efld·
1382 2134 1489 2178 Ber·
1512 2133 1612 2179 Alc·
1638 2135 1841 2180 Rhenan·
1863 2153 1961 2196 sqq·
2019 2144 2141 2181 retu·

281 2209 352 2258 58,
363 2211 433 2252 25.
454 2210 509 2251 de
525 2210 679 2252 eadem
697 2225 745 2251 re
761 2208 891 2250 habet
905 2205 1014 2250 haec
1029 2205 1085 2249 ad
1103 2221 1176 2248 an.
1249 2194 1304 2234 ht
1324 2191 1396 2235 ed·
1421 2191 1614 2238 Nande!-

280 2267 382 2310 787.
413 2265 506 2310 ἀλλ’
534 2264 694 2319 ἐπειδὴ
717 2261 912 2321 τάχιστα
941 2266 1181 2310 νεανίσκος
1306 2263 1512 2306 noxium
1548 2265 1892 2309 coniuratiomle.
1964 2262 2142 2309 Genffi-

282 2340 375 2380 τις,
408 2325 619 2381 Δροῦσος
653 2323 800 2380 λέγων
830 2318 971 2376 εἶναι,
1004 2324 1181 2378 nepa-ts
1249 2336 1334 2365 vus
1356 2322 1714 2379 supplementum
1737 2331 1802 2366 est
1824 2322 2048 2381 plerisque
2071 2323 2145 2367 ad·
2216 2325 2222 2359 ’ῑ

283 2381 368 2438 τὴν
393 2378 592 2426 Ἐλλάδα
628 2382 706 2424 καὶ
747 2380 851 2438 περὶ
892 2377 975 2432 τὴν
999 2376 1181 2420 Ἰωνίαν
1250 2378 1443 2430 ieefivis,
1487 2387 1539 2422 ut
1572 2379 1755 2433 doceat,
1784 2397 1875 2439 quo
1907 2379 2149 2439 respiciant
2219 2385 2222 2396 '

285 2437 446 2496 ὤφθη,
475 2441 554 2483 καὶ
576 2439 789 2491 ἐδέξαντο
813 2434 957 2481 αὐτὸν
977 2432 1183 2494 ἀσμένως
1253 2435 1482 2487 adiectivi‚
1530 2436 1662 2496 plane
1698 2447 1748 2480 ut
1778 2439 1894 2497 apud
1929 2438 2144 2481 Graecos.

217 2534 220 2538 .
288 2501 337 2541 αἱ
369 2494 524 2547 πόλεις
559 2498 636 2540 καὶ
674 2492 943 2552 συνήραντο.
1010 2490 1100 2536 κᾶν
1139 2492 1184 2540 ἐς
1258 2493 1316 2537 cf.
1338 2492 1449 2534 Hist.
1479 2494 1516 2543 1,
1538 2493 1608 2536 49.
1639 2510 1756 2537 suae
1782 2510 1975 2552 parcus,
1999 2497 2147 2549 publi·
2220 2514 2222 2517 ·

289 2554 373 2610 τὴν
400 2558 579 2615 Συρίαν
618 2548 920 2612 προχωρήσας
951 2548 1008 2594 τὰ
1042 2562 1187 2608 στρα-
1258 2565 1340 2593 cae
1362 2564 1533 2591 avarus
1569 2554 1649 2604 (sc.
1680 2554 1932 2610 pecuniae).
1994 2552 2083 2594 An.
2103 2553 2147 2601 4,
2219 2594 2222 2603 ,

291 2611 468 2658 τόπεδα
503 2613 747 2669 κατέσχεν,
789 2613 830 2654 εἰ
862 2607 927 2669 μὴ
959 2611 1190 2666 γνωρίσας
1259 2607 1328 2650 83.
1355 2607 1514 2650 callidi
1535 2614 1817 2662 temporum.
1877 2608 2147 2655 Vid.Rams-
2218 2607 2222 2662 J

292 2687 359 2725 τις
381 2668 525 2718 αὐτὸν
545 2673 735 2729 κατέσχε
759 2669 838 2713 καὶ
862 2665 978 2728 πρὸς
1000 2665 1082 2711 τὸν
1106 2669 1189 2709 Τι-
1260 2664 1394 2710 horn.
1420 2663 1502 2709 Gr.
1536 2667 1565 2720 §
1589 2665 1684 2710 107.
1709 2666 1742 2711 f.
2219 2663 2222 2673 ¹
