2222 4030
228 253 354 316 106

895 245 1417 311 ANNALIUM.

1245 28 1284 51 ‘ff‘-

1243 60 1254 83 1

1748 238 1815 326 ‘ff
1830 249 1887 327 τοι.
1903 250 1986 329 πιῑξ.

391 377 638 443 LXXV.
681 374 803 439 Nec
833 391 1069 459 patrum
1102 378 1804 454 cognitionibus-satiatus
1836 384 2072 442 iudiciis

223 470 530 528 adsidebat
552 468 615 524 in
642 486 829 526 cornu
850 466 1183 534 tribunaliS,
1207 486 1282 520 ne
1306 478 1635 540 praetorem
1659 469 1851 524 curuli
1874 471 2074 545 depel-
2111 482 2121 490 ‘

224 556 400 624 leret,
451 551 755 630 multaque
790 573 857 608 eo
894 571 1093 608 coram
1127 551 1407 607 adversus
1440 551 1730 608 ambitum
1769 564 1824 609 et
1863 567 2072 628 poten-

223 640 377 697 tium
406 657 606 715 preces
639 638 974 696 constituta.
1025 635 1128 691 sed
1154 635 1300 690 dum
1333 637 1567 693 veritati
1592 639 1948 707 consulitur,
1997 640 2075 694 li-

223 725 421 782 bertas
454 723 956 798 corrumpebatur.

1040 717 1204 776 Inter
1238 740 1386 797 quae
1423 719 1568 777 Pius
1592 718 1873 779 Aurelius
1907 743 2076 781 sena-

223 820 321 866 tor
336 854 355 880 ,
394 819 632 887 questus
652 808 810 875 mole
833 805 1104 882 publicae
1127 803 1258 860 viae
1281 806 1576 883 ductuque
1603 828 1889 884 aquarum
1912 809 2075 865 labe-

221 895 403 952 factas
438 893 596 952 aedis
622 911 785 961 suaS,
827 890 1114 947 auxilium
1145 900 1380 963 patrum
1416 891 1746 951 invocabat.
1799 893 2076 949 resisten-

223 981 384 1037 tibus
441 978 654 1036 aerarii
696 974 1067 1052 praetoribus
1116 974 1390 1032 subvenit
1433 973 1645 1033 Caesar
1704 979 2074 1054 pretiumque

224 1064 461 1122 aedium
486 1060 733 1121 Aurelio
761 1060 1001 1128 tribuit,
1044 1060 1371 1131 erogandae
1394 1080 1501 1134 per
1521 1056 1767 1118 honesta
1791 1064 2074 1136 pecuniae

223 1149 493 1226 cupiens:
531 1167 709 1225 quam
732 1146 1012 1202 virtutem
1034 1144 1140 1200 diu
1163 1145 1438 1214 retinuit,
1483 1166 1617 1202 cum
1651 1157 1864 1202 ceteras
1903 1168 2077 1204 exue-

220 1246 328 1295 ret.
402 1233 709 1310 Propertio
736 1227 929 1287 Celeri
963 1230 1258 1305 praetorio
1302 1230 1539 1286 veniam
1573 1232 1809 1293 ordinis
1826 1232 1906 1288 ob
1929 1253 2077 1308 pau-

221 1399 278 1445 N.
300 1400 355 1444 A.
383 1399 454 1451 20,
479 1398 517 1441 1.
561 1397 718 1454 Sigon.
747 1395 802 1439 de
827 1394 963 1439 indic.
985 1395 1024 1444 1,
1039 1393 1139 1437 24..

219 1457 436 1501 Heinecc.
477 1456 584 1499 Ant.
616 1455 658 1503 4,
685 1456 726 1506 ὁ,
756 1453 828 1497 39.
914 1452 1115 1509 Quaeret

221 1515 469 1574 quispiam,
499 1530 582 1557 cur
612 1527 743 1556 causa
765 1510 819 1554 de
851 1507 1114 1569 repetundis

219 1574 270 1617 in
314 1580 494 1622 senatu,
552 1586 640 1614 nec
690 1585 844 1613 coram
890 1577 1115 1628 praetore,

218 1630 286 1673 uti
309 1629 420 1672 olim
443 1627 640 1676 solebat,
670 1626 727 1670 sit
759 1633 872 1669 acta.
932 1625 1115 1668 Scilicet

217 1689 460 1732 Maecenas
506 1687 710 1743 Augusto
758 1683 804 1725 id
850 1682 1113 1741 suppedita-

217 1753 368 1795 verat,
407 1751 456 1786 ut
488 1752 740 1792 senatores,
778 1740 1036 1799 liberosque
1073 1747 1116 1783 et

218 1817 382 1845 uxores
405 1817 578 1852 eorum,
608 1800 644 1843 si
669 1798 791 1857 quod
815 1798 987 1842 crimen
1009 1813 1114 1855 gra-

218 1860 313 1903 vius
343 1859 728 1918 perpetraverint,
758 1856 806 1898 in
831 1855 1005 1899 curiam
1033 1854 1114 1898 ad-

219 1917 408 1961 duceret
473 1915 869 1974 cognitionemque
941 1912 1116 1957 senatui

217 1973 514 2033 permitteret.
572 1970 631 2017 cf.
650 1972 742 2015 Dio
765 1972 834 2023 52,
858 1970 928 2014 31.

277 2057 389 2102 CAP.
412 2058 483 2101 75.
513 2057 607 2100 Nec
625 2064 818 2109 patrum
842 2054 1112 2109 cognitioni·

218 2119 300 2160 bus
318 2117 529 2170 satiatus.
587 2113 773 2157 Mollius
793 2114 1112 2169 interpretatur

219 2175 407 2218 Sueton.
431 2173 531 2216 Tib.
561 2187 599 2214 c.
623 2170 692 2213 33.
725 2186 780 2212 oc
796 2172 951 2225 primo
982 2177 1113 2211 eale-

215 2247 306 2274 nus
327 2230 662 2274 interveniebat
675 2259 687 2277 ,
729 2242 788 2270 ne
810 2228 920 2282 quid
937 2242 1109 2282 perpe-

216 2304 326 2332 ram
343 2288 500 2345 fieret.
570 2286 661 2329 Dio
694 2286 762 2335 57,
797 2285 840 2328 7.
882 2286 1109 2342 ἐπεφοίτα

218 2347 272 2390 δὲ
309 2349 387 2390 καὶ
415 2347 492 2390 ἐπὶ
514 2342 570 2388 τὰ
593 2345 687 2386 τῶν
713 2339 952 2401 ἀρχόντων
975 2344 1110 2387 δικα-

217 2400 404 2462 στήρια,
459 2405 537 2447 καὶ
576 2397 989 2461 παρακαλούμενος
1028 2398 1131 2443 ἐπ”

924 2459 1042 2503 vell.
1067 2460 1110 2510 2,

217 2461 374 2506 αὐτῶν
406 2464 485 2506 καὶ
515 2456 728 2521 ἀπαράκλ
736 2475 854 2521 ητος..

181 2525 189 2537 ’
219 2521 316 2565 129.

274 2605 325 2646 in
351 2618 492 2647 cornu
522 2602 778 2646 tribunalis.
839 2601 1026 2647 sueton.
1050 2616 1114 2644 ex

218 2666 413 2705 adverso
426 2663 473 2704 in
492 2669 633 2715 parte
652 2662 861 2715 primori.
894 2660 1011 2703 Dio:
1036 2659 1113 2702 καὶ

218 2721 420 2768 ἐκείνους
457 2720 546 2778 μὲν
585 2719 636 2762 ἐν
675 2720 728 2777 τῇ
769 2719 948 2761 ἑαυτῶν
980 2713 1112 2776 χώρᾳ

218 2780 457 2832 καθῆσθαι
497 2780 593 2832 εἴα,
650 2774 790 2825 αὐτὸς
830 2777 881 2820 δὲ
917 2777 994 2819 ἐπὶ
1026 2778 1110 2818 τοῦ

218 2833 400 2894 βάθρου
458 2836 541 2878 τοῦ
605 2830 904 2889 κατάντικρυς
971 2836 1111 2892 σφῶν

219 2895 432 2953 κειμένου
453 2894 653 2943 καθίζων
675 2907 718 2937 κ.
742 2907 783 2936 τ.
806 2894 847 2935 λ.

276 2980 515 3034 multaque
575 2992 627 3019 eo
657 3008 668 3020 .
693 3006 706 3018 .
728 3007 739 3018 .
764 3008 776 3020 .
838 2976 1109 3019 constituta.

219 3033 345 3078 Suet.
379 3035 410 3079 l.
441 3035 472 3078 l.
519 3034 575 3078 Si
603 3050 741 3090 quem
772 3048 960 3076 reorum
992 3034 1116 3077 elabi

218 3092 375 3147 gratia
399 3106 564 3134 rumor
585 3100 710 3144 erat,
739 3093 913 3134 subitus
932 3096 1112 3142 aderat,

220 3151 475 3205 iudicesque
513 3172 572 3182 -
609 3152 766 3202 legum
805 3157 848 3190 ec
880 3150 1113 3204 religionis

222 3214 268 3249 et
296 3216 492 3258 lnoxae,
541 3210 600 3248 de
642 3223 734 3262 qua
769 3214 1114 3262 cognoscerent,

219 3265 520 3307 admonebat.

229 3376 231 3379 ,
276 3333 479 3378 veritati.
542 3332 822 3378 Iudiciorum
854 3335 897 3378 h.
930 3351 970 3378 e.
1000 3334 1109 3379 inte-

220 3390 393 3492 gri-tati3
422 3407 567 3449 graec.
587 3386 803 3448 ἀλήθεια,
830 3392 994 3439 veritas
1013 3407 1109 3436 mo-

218 3465 269 3494 ra
287 3465 342 3494 ιε.

215 3560 217 3562 ,
280 3521 403 3562 mole
430 3520 640 3574 publicae
675 3520 792 3563 viae.
861 3521 1110 3566 Praeeunte

223 3576 534 3622 Freinshemio
587 3576 844 3636 intelligunt
891 3578 1001 3624 haec
1056 3580 1110 3623 de

1184 1396 1511 1439 transvectione
1551 1396 1819 1440 immanium
1854 1412 2076 1450 saxorum,

1186 1467 1275 1508 qua
1308 1453 1468 1496 domus
1503 1453 1629 1497 urbis
1661 1471 1842 1514 quassas
1873 1455 2077 1510 queritur

1183 1510 1304 1554 Ptin.
1327 1510 1492 1568 Paneg.
1516 1512 1583 1563 51,
1608 1514 1650 1556 1.
1710 1512 1801 1554 Alii
1826 1513 1879 1556 de
1900 1529 2075 1571 aggera-

1184 1569 1306 1612 tione
1323 1578 1365 1612 et
1379 1569 1662 1626 reparatione
1677 1570 1774 1614 viae
1791 1570 2003 1627 cogitant,
2027 1579 2076 1613 ut

1185 1629 1244 1671 ita
1263 1629 1412 1669 moles
1427 1627 1480 1669 sit
1493 1643 1575 1685 pro
1590 1629 1846 1670 molitione.
1891 1627 1990 1670 Hoc
2010 1636 2076 1670 est

1188 1694 1344 1728 contra
1368 1701 1500 1726 usum
1522 1684 1750 1742 loquendi.
1801 1685 1916 1728 Illud
1940 1685 2075 1728 nimis

1186 1741 1412 1798 restringit
1435 1758 1548 1784 rem.
1605 1742 1709 1785 Non
1731 1742 1787 1785 de
1806 1743 2075 1786 immanium

1186 1815 1396 1843 saxorum
1419 1808 1596 1842 tantum
1618 1799 1944 1843 transvectione
1959 1833 1970 1850 ,
1998 1799 2076 1842 sed

1187 1857 1319 1900 etiam
1365 1856 1420 1898 de
1451 1857 1537 1899 alia
1570 1873 1836 1915 quacunque
1871 1857 2076 1900 molestia

1186 1914 1389 1972 publicae
1414 1913 1512 1958 viae
1537 1915 1824 1972 cogitandum
1850 1930 1942 1958 esse
1975 1931 2076 1957 cen-

1185 1989 1275 2024 seo,
1299 1979 1340 2014 et
1362 1971 1646 2028 potissimum
1670 1973 1723 2015 de
1742 1971 2075 2016 transvectione

1183 2029 1456 2072 immanium
1506 2046 1711 2072 onerum.
1790 2029 1934 2072 Moles
1976 2039 2074 2073 tum

1184 2096 1248 2129 est
1268 2083 1436 2144 ἄχθος,
1470 2087 1792 2130 Besclzwerde.

1240 2160 1469 2212 ductuque
1529 2172 1780 2213 aquarum.
1866 2157 2073 2216 Augusto

1183 2214 1431 2272 imperante
1498 2215 1690 2274 plurima
1751 2215 1843 2257 eius
1903 2216 2075 2272 generis

1181 2288 1318 2330 opera
1351 2280 1568 2316 exstructa
1596 2281 1715 2315 sunt.
1770 2272 1829 2316 cf.
1865 2273 2072 2316 Frontin.

1180 2330 1235 2372 de
1269 2329 1455 2387 aquaed.
1489 2346 1528 2373 c.
1550 2330 1591 2374 9.
1616 2346 1727 2388 aqua
1754 2329 1889 2380 Iulia,
1928 2330 2075 2388 Appia

1180 2386 1412 2440 restituta;
1443 2402 1482 2430 c.
1507 2390 1575 2430 10.
1597 2403 1710 2446 aqua
1736 2388 1903 2446 Virg03
1943 2404 1982 2431 c.
2007 2391 2077 2433 11.

1181 2445 1397 2503 Augusta.
1892 2470 1894 2473 v

1242 2516 1425 2558 aerarii
1433 2519 1742 2571 praetoribus.
1801 2517 1877 2560 Sic
1899 2525 1942 2559 et
1963 2517 2075 2562 Hist.

1181 2573 1224 2622 4,
1246 2575 1288 2617 9.
1345 2574 1547 2632 Namque
1572 2575 1803 2632 Augustus
1834 2577 2074 2618 constitue-

1182 2640 1278 2682 rat,
1317 2640 1368 2673 ut
1402 2648 1507 2674 cura
1538 2632 1695 2678 aerarii
1720 2650 1743 2675 a
1765 2634 2072 2691 quaestoribus

1183 2689 1366 2731 urbanis
1403 2689 1457 2731 ad
1500 2691 1748 2747 praetorios
1790 2699 2073 2750 praetoresve

1182 2746 1404 2788 transiret.
1482 2749 1603 2790 Suet.
1639 2748 1746 2791 Oct.
1788 2765 1826 2791 c.
1861 2748 1931 2789 36.
1980 2747 2072 2790 Dio

1184 2803 1250 2855 53,
1274 2804 1319 2846 2.
1351 2801 1468 2863 πρὸς
1496 2804 1579 2859 τὴν
1601 2805 1828 2860 διοίκησιν
1850 2802 1934 2848 δύο
1962 2803 2068 2848 κατ’

1183 2862 1283 2910 ἔτος
1326 2860 1376 2904 ἐκ
1420 2863 1513 2904 τῶν
1561 2860 1965 2920 ἐστρατηγηκότων
1997 2865 2074 2906 αἷ-

1184 2922 1363 2975 ρεῖσθαι
1386 2920 1606 2965 ἐκέλευσε.
1668 2921 1913 2964 thid.e.32.
1944 2921 2074 2964 Clau-

1186 2977 1284 3019 dius
1307 2994 1403 3020 eam
1427 2994 1580 3022 curam
1605 2978 1918 3037 quaestoribus
1938 2981 2074 3022 r‘esti-

1182 3036 1282 3078 tuit.
1339 3035 1463 3077 Suet.
1488 3035 1645 3080 Claud.
1672 3054 1709 3079 c.
1728 3036 1798 3079 24.
1828 3037 1968 3079 Tacit.
1983 3037 2071 3079 An.

1186 3091 1252 3143 13,
1273 3093 1328 3134 28
1354 3101 1397 3134 et
1421 3094 1491 3136 29.
1515 3110 1564 3135 ex
1603 3110 1691 3152 quo
1725 3093 1828 3135 loco
1864 3103 2071 3152 praetura

1183 3150 1364 3192 functos
1399 3151 1564 3193 iterum
1595 3168 1619 3194 a
1641 3150 2071 3195 Nerone-institutos

1185 3208 1517 3264 cognoscimus.

1241 3281 1507 3330 erogandae
1532 3295 1580 3333 p.
1612 3281 1659 3322 h.
1689 3292 1739 3334 p.
1775 3279 1971 3334 cupiens.
2014 3280 2071 3323 cf.

1180 3333 1272 3377 Dio
1297 3334 1363 3385 57,
1387 3338 1452 3378 10.

1241 3404 1479 3460 Propertio
1504 3408 1660 3451 Celeri.
1717 3408 1759 3451 Is
1791 3408 1925 3467 igitur
1954 3408 2071 3452 inter

1183 3478 1352 3519 paucos
1393 3464 1502 3507 illos.
1537 3476 1818 3515 senatorum,
1872 3482 2069 3524 quorum

1180 3520 1381 3623 inqgiam
1409 3523 1684 3567 sustentavit.
1736 3523 1793 3567 cf.
1824 3523 1945 3568 Suet.
1969 3523 2070 3567 Tib.

1186 3595 1227 3623 c.
1303 3611 1315 3624 .
