2222 4030
1775 262 1898 342 2.*ἕὲ
1912 262 2000 344 ⁴⁷53:

230 262 356 325 ιρι
820 232 1402 322 *ANNAHUM
1458 265 1469 274 ·’

202 404 421 452 'mut-at
453 372 624 450 Mosa
672 389 929 449 flumine
960 395 1207 470 eiusque
1253 392 1538 448 immenso
1579 411 1683 458 ore
1725 398 2033 502 eundem
2014 422 2079 457 111

221 477 540 538 Oceanum
584 476 927 539 effunditur.
997 527 1000 530 Α
1931 510 1935 512 -

398 561 536 623 VII.
581 561 951 634 SedCaesar‚
994 565 1138 620 dum
1162 549 1481 633 adiguntur
1504 582 1712 632 naveS‚
1753 533 1970 623 Silium
1992 526 2077 625 l'e-

226 661 427 724 gatum
464 670 599 706 cum
635 650 898 723 expedita
934 669 1115 704 manu
1151 647 1554 721 inruptionem
1579 648 1644 703 in
1670 646 1868 705 Cattos
1892 653 2078 710 facere

224 733 414 791 iubet:
459 733 612 810 ipse,
655 734 855 791 audito
883 730 1719 806 castellumLuppiae'flumini
1744 735 2085 810 adpositu-m·

225 820 512 889 obsideri,
555 838 652 876 sex
673 819 932 892 legiones
959 839 1025 874 eo
1053 818 1235 875 duxit.
1317 814 1524 893 Neque
1550 817 1697 875 Silio
1737 821 1813 876 ob
1851 823 2075 879 subitos

221 906 444 962 imbres
468 905 630 961 aliud
655 916 847 960 actum
862 950 877 973 ‚
930 923 1107 979 quam
1127 914 1195 959 ut
1215 902 1512 957 modicam
1534 905 1815 977 praedam
1841 917 1895 962 et
1920 903 2073 983 Arpi

223 991 509 1066 principis
544 988 847 1047 Cattorum
886 989 1194 1061 coniugem
1227 986 1524 1062 filiamque
1560 1001 1812 1062 raperet:
1881 1012 2072 1068 neque

219 1074 460 1153 Caesari
494 1075 722 1152 copiam
756 1092 986 1153 pugnae
1022 1074 1349 1141 obsessores
1383 1072 1569 1127 fecere
1604 1074 1678 1158 ad
1714 1074 1932 1130 famam
1968 1078 2073 1147 ad-

216 1173 431 1218 ventus
468 1161 590 1217 eius
627 1158 856 1232 dilapsi.
913 1142 1210 1215 tumulum
1243 1151 1442 1214 tamen
1475 1151 1664 1232 nuper
1688 1142 1964 1216 Varianis
1987 1148 2074 1217 le-

216 1245 497 1338 gionibus
534 1256 818 1302 structum
853 1254 908 1325 et
940 1255 1198 1300 veterem
1230 1262 1391 1297 aram
1412 1239 1608 1298 Druso
1634 1243 1807 1299 sitam
1830 1245 2074 1328 disiece-

219 1332 372 1391 rant.
417 1330 674 1386 restituit
705 1349 868 1384 aram
870 1321 1234 1405 honorique
1266 1324 1463 1404 patris
1483 1322 1756 1403 princeps
1791 1330 1923 1405 ipse
1939 1352 2072 1403 cum

214 1416 552 1492 legionibus
586 1414 945 1486 decucurrit:
993 1416 1301 1497 tumulum
1337 1412 1548 1469 iterare
1572 1409 1734 1470 haud
1756 1415 1967 1476 visum.
2018 1428 2073 1474 et

215 1592 321 1637 MS.
346 1591 476 1636 habet
501 1589 768 1640 Vahalam.
801 1607 924 1658 quae
955 1599 1107 1634 tamen

215 1651 366 1693 forma
396 1646 503 1691 alibi
533 1664 628 1690 non
659 1649 907 1694 invenitur.
979 1648 1105 1692 Caes.

212 1707 266 1751 Β.
293 1706 415 1755 G.4‚
442 1708 510 1749 10.
548 1706 709 1758 Vali5s‘
746 1706 902 1749 Sidon.
936 1707 1106 1765 Apolli-

211 1765 332 1810 naris
357 1762 506 1807 Carm.
533 1763 599 1815 13,
618 1763 688 1806 31.
716 1765 957 1808 Vachalis.

270 1842 427 1879 mutat
474 1833 611 1878 Mosa
656 1833 871 1890 flumine.
950 1835 1107 1877 Mutat

208 1893 254 1939 h.
288 1910 326 1941 e.
359 1894 591 1936 wechselt
653 1892 845 1935 Additur
879 1892 1107 1943 ablativus,

210 1961 263 1995 ut
284 1949 403 2010 apud
428 1949 625 1993 Graecos
648 1949 881 2006 genitivus
915 1950 973 1994 cf.
988 1950 1113 1998 Mat-

210 2009 328 2053 thiae
365 2006 733 2061 Gram.§.342.
805 2008 1102 2060 An.16,12.

208 2062 370 2110 Maius
396 2065 602 2120 Claudi'‚1
635 2066 806 2117 Iumus
839 2063 1110 2109 Germanzez

206 2121 444 2168 vocabulzs
468 2131 733 2166 mutantur.

265 2193 381 2239 CAP.
408 2194 451 2236 7.
483 2194 754 2247 adiguntur.
806 2190 1076 2250 ἐπαγονται.

264 2267 511 2309 castellum
553 2263 609 2307 L.
644 2263 699 2319 fl.
742 2267 853 2320 adp.
908 2265 970 2311 cf.
1010 2265 1102 2309 Dio

263 2393 422 2439 duxit.

200 2458 396 2519 'propter
438 2450 708 2516 praecedens
736 2451 884 2494 Qzubet
952 2450 1102 2495 Wol-

205 2511 293 2554 fius
327 2523 422 2552 nou
449 2507 722 2559 adsentitur,
759 2510 970 2565 quoniam
1005 2510 1102 2568 plu·

206 2567 334 2610 ribus
357 2565 477 2609 locis
518 2566 607 2609 sint
641 2565 817 2608 similia.
876 2566 938 2610 cf.
989 2566 1099 2611 infr.

205 2641 248 2671 c.
269 2626 340 2669 20.
371 2623 481 2669 Seio
506 2623 744 2665 Tuberoni
767 2627 922 2677 legato
957 2626 1101 2667 tradit

205 2684 407 2739 equitem
471 2695 815 2736 campumquez
889 2683 1101 2736 peditum

205 2743 353 2783 aciem
373 2740 441 2780 ita
460 2739 713 2787 instruxit,
745 2746 797 2780 ut
810 2753 928 2794 pars
951 2754 1101 2795 aequo

207 2806 291 2841 etc.
343 2799 381 2848 1,
402 2796 470 2840 39.
502 2798 705 2850 imperat
738 2819 795 2828 -—
825 2797 1098 2852 recepitque.

206 2854 323 2897 Sunt
347 2855 425 2912 qui
445 2853 741 2912 negligentiae
775 2854 1004 2919 scriptoiis
1037 2862 1098 2896 ta-

206 2912 265 2955 lia
297 2913 510 2955 tribuant.
584 2913 646 2954 At
678 2927 878 2978 egregius
914 2920 960 2977 ut
993 2912 1098 2955 arti·-

207 2969 278 3011 fex
296 2978 338 3012 et
360 2969 568 3013 consulto
594 2968 701 3012 haec
722 2969 780 3012 ita
805 2968 1099 3012 concinnasse

207 3025 318 3069 mihi
339 3026 536 3078 videtur,
571 3035 703 3084 atque
728 3026 947 3082 sapienter
977 3027 1098 3069 satis-

203 3098 298 3142 ·que
323 3084 501 3127 erudito
528 3100 659 3127 sensu
682 3084 954 3132 distinxisse,
984 3101 1098 3151 quae

205 3142 344 3187 verba
380 3140 607 3191 alacriori,
657 3158 767 3199 quae
799 3140 1100 3198 tranquilliOri

210 3210 347 3242 cursu
377 3197 587 3242 deberent
608 3198 761 3242 fluere.

270 3256 580 3298 tumulum...
607 3262 850 3299 structum.
894 3256 952 3300 cf.
977 3272 1102 3314 supr.

210 3317 250 3382 13
273 3313 343 3356 62.
375 3309 655 3370 κενοτάφιον
685 3330 811 3366 vero,
854 3315 974 3373 quod
1006 3315 1107 3372 lip-

209 3372 302 3415 sius
334 3367 484 3430 Putat,
520 3370 722 3414 tumulus
756 3371 829 3413 ille
863 3389 958 3415 non
989 3372 1105 3424 fuit·,

208 3444 316 3472 nam
350 3445 448 3472 ossa
479 3428 628 3472 medio
654 3428 799 3485 campi
825 3429 1016 3473 albentia
1042 3430 1098 3472 le-

213 3493 369 3553 gerant
409 3495 452 3528 et
491 3487 626 3530 humo
660 3493 873 3529 texerant.
952 3486 1102 3530 Inanis

211 3543 351 3643 ὅπω-
398 3544 598 3587 tumulus
641 3542 714 3584 ille
755 3558 850 3585 non
889 3555 1006 3595 erat,
1055 3552 1105 3587 ut

256 3599 375 3659 irgil.
422 3601 537 3646 Aen.
585 3600 627 3657 3,
668 3598 770 3644 303.
817 3610 862 3644 et
899 3600 1103 3659 Xenoph.

495 2390 742 2435 Ernestius
803 2392 899 2436 vult
965 2395 1129 2446 ducit‚¹

1177 1589 1325 1634 Anab.
1349 1589 1391 1637 6,
1412 1588 1454 1640 4,
1475 1589 1519 1631 9.
1580 1588 1663 1632 Ed.
1675 1588 1779 1639 Ald.
1806 1585 1881 1634 dat
1900 1587 2071 1648 tumul-

1177 1655 1279 1689 tum
1299 1663 1398 1704 pro
1410 1649 1660 1690 tumulum.

1233 1713 1441 1746 veterem
1490 1719 1632 1747 aram
1685 1703 1849 1748 Druso
1904 1706 2067 1750 sztam.

1179 1761 1453 1818 Quaeritur,
1502 1770 1656 1805 utrum
1696 1764 1861 1807 verba:
1910 1764 2072 1806 Druso

1176 1821 1345 1869 si‚tam
1387 1819 1476 1862 sint
1506 1835 1613 1876 pro:
1655 1835 1687 1862 a
1717 1818 1881 1863 Druso
1916 1823 2071 1874 sitam,

1177 1894 1232 1921 an
1254 1892 1362 1933 pro:
1386 1878 1435 1918 in
1455 1880 1679 1919 honorem
1702 1879 2071 1943 memoriamque

1176 1935 1332 1977 Drusi
1359 1936 1518 1977 sitam.
1603 1934 1698 1990 Qui
1734 1934 1847 1978 illud
1878 1937 2070 1992 probant

1176 2008 1282 2035 cum
1305 1991 1636 2044 Freinshemio,
1668 2008 1900 2050 perperam
1924 1994 1972 2037 in
1997 2008 2070 2036 au-

1175 2050 1328 2092 xilium
1353 2059 1518 2094 vocant
1544 2025 1695 2093 lociim
1724 2051 1810 2093 An.
1835 2051 1876 2102 6,
1900 2051 1971 2093 41.
2007 2050 2066 2093 cf.

1174 2107 1234 2150 ibi
1260 2115 1429 2150 notata.
1490 2107 1574 2150 Hic
1597 2115 1746 2150 autem
1770 2108 1878 2151 alter
1901 2107 2070 2151 dativus

1174 2164 1337 2222 prioris
1374 2164 1567 2207 membri
1600 2164 1830 2209 Varianis
1871 2165 2070 2220 legioni-

1174 2223 1256 2263 bus
1297 2222 1399 2265 satis
1426 2221 1618 2273 indicat,
1660 2238 1751 2279 quo
1787 2239 1918 2266 sensu
1960 2223 2067 2266 dati·

1175 2295 1258 2324 vus
1282 2279 1442 2322 Druso
1473 2279 1528 2321 sit
1555 2280 1864 2337 accipiendus,
1905 2295 2068 2338 nempe

1175 2337 1224 2378 in
1238 2336 1388 2379 Drusi
1407 2338 1703 2380 memoriam.
1765 2338 1968 2381 Eundem
1986 2338 2070 2380 da-

1173 2395 1319 2438 tivum
1357 2395 1587 2437 commodi
1614 2394 1659 2437 id
1685 2396 1954 2438 vocabulum
1982 2395 2066 2438 ha-

1173 2452 1248 2495 bet
1300 2451 1410 2494 Hist.
1451 2452 1501 2503 4,
1544 2451 1615 2495 22.
1676 2455 1883 2502 vallum,
1945 2456 2069 2509 quod
2111 2499 2116 2501 ,

1174 2511 1355 2551 duabus
1387 2510 1646 2564 legionibus
1680 2511 1838 2553 situm.
1899 2510 1990 2553 An.
2024 2511 2066 2562 4,

1174 2566 1245 2609 55.
1277 2570 1394 2609 aede
1415 2569 1625 2620 Augusto
1650 2568 1715 2609 ibi
1729 2569 1835 2610 sita.
1895 2567 2066 2611 Absur-

1174 2625 1275 2667 dior
1302 2625 1432 2667 etiam
1460 2624 1635 2666 videtur
1656 2625 1884 2681 legionum
1911 2626 2066 2668 decur-

1173 2681 1238 2723 sio
1264 2698 1354 2724 esse
1380 2681 1433 2723 ad
1459 2680 1579 2724 illam
1608 2697 1730 2723 aram
1752 2681 1894 2734 facta,
1923 2682 1968 2725 ni
1995 2699 2064 2725 su-

1174 2754 1268 2782 mas
1295 2755 1415 2781 aram
1443 2739 1487 2780 in
1512 2738 1651 2781 Drusi
1680 2741 1947 2783 memoriam
1971 2756 2060 2798 po-

1173 2796 1316 2838 sitam.
1377 2794 1555 2839 Deinde
1592 2797 1852 2866 inquirunt,
1892 2814 1948 2840 an
1980 2815 2065 2843 ve-

1171 2862 1242 2896 tus
1266 2854 1338 2896 illa
1363 2870 1435 2896 ara
1457 2854 1512 2896 sit
1533 2850 1841 2910 κενοτάφιον,
1885 2855 1939 2897 de
1972 2871 2063 2912 quo

1167 2910 1258 2954 Dio
1283 2911 1350 2962 55,
1374 2912 1416 2953 2.
1448 2920 1523 2954 aut
1545 2914 1749 2955 tumulus
1769 2915 2064 2962 honoramus,

1171 2969 1225 3011 de
1262 2984 1353 3026 quo
1391 2968 1578 3011 Sueton.
1616 2968 1774 3012 Claud.
1813 2986 1853 3013 c.
1894 2973 1931 3012 1.
2003 2971 2066 3014 At

1171 3027 1394 3069 diversam
1417 3028 1471 3069 ab
1496 3026 1583 3069 hoc
1607 3043 1726 3070 aram
1758 3035 1957 3069 nostram
1991 3028 2063 3070 fa-

1171 3084 1255 3127 cile
1282 3099 1542 3140 cognosces.
1604 3083 1718 3126 Nam
1743 3083 1834 3126 Dio
1871 3081 2063 3128 κενοτά-

1173 3156 1288 3213 φιον
1307 3141 1417 3183 illud
1445 3141 1617 3184 disertis
1635 3158 1713 3184 vex
1719 3141 1782 3182 bis
1806 3143 1931 3198 ponit
1951 3142 2064 3200 πρὸς

1175 3199 1298 3254 αὐτῷ
1324 3200 1386 3254 τῶ
1407 3195 1571 3253 Ῥήνῳ,
1608 3198 1727 3255 quod
1755 3182 2063 3257 accipiendum

1177 3266 1242 3300 est
1276 3257 1329 3298 de
1368 3255 1459 3313 ripa
1500 3255 1685 3299 Gallica.
1746 3255 1862 3299 Hinc
1899 3256 2065 3300 Sueto-

1176 3315 1275 3358 nius
1311 3312 1470 3363 refer‚t
1520 3315 1637 3357 circa
1671 3314 1900 3356 tumulum
1934 3315 2063 3357 illum

1174 3380 1286 3415 stato
1326 3371 1395 3412 die
1431 3371 1670 3427 quotannis
1701 3370 1888 3414 militem
1924 3372 2064 3415 deeu-

1173 3428 1380 3476 currisse‚
1411 3427 1747 3484 Galliarumque
1771 3429 1963 3472 civitates
1983 3446 2064 3487 pu·

1172 3487 1289 3530 blice
1316 3486 1598 3544 supplicasse.
1662 3485 1804 3540 Quod
1838 3487 1935 3528 fieri
1969 3503 2063 3530 non

1173 3543 1322 3601 potuit
1352 3544 1467 3602 apud
1506 3559 1624 3585 aram
1654 3544 1780 3609 sitam
1809 3544 1925 3586 inter
1949 3543 2066 3602 Lup-

1175 3602 1292 3659 piam
1343 3609 1387 3644 et
1424 3600 1686 3659 Visurgim,
1735 3600 1820 3644 nisi
1862 3601 1896 3644 si
1935 3611 2065 3659 [nites
