2222 4030
1841 187 1892 222 A.
1920 187 1970 223 U.
1984 188 2070 222 779.

1845 229 1900 266 A.
1921 229 1967 266 C.
2011 231 2071 265 26.

296 189 420 257 342
898 139 902 142 ·
961 185 1467 248 ANNALIUM

299 318 644 387 discrimen,
708 316 1000 393 suscipere
1047 317 1264 375 sordes.
1359 316 1576 372 frustra
1616 313 1934 377 Pulchram
1976 343 2159 398 rprae-

300 403 509 474 scribi,
551 402 651 459 cui
675 402 800 459 sola
827 402 989 459 exitii
1024 421 1193 458 causa
1231 400 1336 469 sit,
1372 401 1543 476 quod,
1556 394 1948 478 Agrippinam
1985 410 2159 465 stulte

300 507 542 566 prorsus
581 488 658 544 ad
696 488 920 545 cultum
944 485 1225 558 delegerit
1252 485 1437 541 oblita
1459 485 1660 543 Sosiae
1695 489 1774 545 ob
1817 491 2019 548 eadem
2051 495 2160 549 ad·-

299 575 510 633 flictae.
605 568 830 630 Audita
860 568 1005 628 haec
1040 590 1234 626 raram
1270 571 1485 627 occulti
1523 573 1776 646 pectoris
1807 596 2014 637 vocem
2053 579 2162 634 eli-

304 678 503 728 cuere,
551 669 991 733 correptamque
1018 653 1245 711 Graeco
1281 675 1455 712 versu
1490 658 1824 715 admonuit:
1868 681 1992 717 non
2025 663 2161 719 ideo

301 743 487 814 laedi,
531 742 670 820 quia
694 763 819 799 non
841 751 1128 813 regnaret.
1214 737 1472 796 Pulchra
1498 753 1555 798 et
1576 739 1836 800 Furnius
1872 746 2162 803 damnan-

303 839 419 888 tur.

518 823 664 886 Afer
705 825 1067 903 primoribus
1100 835 1412 898 oratorum
1451 826 1687 883 additus
1723 829 2024 904 divulgato
2065 833 2164 888 in-
2193 841 2197 846 '

303 913 476 995 genio
505 923 562 970 et
590 925 783 970 secuta
812 909 1251 967 adseveratione
1274 907 1567 980 CaesariS‚
1609 933 1724 988 qua
1761 934 1865 971 suo
1903 916 2029 972 iure
2070 918 2164 973 di-
2220 973 2222 978 Α

306 1010 528 1056 sertum
573 1018 709 1055 eum
739 995 1076 1071 appellavit.
1164 1006 1312 1054 tmox
1362 998 1729 1071 capessendis
1778 1003 2166 1058 accusationi-

303 1083 417 1141 bus
452 1094 553 1140 aut
588 1103 718 1152 reos
752 1081 999 1137 tutando
1028 1080 1399 1156 prosperiore
1434 1079 1804 1158 eloquentiae
1829 1105 2007 1160 quam
2035 1107 2167 1144 mo-

303 1189 440 1226 rum
473 1169 628 1224 fama
663 1167 805 1236 fuit,
846 1162 968 1220 nisi
1006 1165 1167 1241 quod
1207 1177 1363 1222 aetas
1403 1177 1657 1223 extrema
1698 1169 1955 1230 multum
1989 1172 2167 1228 etiam

306 1253 673 1330 eloquentiae
710 1251 994 1327 dempsit,
1054 1251 1200 1307 dum
1236 1251 1386 1307 se'ssa
1436 1263 1633 1309 mente
1678 1254 1893 1336 retinet
1947 1256 2167 1314 silentii
2218 1271 2222 1331 5

306 1336 755 1414 impatientiam.

473 1431 640 1493 LIII.
726 1429 810 1490 At
843 1431 1175 1509 Agrippina
1212 1435 1485 1509 pervicax
1531 1435 1653 1492 irae
1695 1448 1750 1493 et
1789 1439 1998 1496 morbo
2038 1461 2171 1497 cor-
2220 1435 2222 1439 ¹

305 1518 466 1594 poris
503 1518 854 1594 implicata‚‘
891 1537 1023 1576 cum
1058 1519 1275 1575 viseret
1312 1540 1439 1576 eam
1474 1512 1714 1591 Caesar,
1769 1522 2025 1598 profusis
2065 1526 2171 1582 diu
2216 1510 2222 1520 ⁸

306 1620 374 1660 ac
398 1624 513 1679 ⁴per
538 1604 841 1673 silentium
877 1604 1137 1660 lacrimis
1180 1625 1319 1660 mox
1357 1605 1649 1662 invidiam
1682 1620 1739 1665 et
1770 1619 1969 1683 preces
2009 1612 2172 1667 ordi-
2220 1607 2222 1654 ἕ

306 1696 432 1747 tur:
474 1689 814 1746 subveniret
841 1689 1180 1760 solitudini,
1224 1691 1389 1747 daret
1414 1691 1724 1761 maritum:
1770 1690 2033 1752 habilem
2066 1697 2172 1753 ad·
2220 1691 2222 1738 Ϊ

304 1887 601 1962 intolerabilis
647 1923 713 1957 est
764 1914 934 1958 locutio
985 1923 1028 1956 et
1080 1911 1203 1956 nulla
1279 1914 1348 1956 ed.
1373 1903 1536 1958 Oberl.
1577 1915 1710 1960 habet
1740 1919 2044 1976 plenissimam
2078 1922 2174 1966 dis-

306 1972 554 2031 particulae
573 1975 655 2015 sed
676 1972 837 2014 idonea
866 1971 997 2014 ratio,

324 2043 328 2050 ’
361 2031 625 2083 praescribi.
700 2028 777 2072 Sic
817 2031 884 2080 11,
917 2028 1207 2084 16.‘frustra

308 2087 580 2131 Arminium
602 2087 859 2143 praescribi
869 2104 884 2138 ;
932 2087 1044 2130 llis-t.
1069 2085 1111 2135 3,
1136 2086 1204 2129 13.

305 2145 666 2200 praescriptum
731 2145 780 2185 V
777 2159 926 2199 espas.
1007 2159 1209 2194 nomen,-

311 2202 437 2246 Caes.
456 2200 509 2243 Β.
533 2200 591 2245 G.
625 2202 664 2252 3,
686 2201 755 2244 32.
784 2211 834 2243 ut
855 2204 1055 2243 honesta
1069 2215 1206 2255 prae·

309 2258 559 2313 scriptione
589 2273 692 2316 rem
727 2259 1051 2312 turpissimam
1086 2267 1208 2312 tege-

309 2322 398 2358 ret.
470 2314 653 2358 Etenim
687 2317 946 2367 praescribi
980 2316 1208 2364 dicuntur,

311 2387 426 2431 quae
463 2371 724 2415 scribuntur
754 2371 801 2413 in
831 2371 987 2415 fronte
1021 2373 1209 2415 alicuius

311 2429 400 2480 rei,
451 2437 501 2472 ut
537 2430 762 2472 librorum
797 2428 939 2477 tituli,
990 2445 1013 2471 a
1046 2428 1211 2489 quibus

308 2480 431 2530 'haud
452 2502 556 2532 raro
576 2486 769 2536 multum
796 2485 1066 2544 discrepant,
1099 2501 1211 2542 quae

313 2544 434 2588 intus
457 2543 607 2587 latent.
840 2559 845 2566 ·

369 2596 549 2647 Sosiae.
610 2601 712 2646 Vid.
737 2616 777 2643 c.
807 2600 873 2643 19.

371 2666 743 2715 correptamque.
845 2657 990 2700 Manu
1039 2671 1208 2712 appre-

313 2716 500 2766 hendit,
541 2714 729 2759 Sueton.
755 2715 855 2758 Tib.
888 2732 926 2758 e.
955 2716 1025 2759 53.
1087 2715 1213 2758 Idem

313 2773 483 2832 pergin
527 2773 797 2829 Graecoque
830 2787 991 2830 versu,
1028 2773 1082 2817 Si
1113 2786 1212 2813 non

313 2831 597 2882 dominaris,
637 2831 808 2886 inquit,
849 2832 1035 2886 filiola,
1084 2829 1209 2872 iniue

314 2889 439 2930 riam
463 2895 508 2929 te
531 2889 741 2943 accipere
762 2889 1046 2931 existimas?
1089 2886 1212 2942 Qui-

314 2945 398 2996 bus
417 2944 567 2990 verbis
588 2946 643 2988 ad
664 2961 845 2987 sensum
870 2945 1022 2987 eadem
1047 2944 1210 2987 dicun-

317 3010 392 3044 tur
431 3018 485 3046 ac
517 3018 630 3060 quae
674 3010 780 3046 sunt
821 3003 939 3060 apud
973 3002 1215 3050 Nostrumz

315 3072 410 3100 non
437 3060 541 3105 ideo
563 3060 701 3111 laedi,
733 3061 840 3114 quia
864 3074 958 3103 non
983 3067 1217 3114 regnaret.

317 3115 450 3163 Haec*
481 3117 600 3159 enim
634 3117 682 3159 in
717 3114 819 3158 cod.
858 3117 958 3159 MS.
1000 3131 1218 3174 reppere-

318 3181 427 3216 runt
469 3171 665 3224 Pichena
712 3181 755 3215 et
795 3173 883 3217 Iac.
934 3173 1215 3219 Gronovius.

318 3229 567 3273 Beroaldus
600 3238 641 3272 et
672 3247 770 3288 sqq,
808 3231 1053 3274 omiserant
1091 3231 1216 3289 prius

318 3302 429 3329 mm.
491 3286 684 3330 Pic'hena
708 3298 750 3330 et
771 3287 965 3330 Crollius
991 3288 1216 3331 malebant

318 3361 445 3387 num.
479 3343 568 3387 Sed
581 3343 788 3393 Suetonii
811 3344 1103 3402 interrogatio
1121 3361 1215 3388 non

318 3402 444 3445 iubet
466 3401 654 3445 eandem
677 3401 868 3448 formam
886 3419 980 3446 esse
1001 3403 1119 3460 apud
1130 3402 1213 3445 Ta-

320 3458 476 3502 citum.
530 3458 726 3506 Hillerus
755 3475 857 3501 cum
872 3459 1082 3503 Broterio
1105 3467 1212 3503 vett.

319 3516 419 3559 edd.
454 3516 666 3574 sequitur.
740 3515 851 3559 21on
889 3525 992 3575 post
1023 3518 1214 3564 additus

1278 1971 1566 2024 tinctionem,
1620 1991 1752 2032 quarn
1787 1976 2064 2022 Weikertus
2096 1998 2170 2024 re-
2218 1971 2222 2019 ἶ

1278 2030 1417 2086 petiit.
1471 2030 1699 2074 Nandetus
1726 2033 1935 2091 habet(:).
1990 2037 2172 2081 Rectius

1276 2085 1508 2131 Bekkerus
1532 2105 1638 2144 curu
1661 2090 1888 2147 prioribus
1913 2094 2010 2137 edd.
2035 2111 2173 2153 repo·
2220 2150 2222 2157 Ι

1279 2145 1367 2187 suit
1398 2145 1638 2201 virgulam.

1338 2230 1425 2257 suo
1446 2217 1570 2259 'iure-

1282 2287 1411 2316 cesso
1446 2274 1563 2316 iure.
1642 2275 1742 2319 Hoc
1777 2277 1984 2336 denegari
2016 2289 2177 2338 potest,

1282 2346 1429 2387 neque
1459 2347 1571 2376 vero
1603 2331 1734 2376 illud.
1796 2334 1937 2393 Igitur
1962 2351 2048 2379 suo
2073 2338 2177 2380 iure

1283 2390 1486 2430 ciis-artus
1521 2388 1604 2432 erit
1640 2390 1700 2441 is,
1752 2393 1822 2435 cui
1866 2393 1910 2435 id
1951 2394 2176 2452 epitheton

1285 2443 1493 2499 denegari
1535 2448 1706 2503 nequit.
1788 2449 1881 2493 Cic.
1921 2467 2004 2508 pro
2035 2453 2174 2495 Arch.

1648 2216 1923 2276 Oppositum
1961 2231 2026 2265 est
2066 2239 2175 2266 con·
2220 2204 2222 2206 -

1285 2516 1324 2542 c.
1359 2501 1420 2546 8,-
1442 2516 1527 2544 suo
1563 2519 1663 2545 ture
1693 2513 1853 2548 noster
1890 2507 1969 2550 ille
2000 2509 2155 2551 Ennia
2203 2493 2222 2527 γ’

1281 2566 1467 2601 sanctos
1485 2563 1694 2614 appellat
1711 2571 1891 2614 poetas.
2139 2582 2141 2585 ’

1343 2631 1641 2684 capessendis.
1702 2631 1787 2676 Ed.
1813 2633 1916 2676 Ald.
1944 2651 2180 2691 cape-scen·
2212 2639 2222 2685 '3

1283 2687 1371 2729 dis.
1432 2686 1534 2730 Vid.
1558 2697 1654 2730 not.
1680 2689 1735 2731 ad
1763 2707 1802 2739 c.
1826 2689 1897 2735 48.

1327 2757 1490 2813 fama.
1552 2758 1626 2802 Sic
1658 2760 1758 2803 edd.
1790 2762 1998 2806 Beroald.
2029 2773 2071 2807 et
2101 2782 2180 2808 ce—

1284 2823 1406 2857 terae
1442 2823 1548 2857 vett.
1583 2815 1702 2859 haud
1738 2818 1870 2863 dubie
1898 2837 1919 2862 e
1945 2822 2046 2868 cod.
2075 2822 2178 2865 MS.

1284 2873 1335 2914 111
1359 2871 1700 2923 Gronovianam
1723 2877 1817 2927 (an.
1839 2878 1966 2934 1672)
1995 2878 2183 2937 inrepsit

1270 2929 1465 2983 forma,
1530 2931 1652 2987 quod
1717 2934 1942 2978 retinuere
1999 2936 2178 2981 Ernest.

1292 2986 1449 3032 Oberl.
1479 2987 1668 3031 Nandet.
1696 2990 1885 3048 aliique,
1922 3010 2179 3060 quanquam

1289 3044 1431 3103 Ryck.
1455 3053 1498 3088 et
1512 3045 1742 3090 Broterius
1766 3059 1957 3092 veterem
1983 3060 2179 3108 scriptu-

1289 3118 1386 3144 ram
1420 3113 1761 3147 revocaverant.
1822 3107 2104 3152 Li‘memann.
2137 3118 2181 3154 et

1288 3158 1431 3202 Bekk.
1460 3159 1693 3204 restituere
1708 3163 1868 3216 fama.

1347 3229 1462 3272 CAP.
1496 3229 1565 3279 53.

1287 3285 1337 3329 ἓν
1361 3285 1440 3330 διὰ
1463 3287 1599 3331 δυοῖν
1622 3287 1663 3330 h.
1692 3306 1727 3331 e.
1753 3306 1905 3347 preces
1930 3310 2034 3336 cum
2058 3296 2181 3339 invi-

1287 3344 1359 3390 dia
1388 3345 1560 3389 mixtas.
1634 3345 1854 3400 Queritur
1886 3350 2030 3403 enim,
2070 3352 2178 3395 dum

1318 3410 1512 3444 recatur.
1572 3402 1631 3446 cf.
1664 3403 1798 3451 Roth.
1828 3423 1871 3465 p.
1894 3408 1966 3451 26.
2030 3408 2178 3467 Supra

1315 3459 1419 3509 ,,67.
1451 3460 1682 3503 invidiam
1710 3469 1762 3504 ¹et
1788 3479 1950 3519 preces
1980 3468 2177 3514 misene-.-

1285 3523 1390 3567 rat,
1420 3516 1516 3558 sine
1538 3517 1694 3574 figura.

1644 3232 1874 3276 inuidiam
1915 3245 1959 3278 et
2000 3252 2176 3292 preces.
