2222 4030
1832 250 1882 286 A.
1898 250 1948 285 U.
1969 250 2050 284 778.

1831 293 1882 328 A.
1904 293 1950 330 C.
1994 295 2053 327 25.

285 256 411 317 324
964 250 1464 313 ANNALIUM

285 386 353 446 C.
375 384 642 442 Cassium
675 381 1088 440 Romanorum
1115 382 1395 437 ultimum
1427 379 1681 440 dixisset.
1769 380 2140 440 Accusabant

287 470 514 529 Satrius
554 467 860 525 Secundus
901 479 956 525 et
985 466 1258 524 Pinarius
1294 463 1470 522 Natta
1512 464 1715 522 Seiani
1758 467 2023 526 clientes:
2076 469 2140 525 id

284 555 667 631 perniciabile
701 560 830 623 reo',
884 566 941 610 et
973 551 1184 608 Caesar
1219 550 1373 607 truci
1406 551 1576 607 vultu
1606 551 2008 609 defensionem
2044 573 2140 609 ac-

285 642 539 716 cipienS,
586 660 774 715 quam
807 636 1140 695 Cremutius
1184 635 1608 711 relinquendae
1656 635 1810 693 vitae
1851 651 2040 695 certus
2075 639 2139 692 in

284 724 443 783 hunc
471 726 718 780 modum
752 741 985 780 exorsus
1015 731 1125 776 est:
1169 718 1407 789 „Verba
1427 741 1558 777 mea
1582 720 1667 780 .Ρ.
1692 719 1756 780 C.
1786 735 2139 796 arguuntur:

282 813 482 881 „adeo
516 810 806 866 factorum
834 809 1116 862 innocens
1145 825 1294 863 sum.
1363 808 1464 863 sed
1499 827 1690 883 neque
1712 803 1854 864 haec
1884 809 1948 863 in
1972 809 2139 885 prin-

281 940 316 966 „
334 897 523 972 cipem
547 907 647 952 aut
666 892 950 970 principis
973 901 1304 965 parentem,
1349 910 1496 968 quos
1526 892 1620 947 lex
1660 894 1976 951 maiestatis
2013 914 2139 950 am-

279 981 622 1058 „plectiturz
688 978 942 1034 Brutum
981 988 1036 1031 et
1071 974 1338 1032 Cassium
1373 977 1701 1033 laudavisse
1740 979 1931 1045 dicor,
1990 1000 2139 1055 quo—

280 1087 459 1136 „rum
488 1085 580 1122 res
614 1075 823 1138 gestaS‚
860 1082 995 1117 cum
1023 1061 1270 1136 plurimi
1294 1061 1761 1137 composuerint,
1804 1083 1977 1119 nemo
2014 1064 2139 1119 sine

282 1149 559 1222 „honore
591 1147 956 1205 memoravit.
1044 1145 1219 1202 Titus
1251 1144 1461 1203 Livius
1499 1148 1866 1224 eloquentiae
1905 1170 1969 1204 ac
2004 1149 2140 1204 fidei

274 1237 655 1313 „praeclarus
682 1234 745 1288 in
771 1232 979 1308 primis
1004 1229 1115 1290 Cn.
1140 1230 1494 1307 Pompeium
1521 1233 1700 1290 tantis
1734 1233 2012 1290 laudibus
2044 1244 2140 1290 tu-

276 1323 422 1392 „lit,
477 1333 543 1377 ut
573 1318 1006 1394 Pompeianum
1046 1337 1180 1373 cum
1218 1310 1520 1391 Augustus
1553 1319 1896 1394 appellaret:
1947 1339 2140 1395 neque

277 1408 386 1478 „id
432 1405 722 1462 amicitiae
785 1423 992 1460 eorum
1046 1402 1260 1461 offecit.
1375 1402 1743 1479 Scipionem,
1780 1399 2141 1471 ‘Ast-auium,

272 1489 477 1563 „hunc
514 1490 709 1564 ipsum
737 1487 1037 1556 Cassium,
1078 1482 1240 1544 hunc
1265 1486 1524 1546 Brutum
1555 1509 1849 1566 nusquam
1881 1491 2140 1547 latrones

273 1589 378 1648 „et
402 1575 753 1652 parricidaS,
796 1594 946 1650 quae
985 1593 1146 1630 nunc
1180 1575 1469 1630 vocabula
1507 1574 1928 1650 imponuntur,
1971 1595 2140 1652 saepe

273 1674 386 1733 „ut
432 1660 682 1733 insignis
724 1659 886 1716 viros
935 1659 1224 1717 nominat.
1339 1654 1539 1715 Asinii
1584 1658 1879 1716 Pollionis
1925 1661 2139 1735 scripta

271 1794 304 1816 „
319 1746 607 1820 egregiam
635 1746 958 1801 eorundem
982 1743 1333 1800 memoriam
1358 1746 1625 1802 tradunt:
1687 1743 1968 1802 Messalla
1989 1744 2140 1803 Cor-

271 1833 492 1902 „vinus
519 1832 935 1906 imperatorem
964 1849 1136 1886 suum
1158 1827 1428 1886 Cassium
1451 1829 1851 1906 praedicabat:
1899 1843 1955 1888 et
1978 1843 2140 1888 uter-

270 1938 429 1994 „que
455 1917 786 1992 opibusque
816 1927 996 1991 atque,
1015 1911 1347 1972 honoribus
1371 1916 1735 1990 perviguere.

274 2003 553 2072 „ceronis
578 2002 734 2057 libro
754 2047 770 2070 ‚
812 2022 928 2077 quo
956 1997 1243 2058 Catonem
1271 2001 1432 2057 coelo
1458 2001 1757 2077 aequavit,
1802 2002 1948 2079 quid
1976 2003 2139 2059 aliud

273 2089 569 2158 „dictator
594 2085 809 2143 Caesar
839 2106 1018 2162 quam
1047 2087 1329 2160 rescripta
1364 2087 1632 2143 oratione
1656 2088 1817 2144 velut
1853 2089 2010 2163 apud
2043 2088 2139 2144 iu-

270 2174 470 2242 „dices
516 2171 859 2247 respondit?

270 2258 460 2328 „falsa
514 2258 752 2334 quidem
815 2257 880 2311 in
925 2253 1260 2330 Augustum
1306 2258 1556 2332 probra,
1622 2259 1725 2314 sed
1770 2259 1958 2315 multa
2004 2279 2137 2315 cum

1822 1915 2016 1974 Marci
2037 1915 2139 1974 Ci-

945 2167 1200 2227 Antonii
1251 2171 1556 2247 epistolae,
1608 2170 1782 2229 Bruti
1824 2173 2138 2230 conciones
2218 2177 2222 2183 “

270 2342 631 2413 „acerbitate
666 2337 915 2396 babent:
974 2342 1234 2397 carmina
1272 2340 1546 2399 Bibaculi
1584 2354 1639 2399 et
1669 2342 1891 2401 Catulli
1925 2345 2138 2400 referta
2218 2379 2222 2404 ι

269 2426 689 2498 „contumeliis
722 2423 1040 2482 Caesarum
1076 2426 1380 2497 leguntur:
1425 2429 1527 2483 sed
1562 2428 1686 2503 ipse
1728 2428 1900 2485 divus
1932 2427 2137 2499 Iulius,

226 2528 229 2532 ·
273 2513 441 2590 „ipse
479 2512 652 2569 divus
689 2506 990 2587 Augustus
1036 2521 1093 2568 et
1132 2511 1320 2568 tulere
1363 2511 1473 2570 ista
1509 2522 1566 2568 et
1593 2513 1919 2590 reliquere,
1976 2510 2134 2570 haud

329 2680 494 2726 Seiani
542 2681 743 2723 clientes.

271 2754 405 2782 omne
440 2737 679 2781 infortunii
714 2735 893 2778 initium
931 2735 1040 2787 fuit,
1094 2732 1166 2779 ὅτι

268 2799 332 2852 τῷ
352 2797 540 2851 Σηΐανῷ
560 2796 907 2853 προςέκρουσεν.
967 2794 1058 2836 Dio
1082 2794 1111 2836 1.
1132 2793 1162 2835 l.

268 2854 325 2896 Et
347 2853 518 2896 Seneca
555 2868 681 2895 cons.
711 2853 764 2894 ad
785 2851 1006 2894 Marciam
1029 2850 1162 2906 (Cre-

271 2911 399 2954 mutii
422 2910 579 2962 filiam)
615 2926 654 2952 c.
675 2910 748 2952 22.
779 2910 1081 2951 Irascebatur
1099 2909 1170 2950 illi

231 3010 234 3012 ,
269 2971 325 3010 ob
349 2983 497 3010 unum
526 2975 611 3009 aut
638 2970 843 3009 alterum
874 2968 1065 3008 liberius
1084 2966 1163 3007 di-

269 3034 419 3076 ctum,
449 3028 571 3081 quod
596 3025 771 3067 tacitas
793 3025 929 3080 ferre
950 3038 1048 3064 non
1069 3039 1160 3078 po-

269 3090 428 3125 mer-at
468 3081 695 3124 Seianum
743 3083 789 3123 in
828 3083 1027 3123 cervices
1072 3096 1163 3122 no·

267 3147 394 3183 seras
414 3154 496 3180 nec
516 3140 698 3193 imponi
715 3142 900 3195 quidem
913 3141 994 3180 sed
1010 3153 1161 3180 escen·

268 3200 400 3239 dere.
459 3195 811 3238 Decernebatur
837 3197 908 3238 illi
929 3202 1091 3238 statua
1111 3199 1161 3238 in

268 3254 483 3308 Pompeii
518 3256 703 3295 theatro
741 3256 987 3308 ponenda,
1038 3256 1164 3308 quod

270 3320 494 3354 exustum
517 3312 714 3366 *Caesar
754 3312 998 3367 reficiebat.
1056 3310 1160 3352 Ex-

269 3369 491 3411 clamavit
516 3368 716 3418 Cor'dus,
759 3376 867 3410 tunc
895 3382 998 3410 vere
1022 3370 1162 3410 thea-

270 3435 401 3469 trum
418 3426 596 3480 perire.

324 3486 442 3525 adeo
484 3483 726 3539 sactorum
777 3483 995 3523 innocens
1034 3496 1158 3524 sum.

266 3540 360 3584 Dio
384 3540 417 3583 ¹l.
441 3540 473 3581 l.
510 3536 628 3582 οὕτω
665 3538 753 3596 γὰρ
786 3538 923 3581 οὐδὲν
954 3539 1161 3597 ἔγκλημα

269 3599 477 3642 ἐπαίτιον
539 3599 697 3651 λαβεῖν
755 3594 986 3651 ἠδυνήθη,
1051 3596 1160 3644 dicre

1238 2811 1340 2845 cos,
1371 2793 1541 2836 scilicet
1564 2810 1621 2836 ne
1645 2794 1969 2851 impedimento
1988 2804 2133 2838 essent

1236 2851 1439 2908 sequenti
1457 2851 1560 2894 voci
1573 2854 1701 2899 haec,
1724 2867 1836 2908 quae
1858 2852 2056 2894 refertur
2078 2853 2132 2895 ad

1239 2911 1397 2951 Verba
1409 2924 1520 2951 mea
1536 2924 1682 2967 neque
1702 2909 1755 2951 ad
1772 2909 2040 2952 vocabulum
2052 2910 2132 2965 fa-

1236 2975 1419 3009 ecorum
1435 2965 1637 3024 proxime
1652 2967 1934 3022 praecedens.
1965 2967 2052 3009 Sed
2069 2967 2132 3009 ni-

1235 3024 1314 3066 hili
1348 3032 1452 3066 sunt
1475 3024 1582 3067 unci
1604 3023 1684 3066 illi.
1752 3022 1831 3066 Est
1865 3039 2051 3081 zeugma
2085 3025 2131 3067 in

1235 3082 1354 3124 loco.
1801 3099 1811 3106 ·

1292 3139 1519 3193 rescripta
1577 3140 1805 3180 oratione.
1897 3137 2127 3181 Plutarch.

1236 3194 1361 3238 Caes.
1385 3196 1425 3240 3.
1462 3197 1512 3240 ἐν
1542 3197 1593 3255 τῇ
1628 3194 1742 3252 πρὸς
1761 3197 1999 3254 Κικέρωνα
2026 3200 2130 3253 περὶ

1233 3250 1453 3301 Κάτωνος
1485 3252 1766 3312 ἀντιγραφῇ.
1828 3252 2017 3296 sueton.
2045 3255 2129 3300 lul.

1235 3327 1276 3354 c.
1301 3310 1370 3352 56.
1416 3310 1537 3353 Gell.
1555 3310 1596 3359 4,
1613 3311 1680 3353 16.
1726 3310 1920 3365 Quintil.
1943 3311 1982 3362 3,
1997 3312 2037 3355 7.
2052 3312 2124 3354 28.

1236 3368 1436 3412 luvenal.
1459 3369 1501 3415 6,
1523 3367 1623 3410 337.
1671 3368 1778 3410 Bon
1796 3376 1897 3410 vett.
1913 3368 2014 3411 libri
2038 3370 2127 3422 epi-

1235 3428 1403 3476 stulae,
1427 3425 1492 3468 uti
1517 3425 1682 3477 solen13
1714 3425 1816 3467 dein
1839 3427 2049 3479 adgnita.

1278 3482 1415 3538 fal-sa
1431 3485 1629 3538 quidem,
1660 3486 1743 3525 sed
1761 3485 1912 3523 multa
1928 3491 2009 3525 etc.
2060 3482 2125 3526 Ne

1236 3540 1387 3581 audias
1407 3540 1655 3590 Kritzium,
1687 3539 1763 3596 qui
1789 3540 2126 3593 (AIIg-Sclmlz.

1239 3597 1360 3640 1830.
1393 3613 1462 3640 nr.
1492 3597 1574 3651 17.)
1599 3597 1690 3639 vult
1711 3604 1757 3638 et
1778 3599 1944 3639 multa.
2012 3599 2121 3640 Nam

841 2677 957 2721 Nam
1009 2676 1163 2721 Cordo
1236 2694 1277 2722 κ.
1308 2693 1349 2722 τι
1380 2681 1421 2722 λ.
1483 2677 1714 2722 Victorius
1748 2678 1794 2722 in
1828 2679 2017 2737 exempl.
2053 2695 2133 2723 suo

1236 2735 1445 2779 Beroald.
1468 2734 1534 2778 his
1556 2735 1700 2778 verbis
1724 2736 2022 2780 circumdedit
2041 2754 2130 2780 un-
2207 2744 2210 2748 '

2220 3291 2222 3303 A

2204 3447 2208 3455 ι

2207 3474 2213 3490 t
