2222 4030
1263 38 1271 73 l

1845 195 1901 233 A‘.
1911 194 1962 231 U.
1981 196 2068 232 776.-

1845 242 1898 274 Α.
1918 239 1965 276 C.
2004 242 2066 276 23.

296 198 439 259 2951
964 192 1498 256 ‘ANNALIUM'
1558 236 1561 239 -
1631 253 1634 255 .

302 329 507 387 eadem
528 327 745 384 virtute
764 344 833 382 ac
854 324 1139 382 modestia
1164 333 1331 396 agere
1347 367 1364 392 ‚
1405 322 1545 399 quia
1567 323 1918 405 plerumque
1934 331 2170 407 'inopes

305 434 373 472 ac
406 410 541 485 vagi
572 414 780 486 sponte
826 408 1101 467 militiam
1135 418 1396 465 sumant:
1448 411 1897 488 percensuitque
1934 417 2154 472 cursim

303 516 619 555 numerum
641 495 944 569 legionum
967 506 1024 552 et
1048 512 1191 570 quas
1215 493 1551 567 provincias
1572 505 1921 558 tutarentur.
1975 498 2155 572 Quod

301 577 458 639 mihi
490 600 730 658 quoque
760 579 1197 656 exsequendum
1225 598 1390 646 reor,
1432 598 1581 654 quae
1603 591 1732 637 tum
1755 580 2030 640 Romana
2055 606 2155 642 co-

300 667 402 743 pia
426 666 494 722 in
531 665 747 736 armis,-
767 665 884 742 'qui
920 661 1064 720 socii
1097 680 1288 735 reges,
1336 675 1566 739 quanto
1593 666 1669 723 sit
1703 669 2023 741 angustius
2040 669 2156 726 im·-

303 751 646 828 peritatum.
1151 758 1154 761 ’
1274 754 1279 759 ’
1545 757 1552 763 ’
1604 778 1610 782 ·
1707 757 1715 765 ’
1835 759 1839 765 ’

468 860 544 923 V.
611 859 842 919 Italiam
886 869 1140 934 utroque
1176 854 1348 931 mari*
1375 860 1525 917 duae
1566 861 1826 933 classes,
1851 861 2155 922 Misenum

300 947 459 1024 apud
494 958 552 1017 et
581 945 963 1017 Ravennam,
1012 944 1464 1022 proximumque
1502 942 1732 1018 Galliae
1763 948 1904 1005 litus
1935 962 2156 1008 rostra-

299 1031 592 1102 tae'‘na⁴ves
617 1029 1060 1108 praesidebant,
1106 1049 1249 1105 quas
1275 1024 1516 1087 Actiaca
1541 1031 1790 1088 victoria¹
1808 1045 2008 1109 'captas
2025 1026 2156 1092 Au-

300 1118 507 1192 gustus
522 1118 588 1174 in
623 1115 910 1191 oppidum
932 1112 1343 1171 Foroiuliense
1374 1115 1615 1174 miserat
1653 1117 1852 1174 valido
1891 1139 2024 1190 cum
2059 1140 2156 1177 re-

297 1203 471 1277 mige.
557 1201 672 1260 Sed
693 1200 1075 1276 praecipuum
1097 1201 1285 1271 robur
1301 1197 1585 1271 Rhenum
1611 1202 1770 1273 iuxta
1785 1248 1802 1273 ‚
1846 1201 2156 1262 commune

297 1286 720 1364 iii'Germanos
744 1282 1068 1361 Gallosque
1087 1286 1478 1356 subsidium,
1504 1299 1635 1345 octo
1672 1287 1932 1361 legiones
1969 1301 2155 1362 erant.

296 1369 620 1448 Hispaniae
647 1363 849 1427 recens
874 1371 1239 1445 perdomitae
1275 1372 1466 1429 tribus
1503 1366 1889 1434 habebantur.
1930 1368 1933 1373 ⁸
1965 1374 2157 1448 ¹Mau-

297 1463 396 1514 ros
432 1455 579 1514 Iuba
609 1475 711 1513 rex
745 1467 1043 1531 acceperat
1081 1456 1307 1513 donum
1340 1457 1548 1532 populi
1583 1455 1862 1518 Romani.
1944 1468 2155 1517 'cetera

296 1538 529 1599 Africae
574 1561 682 1617 per
727 1541 873 1597 duas
920 1540 1178 1614 legiones
1230 1543 1477 1618 parique
1523 1563 1772 1600 numero
1824 1539 2152 1623 Aegyptus:

296 1623 511 1683 dehinc
565 1626 738 1697 initio
799 1626 874 1683 ab
920 1624 1093 1704 Syria
1146 1647 1333 1704 usque
1378 1629 1454 1683 ad
1503 1628 1726 1685 flumen
1770 1625 2155 1705 Euphratem,

291 1858 419 1912 gebe.
475 1855 557 1902 Sin
578 1855 828 1915 scripsisset
851 1856 1187 1912 suppeditaret,

292 1922 391 1959 tum
431 1922 614 1973 negaret
652 1914 843 1974 militem
884 1913 1187 1958 voluntarium

292 1987 343 2016 re
363 1987 470 2019 vera
507 1986 626 2023 esse,
667 1971 841 2029 fingens
875 1980 1052 2023 tamen,
1072 1974 1186 2014 'rem

292 2029 391 2081 fieri
414 2045 568 2088 posse:
595 2037 773 2083 gesetzt
792 2044 842 2072 es
857 2031 994 2084 giibe.

350 2102 450 2130 non
475 2090 641 2130 eadem
670 2088 839 2128 virtute
871 2096 926 2129 ae
953 2086 1188 2128 modestia

293 2159 450 2198 agere.
482 2162 487 2169 ¹
514 2142 574 2186 ef.
589 2143 701 2200 Agr.
726 2142 848 2188 0482.
869 2143 1022 2202 ibique
1043 2152 1142 2186 not.

351 2208 528 2257 quanto
565 2203 624 2243 sit
656 2202 901 2254 angustius
937 2201 1187 2256 imperita-

293 2267 407 2302 tum.
431 2258 555 2301 Bene
569 2256 743 2315 Lipsius
757 2258 1066 2302 animadvertit
1080 2257 1188 2301 haee

293 2315 383 2360 dici
421 2315 472 2358 in
508 2313 688 2357 laudem
723 2314 930 2366 Traiani,
955 2315 1052 2373 ⁴qui
1085 2316 1186 2359 Ro-

293 2372 676 2426 mantzfmperii,
731 2375 854 2428 quod
881 2380 991 2427 pose
1021 2375 1187 2426 Augu—

291 2438 416 2475 stum
438 2430 678 2486 defensum
696 2429 1029 2486 magl'ssuerat
1043 2444 1187 2484 quam

293 2487 518 2530 nobiliter
554 2488 862 2539 ampliatum,
888 2487 1015 2543 fines
1050 2489 1187 2540 longe

293 2547 481 2601 lateque
517 2544 714 2600 diffudit.
779 2544 969 2604 Eutrop.
1000 2543 1041 2596 8,
1068 2544 1109 2586 2.
1144 2552 1188 2587 et

295 2600 402 2657 Tac,
427 2601 516 2645 An.
540 2602 582 2654 2,
606 2600 675 2657 61.
775 2648 778 2652 ,

307 2708 309 2711 ,
352 2659 465 2713 ΟᾼΡ.
498 2658 541 2701 5.
620 2657 855 2712 M‘z'senum
897 2661 1041 2714 apud.
1113 2656 1186 2701 Ad

293 2717 477 2761 tutelam
505 2712 641 2758 inferi
666 2715 840 2769 maris,'

353 2782 399 2818 et
420 2775 712 2820 Ravennam
784 2765 1062 2816 A'd'tutelam
1087 2777 1199 2815 ma-'

294 2831 357 2875 ris
378 2830 544 2890 superi.
607 2831 666 2874 cf.
692 2829 814 2874 Suet.
836 2829 942 2874 Oet.
972 2830 1009 2873 c.
1031 2830 1102 2872 49.

347 2889 698 2945 praesidebant.
760 2889 818 2931 cf.
844 2892 942 2930 not.
969 2887 1023 2931 ad
1049 2887 1090 2938 3,
1113 2885 1185 2930 39.

353 2954 454 2988 octo
477 2946 698 3000 legiones.
760 2944 818 2988 cf.
841 2947 879 2996 13
902 2944 948 2988 3.

353 3017 512 3046 recens
526 3002 839 3059 perdomitae.
880 3003 951 3045 Ab
967 3002 1190 3058 Augusto.

297 3059 357 3103 cf.
383 3059 508 3104 Suet.
535 3059 642 3103 Oct.
673 3075 711 3102 c.
732 3060 784 3103 21
813 3066 856 3102 et
878 3060 946 3102 81.
1004 3060 1096 3101 Dio
1120 3058 1189 3109 51,

297 3118 368 3161 20.
401 3117 468 3168 53,
488 3117 561 3159 29.
589 3116 658 3165 54,
683 3117 709 3159 5
733 3125 775 3158 et
799 3118 867 3159 11.

319 3184 336 3191 ⁴·
354 3174 548 3217 Mam-os
556 3175 674 3216 Iuba
691 3189 783 3216 rex
800 3181 1058 3230 acceperat.
1093 3173 1187 3216 Dio

299 3231 368 3284 51,
390 3231 469 3274 15.·
491 3229 560 3282 63,
583 3232 653 3273 26.

354 3293 473 3331 duas
493 3289 709 3342 legiones.
769 3288 857 3332 Per
879 3289 1046 3332 bellum
1069 3289 1187 3332 Tac-

298 3345 496 3389 farinatis
521 3345 652 3388 altera
674 3346 787 3402 legio
811 3363 834 3388 e
850 3346 1082 3390 Pannonia
1107 3347 1188 3388 ad-

301 3403 390 3446 dita
414 3412 496 3446 est.
553 3401 611 3445 cf.
635 3403 675 3450 3,
697 3404 740 3444 9.
801 3403 932 3445 Prius
963 3413 1005 3447 et
1037 3412 1189 3461 postea

301 3468 586 3511 innatantum
607 3459 668 3502 ibi
686 3458 786 3502 suit.
840 3461 900 3503 cf.
916 3461 958 3508 2,
980 3461 1048 3507 52.
1085 3461 1188 3508 infr.

297 3532 336 3560 c»
368 3517 467 3561 23..
500 3514 614 3564 Hist.
644 3517 695 3568 2,
725 3518 795 3562 97.
842 3515 891 3567 4,
925 3519 995 3563 48.
1042 3565 1046 3571 ,
1078 3518 1187 3569 Post

1257 1858 1522 1915 Aegyptus.
1552 1859 1732 1916 plenam
1797 1857 2156 1914 distinctionem,

1260 1931 1373 1974 quae
1410 1923 1473 1959 est
1504 1915 1551 1959 in
1586 1915 1710 1968 edd„
1754 1916 1913 1975 sustuli
1953 1917 2156 1960 auetori-

1259 1981 1348 2016 tate
1370 1982 1571 2017 veterum
1594 1973 1863 2017 editionum.
1913 1972 2030 2016 Nam
2052 1991 2153 2018 ver-

1259 2033 1338 2076 ba:
1373 2038 1527 2074 cetera
1551 2061 1618 2075 ...
1637 2033 1896 2088 Aegyptus,
1927 2031 2155 2089 pertinent

1262 2088 1316 2132 ad
1353 2091 1567 2132 coercita.
1646 2087 1800 2147 Inepta
1839 2105 1945 2132 sane
1982 2098 2046 2132 est
2083 2088 2151 2131 el·

1259 2146 1288 2189 li
1325 2146 1408 2195 sis,
1451 2162 1586 2204 quam
1610 2145 1658 2187 in
1685 2145 1913 2203 prioribus
1937 2146 2154 2189 membris

1260 2163 1516 2247 admittunt.
1579 2201 1695 2257 Quia
1730 2203 1777 2245 in
1808 2211 1904 2246 toto
1930 2203 2032 2246 loeo
2057 2203 2152 2246 sin-

1260 2260 1375 2318 gulis
1416 2260 1801 2304 enuntiationibus
1835 2260 2024 2303 verbum
2055 2260 2153 2303 No·
2216 2283 2222 2290 ·

1259 2327 1348 2362 ster
1374 2317 1567 2370 addidit,
1601 2318 1754 2362 nescio
1787 2333 1868 2362 eur
1887 2317 2087 2363 Africam
2112 2326 2155 2362 et

1259 2377 1518 2432 Aegyptum
1542 2373 1801 2442 neglexerit.

1314 2432 1477 2474 dehinc
1508 2434 1639 2474 initzo
1670 2434 1729 2475 ab
1750 2433 1888 2488 Syria
1911 2447 2057 2487 usque
2089 2435 2154 2482 ad

1245 2488 1454 2546 flumen.
1866 2543 1868 2545 Ι

1259 2547 1450 2598 τεῦθεν;
1504 2545 1685 2603 respicit
1727 2545 1781 2588 ad
1822 2544 2152 2603 praesedentia.

1257 2603 1403 2646 Initio
1445 2602 1648 2647 absolute
1694 2603 1904 2660 ponitur,
1954 2601 2153 2660 intellige

1245 2654 1402 2717 sacto.
1456 2659 1726 2703 ‚.Inz'tio·ab
1764 2660 1916 2716 Syria.
1947 2660 2153 2717 exprimit

1259 2727 1491 2773 nostrum:
1532 2732 1623 2758 von
1645 2718 1812 2773 Syrien
1846 2732 1911 2759 an
1942 2717 1986 2760 h.
2024 2734 2062 2761 e.
2091 2717 2152 2760 ita

1259 2783 1309 2818 ut
1339 2774 1519 2818 initium
1546 2774 1622 2817 fiat
1645 2791 1670 2818 a
1693 2774 1839 2835 Syria.
1899 2773 2014 2816 Nam
2040 2774 2151 2818 sim-

1258 2832 1356 2891 plex
1389 2833 1447 2874 ab
1470 2831 1606 2886 Syria
1639 2840 1785 2889 potest
1818 2831 1951 2874 etiam
1987 2831 2045 2874 ita
2076 2831 2152 2876 in·-

1259 2888 1446 2947 telligi„
1466 2898 1514 2932 ut
1539 2889 1665 2946 Syria
1691 2887 1977 2947 relinquatur¹
2006 2905 2063 2932 ne
2098 2905 2153 2932 ue

1260 2955 1569 3004 computetur,
1600 2955 1650 2989 ut
1681 2953 1913 2989 nostrum:
1942 2960 2037 2997 von¹
2083 2963 2152 3002 y-

1259 3005 1361 3046 rien
1381 3006 1468 3047 bis.
1530 3002 1681 3058 Quam
1707 3003 1935 3061 scriptoris
1957 3001 2152 3062 diligen-

1259 3061 1369 3103 tiam
1410 3061 1456 3104 in
1499 3060 1691 3119 dicendo
1739 3076 1844 3114 cum
1885 3059 2152 3118 interpretes

1260 3134 1355 3160 non
1384 3117 1723 3168 intellexissent,
1754 3116 1907 3160 locum
1934 3116 2148 3160 emenda-

1259 3175 1458 3218 tionibus
1493 3183 1728 3218 ornarunt.
1788 3173 2019 3217 Muretus:
2056 3175 2150 3217 im·-

1261 3233 1326 3274 ίιό
1351 3235 1410 3274 ab
1431 3232 1618 3286 Syriae,
1650 3246 1728 3288 per
1754 3229 2151 3287 transpositionem

1259 3292 1420 3346 proab
1438 3289 1578 3346 {nitio
1593 3288 1771 3343 Syriae.
1832 3287 2049 3331 Cronius:
2074 3294 2150 3332 de-

1259 3350 1362 3388 hinc
1383 3348 1573 3404 interior
1595 3346 1744 3403 Syria.
1803 3344 2033 3395 Eruestius
2065 3362 2148 3388 vo-

1261 3403 1471 3458 (zabulum
1525 3403 1655 3445 inicio
1714 3402 1948 3455 insititium
2007 3411 2147 3460 putat.

1259 3458 1525 3518 Rupertius:
1555 3461 1716 3502 dehinc
1742 3460 1900 3513 Cilicia
1924 3476 1978 3512 ete
1992 3461 2148 3516 Syria,

1261 3517 1352 3563 vel:
1404 3517 1661 3562 Phoeniciu
1701 3533 1755 3561 ac
1785 3516 1835 3563 S.
1916 3515 2002 3562 Sed
2042 3517 2146 3560 nul-

1535 2490 1744 2540 Dehinc,
1794 2492 2034 2542 darnach,
2075 2489 2149 2532 ἐν·
