2222 4030
194 150 320 230 Αζσ.
337 186 422 222 m.

194 235 247 269 A.
265 230 313 268 C.
362 230 428 267 24.

604 187 779 251 LIB.
809 185 919 249 lv.
992 183 1192 250 CAP.
1225 191 1328 251 21.
1363 192 1467 251 22.
1841 193 1968 252 313

110 325 375 381 iestatem
409 310 628 380 habiti:
678 319 1007 396 adiecitque
1030 316 1107 374 rin
1141 318 1322 375 domo
1356 319 1483 376 eius
1515 311 1814 378 venenum
1847 340 1970 380 esse

111 429 364 486 eumque
388 407 584 483 gladio
610 406 938 462 accinctum
961 403 1210 461 introire
1239 404 1482 463 curiam.
1539 407 1702 482 quod
1722 417 1792 464 ut
1809 418 1972 466 ‘atro-

111 495 238 551 cius
282 515 424 551 vero
467 491 830 550 tramissum:
884 501 1243 557 ceterorum,
1297 508 1447 564 quae
1480 492 1670 548 multa
1702 486 1974 556 cumula.

109 581 357 649 bantur,
399 588 663 653 receptus
685 587 772 632 est
792 595 956 645 rens,
983 593 1173 652 neque
1195 585 1466 649 peractus
1491 577 1569 633 ob
1589 589 1841 635 mortem
1862 599 1975 656 op-

110 677 445 740 portunam.
551 660 835 720 Relatum
877 672 934 717 et
974 662 1047 717 de
1076 658 1278 718 Cassio
1317 657 1534 717 Severo
1585 663 1808 736 exsule,
1867 665 1975 742 qui

111 751 383 807 sordidae
418 746 696 822 originiS,
755 746 1052 803 maleficae
1093 745 1277 815 vitae,
1331 745 1435 801 sed
1476 748 1690 804 orandi
1724 749 1977 821 validuS,

110 855 218 911 per
238 834 585 891 immodicas
608 832 953 888 inimicitias
967 877 984 901 ,
1028 843 1097 889 ut
1127 829 1346 888 iudicio
1373 830 1552 888 iurati
1575 845 1807 892 senatus
1830 833 1979 893 Cre-

20 913 30 924 ’
109 932 232 978 tam
269 930 667 988 amoveretur,
719 917 1011 974 effecerat:
1070 928 1244 994 atque
1274 915 1400 973 illic
1436 917 1642 973 eadem
1678 921 1975 979 actitando

110 1006 366 1063 recentia
391 1018 704 1082 veteraque
727 1003 866 1060 odia
895 1003 1176 1073 advertit,
1227 1001 1518 1079 bonisque
1554 1013 1761 1061 exutus
1791 1005 1980 1064 inter-

110 1093 267 1149 dicto
296 1090 422 1164 igni
444 1102 620 1168 atque
644 1109 795 1167 aqua
821 1109 959 1146 saxo
984 1084 1262 1165 Seriphio
1285 1087 1614 1149 consenuit.

281 1227 479 1289 XXII.
526 1226 645 1285 Per
677 1228 837 1285 idem
869 1239 1100 1303 tempus
1130 1223 1399 1284 Plautius
1432 1222 1712 1286 Silvanus
1742 1240 1981 1305 praetor

111 1314 353 1372 incertis
406 1314 595 1372 causis
640 1309 973 1388 Aproniam
1021 1312 1332 1387 coniugem
1380 1311 1447 1369 in
1491 1333 1770 1390 praeceps
1817 1314 1979 1374 iecit:

112 1411 448 1476 tractusque
492 1400 568 1456 ad
602 1396 915 1456 Caesarem
965 1399 1039 1456 ab
1071 1397 1143 1458 L.
1177 1394 1449 1473 Apronio
1498 1417 1700 1465 socero
1747 1401 1982 1460 turbata

111 1497 309 1544 mente
354 1483 692 1562 respondit,
745 1495 1030 1561 tanquam
1061 1484 1185 1559 ipse
1222 1502 1430 1541 somno
1471 1484 1665 1559 grav-is
1700 1496 1877 1563 atque
1910 1507 1981 1545 eo

111 1571 352 1646 ignarus
375 1582 433 1628 et
452 1590 602 1627 uxor
624 1580 832 1646 sponte
853 1580 1106 1626 mortem
1129 1569 1488 1644 sumpsisset.
1537 1566 1679 1629 Non
1698 1583 1985 1630 cunctan-

111 1667 202 1715 ter
227 1655 510 1714 Tiberius
544 1656 737 1732 pergit
765 1654 836 1711 in
862 1656 1136 1725 domum,
1179 1655 1319 1712 visit
1351 1655 1713 1714 cubiculum:
1758 1656 1826 1714 in
1862 1678 1982 1736 quo

114 1742 455 1800 reluctantis
496 1754 554 1799 et
591 1740 876 1818 impulsae
907 1740 1151 1814 vestigia
1185 1741 1596 1802 cernebantur.
1691 1743 1881 1803 refert·
1908 1746 1988 1803 ad

111 1839 381 1886 senatum
421 1827 687 1904 datisque
732 1826 1030 1884 iudicibus
1067 1825 1395 1900 Urgulania
1428 1824 1662 1884 Silvani
1698 1828 1833 1886 avia
1871 1851 1987 1906 pu-

113 1913 352 1988 gionem
397 1913 604 1989 nepoti
649 1912 827 1971 misit.
915 1911 1077 1989 quod
1127 1912 1375 1988 perinde
1428 1911 1751 1983 creditum,
1817 1915 1988 1992 quasi

114 1998 401 2075 principis
439 1998 707 2069 monitu,
760 1998 839 2056 ob
871 1997 1194 2056 amicitiam
1225 1991 1525 2071 Augustae
1557 2018 1694 2056 cum
1730 1993 1991 2074 Urgula-

114 2085 235 2144 nia.
321 2104 458 2142 reus
492 2085 711 2142 frustra
747 2093 968 2141 tentato
991 2084 1146 2140 ferro
1171 2102 1354 2140 venas
1378 2082 1654 2159 praebuit
1680 2085 1988 2143 exsolven-

114 2170 237 2230 das.
322 2168 470 2227 Mox
482 2168 848 2228 Numantina
872 2169 1038 2246 prior
1056 2187 1207 2228 uxor
1230 2168 1355 2226 eius
1370 2212 1388 2238 ‚
1428 2179 1696 2227 accusata
1721 2168 1988 2230 iniecisse

115 2373 245 2424 vim,
273 2371 402 2416 nullo
425 2371 703 2416 accusatoris
727 2371 914 2416 nomine
937 2389 1013 2415 ex-

116 2445 296 2488 presso,
340 2439 388 2472 ut
411 2429 467 2473 ita
490 2429 696 2473 Tiberius
718 2430 810 2496 ipse
830 2429 1014 2474 videre-

115 2496 191 2531 tur
233 2487 472 2530 incusasse.
544 2487 598 2530 ln
628 2485 765 2546 Lipsni
810 2488 1016 2532 emenda·

113 2544 236 2589 tione
257 2545 419 2588 merito
442 2559 601 2588 omnes
622 2545 960 2603 acquieverunt.

173 2616 222 2658 ἔα
251 2618 394 2659 domo
417 2646 506 2660 ....
527 2615 728 2660 συνίασι.
791 2613 896 2671 Qua
931 2614 1016 2659 cri-

115 2671 363 2717 minatione
382 2682 617 2716 accusator
638 2672 782 2716 virum
803 2674 1016 2730 arguebat

117 2729 223 2773 mali
262 2729 309 2772 in
341 2727 577 2773 Caesarem
623 2730 816 2773 consilii.
902 2729 1014 2772 Nam

119 2802 221 2830 mox
243 2786 445 2829 additur:
466 2788 590 2841 quod
607 2793 659 2827 ut
679 2788 884 2829 atrocitas
908 2801 1016 2828 vero

118 2846 415 2886 tremissum.
478 2843 564 2887 Atii
598 2852 774 2895 tannen,
805 2851 853 2887 ut
879 2843 1010 2887 ttick-

118 2900 229 2951 less,
271 2898 496 2958 accipiunt
532 2900 586 2943 de
611 2916 785 2945 veneno
810 2899 864 2945 ad
890 2916 1015 2944 suam

118 2958 255 3017 ipsius
298 2974 452 3002 necem
489 2957 639 3000 Pisoni
688 2966 856 3017 parata.
929 2959 1017 3001 Sed

119 3032 311 3075 quaero,
361 3032 468 3058 num
517 3015 559 3058 id
598 3024 684 3058 tam
718 3018 841 3059 at'rox
876 3015 1016 3059 videri

120 3074 342 3134 potuerit,
384 3083 431 3116 ut
460 3074 592 3117 fidem
618 3081 846 3117 senatores
878 3074 1016 3117 dene-

119 3132 312 3190 garent?

178 3211 438 3246 ceterorum
469 3218 588 3259 quae
612 3205 764 3245 multa
794 3211 879 3247 etc.
940 3202 1018 3247 Sic

122 3259 225 3303 edd.
251 3260 451 3305 Rhenan.
474 3277 574 3319 sqq.
644 3261 757 3304 Edd.
782 3261 887 3304 Ber.
916 3260 1015 3304 Ate.

120 3325 503 3375 caeterorumque
525 3322 700 3370 multa,
726 3319 852 3376 quod
866 3319 1017 3362 Victo·

121 3376 215 3420 rius
239 3376 285 3419 in
310 3393 344 3420 a.
360 3393 422 3419 ex.
449 3377 640 3443 correxit
662 3392 746 3444 qus
770 3377 813 3421 h.
829 3394 870 3422 c.
885 3378 1019 3433 quiae.

174 3469 409 3516 peractus.
469 3461 696 3505 Eumenius
718 3461 771 3505 ad
796 3462 837 3505 h.
858 3461 887 3505 1.
913 3460 1020 3503 acri·

124 3520 188 3566 bit
222 3534 359 3563 rcum
386 3533 619 3576 percurre
645 3519 765 3564 Ptin.
792 3536 892 3579 epp.
914 3518 955 3573 3,
976 3520 1017 3563 9.

1085 2380 1130 2414 et
1178 2368 1508 2428 antiquioribus
1553 2370 1640 2416 scri
1676 2371 1850 2418 toribus
1899 2373 1989 2420 dici

1085 2444 1172 2486 pro
1198 2443 1327 2470 reum
1338 2427 1524 2483 facere.
1584 2428 1645 2472 Fa
1667 2428 1789 2473 litur.
1847 2430 1989 2476 Pera-

1086 2500 1196 2540 gere
1212 2486 1377 2542 ubique
1398 2485 1617 2543 significat
1639 2486 1863 2531 actionem
1885 2504 1988 2533 cau·

1089 2560 1162 2586 sae
1189 2558 1304 2601 quae
1328 2542 1402 2590 fit,
1443 2551 1492 2585 ut
1527 2543 1626 2600 quis
1655 2544 1990 2590 condemnetur

1091 2610 1167 2644 aut
1190 2600 1465 2649 absolvatur,
1509 2600 1838 2657 Reumsacere
1862 2602 1990 2649 dice-

1089 2658 1253 2700 bantur
1283 2665 1385 2700 ante
1421 2657 1670 2709 actionem,
1712 2675 1798 2704 nec
1841 2669 1990 2722 potest

1088 2715 1188 2813 puis
1211 2728 1312 2756 reus
1337 2715 1492 2774 peragi
1518 2715 1600 2759 nisi
1626 2723 1865 2775 postquam
1887 2734 1990 2765 reus

1112 2780 1234 2814 actus
1262 2778 1341 2814 est.

1145 2829 1438 2871 immodicas.
1497 2827 1540 2872 h.
1578 2845 1616 2873 e.
1655 2830 1991 2880 vehementissi-

1089 2901 1201 2928 mas.
1272 2886 1348 2929 Sic
1374 2888 1656 2931 immodicae
1684 2896 1992 2946 tempestates

1089 2942 1205 3001 apud
1237 2940 1426 2987 Sueton.
1453 2944 1560 2988 Oct.
1589 2961 1630 2990 c.
1656 2946 1729 2991 47.
1759 2949 1990 2994 immodi-

1090 3015 1195 3042 cum
1215 3002 1376 3057 frigus
1406 3003 1524 3060 apud
1554 3001 1695 3049 Ovid.
1719 3020 1767 3048 ex
1790 3004 1925 3052 Pont.
1947 3009 1991 3062 3,

1094 3058 1215 3105 1,14.
1257 3060 1468 3103 Ceterum
1493 3058 1692 3121 intellige
1714 3061 1991 3117 inimicitias,

1090 3132 1200 3174 quas
1224 3118 1404 3174 gerebat
1423 3117 1468 3161 in
1490 3117 1600 3164 alios
1625 3129 1668 3164 et
1687 3120 1852 3179 quibus
1875 3124 1990 3171 invi-

1090 3189 1187 3216 cem
1213 3172 1469 3219 inimicitias
1492 3175 1572 3220 sibi
1592 3189 1842 3236 paraverat.

1147 3232 1524 3277 e'uratu'senaeus.
1585 3234 1645 3278 cf.
1670 3244 1769 3280 not.
1794 3237 1848 3281 ad
1867 3238 1990 3288 1,74.

1147 3290 1371 3334 aduertit.
1434 3290 1510 3335 sic
1530 3305 1655 3352 supr.
1683 3295 1720 3349 1,
1742 3292 1815 3337 41.
1843 3311 1990 3343 aures

1091 3360 1268 3403 oraque
1287 3349 1551 3406 advertere,
1574 3350 1672 3407 auf
1679 3354 1775 3395 sich
1793 3354 1989 3406 riehten.

1093 3406 1474 3461 προςερέπεσθαι.

1150 3462 1344 3507 Caedi.
1370 3466 1567 3519 perinde
1669 3498 1679 3508 .
1735 3470 1855 3513 uass·-
1911 3471 1991 3519 Sic

1092 3520 1194 3566 libri
1218 3536 1392 3568 omncs.
1432 3523 1490 3570 cs.
1511 3532 1606 3570 not.
1631 3524 1696 3583 ad2
1735 3557 1748 3579 ‚
1770 3526 1837 3574 17.
