2222 4030
1778 257 1830 294 A.
1849 260 1901 298 U.
1920 261 2000 297 768.

1779 301 1896 360 4..st
1943 307 2003 342 15.

153 235 161 249 '
231 264 315 322 90
896 243 1428 321 ANNA'LIUM.

231 393 297 449 in
351 412 468 468 quo
524 382 809 467 reliquiae
861 387 1009 447 Vari
1066 389 1483 466 legionumque
1537 389 1862 465 insepultae
1927 397 2085 454 dice-

229 479 466 538 bantur.

395 608 556 672 LXI.
600 611 791 697 Igitur
827 612 1041 688 cupido
1067 609 1376 668 Caesarem
1415 613 1647 670 invadit
1684 615 1953 671 solvendi
1986 637 2084 674 su-
2138 672 2144 682 Χ

230 715 432 775 prema
491 698 782 761 militibus
848 697 1130 773 ducique,
1199 710 1464 771 permoto
1521 701 1598 755 acl
1648 701 2087 758 miserationem

231 784 398 841 omni
435 782 540 861 qui
574 783 775 842 aderat
807 783 1062 842 exercitu
1108 779 1184 836 ob
1217 783 1613 860 propinquoS,
1679 786 1926 856 amicOS‚
1981 788 2087 842 de-

229 870 413 947 nique
468 861 544 925 ob
591 889 754 926 casus
800 868 1096 924 bellorum
1134 876 1190 921 et
1225 879 1441 923 sortem
1476 865 1807 929 hominum.
1904 869 2086 927 Prae—-

227 955 408 1012 misso
444 951 725 1023 Caecina,
791 964 859 1010 ut
908 951 1131 1008 occulta
1168 952 1424 1008 saltuum
1459 967 1812 1011 scrutaretur
1845 970 2085 1030 pontes-

229 1061 344 1118 que
392 1051 448 1097 et
496 1059 728 1113 aggeres
776 1033 1023 1094 humido
1069 1036 1358 1111 paludum
1406 1049 1462 1093 et
1506 1039 1814 1095 fallacibus
1866 1041 2083 1115 campis

228 1126 587 1200 imponeret,
650 1123 933 1179 incedunt
1000 1115 1251 1178 maestos
1320 1122 1481 1179 locos
1540 1123 1788 1199 visuque
1850 1145 1914 1180 ac
1963 1146 2085 1180 me-

227 1210 419 1268 moria
467 1209 773 1266 deformeS.
838 1206 1031 1281 prima
1066 1204 1214 1262 Vari
1261 1220 1445 1264 castra
1481 1207 1598 1264 lato
1635 1209 1860 1265 ambitu
1899 1221 1954 1266 et
1990 1210 2085 1266 di-

226 1295 445 1352 mensis
497 1293 807 1370 principiis
851 1291 1034 1348 tri'um
1079 1291 1382 1365 legionum
1430 1313 1639 1350 manus
1687 1290 2080 1351 ostentabant:

225 1510 512 1570 telligendam
535 1526 627 1554 esse
647 1509 832 1561 silvam,
862 1524 975 1567 quae
997 1509 1122 1553 audit

227 1573 312 1613 der
332 1569 575 1623 Lippische
595 1569 670 1612 W
667 1571 764 1618 ald,

284 1628 577 1669 dicebantur.
647 1625 854 1684 Namque
883 1619 1119 1669 ‘exercitus

224 1683 459 1728 Romanus
479 1691 573 1726 tum
596 1683 801 1726 nondum
824 1682 1015 1733 viderat,
1040 1683 1118 1726 sed

224 1758 306 1810 per
337 1741 502 1782 famam
539 1748 714 1782 tantum
748 1739 935 1784 sciebat.
995 1741 1119 1784 Male

226 1799 365 1858 igitur
387 1796 623 1840 Heinsiust
650 1795 936 1841 visebant'ur.

283 1855 398 1900 CAP.
441 1854 513 1898 61.
563 1856 748 1911 visuque
787 1872 843 1899 ae
882 1854 1124 1898 memoria

226 1914 478 1969 deformes·-
538 1912 652 1957 Cod.
678 1913 780 1956 MS.
802 1922 901 1957 test.
924 1911 1120 1956 Piehena

224 1971 521 2028 deformides.
598 1970 714 2014 Edd.
762 1986 921 2014 omnes
962 1970 1121 2025 desor-

226 2043 352 2077 mes,
387 2043 470 2084 pro
506 2043 595 2083 quo
619 2028 771 2071 Heins.
810 2037 851 2071 et
877 2030 912 2071 1.
941 2026 1119 2070 Grono-

226 2087 327 2132 vius
355 2084 568 2130 volebant
598 2085 816 2140 deformi.
878 2085 915 2128 E
939 2084 1119 2142 syllabis

225 2145 346 2194 ides,
397 2157 509 2199 quae
543 2151 647 2184 sunt
682 2143 730 2184 in
766 2143 866 2186 eod.
903 2141 1007 2185 MS.
1043 2140 1118 2184 ille

224 2201 415 2245 faciebat
447 2198 627 2252 Iidem,
669 2199 743 2244 hic
772 2199 923 2252 Dein,
971 2207 1022 2241 ut
1061 2214 1115 2241 eo

226 2256 454 2304 vocabulo
509 2258 739 2315 sequentia
789 2257 1113 2315 inciperentur.

225 2315 312 2360 Sed
335 2323 580 2371 utrumque
603 2316 718 2358 male
740 2314 944 2358 adsutum
971 2312 1114 2357 videri

222 2389 316 2417 non
336 2380 400 2414 est
420 2373 541 2437 qu.⁰d
563 2388 790 2423 moneam.
834 2371 1000 2414 Melius
1025 2370 1131 2421 for„

223 2441 336 2475 tasse
384 2429 657 2474 coniiceresz
709 2430 1012 2485 reformides,
1065 2436 1116 2471 ut

221 2489 350 2532 locus
366 2486 538 2544 legatur
554 2487 640 2530 sic:
662 2487 892 2529 Incedunt
910 2493 1114 2528 maestos

222 2549 373 2588 locos:
408 2545 598 2600 visuque
619 2560 674 2587 ac
698 2545 931 2587 memoria
957 2545 1114 2599 resor-

223 2604 390 2645 mides.
481 2601 547 2644 lta
605 2611 762 2644 auctor
801 2601 922 2645 hisce
961 2600 1114 2646 verbis

221 2659 510 2716 interrumpit
544 2659 873 2710 narrationem,
919 2667 969 2701 ut
1008 2674 1113 2701 suos

222 2733 377 2761 sensus
399 2717 628 2774 animique
653 2716 878 2759 adfectum
904 2717 1112 2759 declaret.

223 2777 429 2831 Visuque
463 2789 520 2816 ac
555 2776 795 2817 memoria
835 2773 878 2817 h.
913 2790 951 2816 e.
989 2774 1115 2816 locos

221 2832 321 2875 illos
365 2831 418 2874 ad
450 2831 689 2875 horrorem
730 2830 1115 2889 formidinemque

222 2905 316 2932 non
349 2889 495 2932 solum
532 2889 798 2939 visentium,
840 2889 917 2932 sed
951 2888 1017 2931 vel
1048 2904 1115 2929 re-

224 2946 560 2989 miniscentium
597 2964 706 3001 esse.
768 2945 986 2989 Similiter
1008 2945 1050 2994 4,
1071 2944 1114 2987 3.

222 3018 358 3059 seque
386 3019 441 3045 ac
474 3006 706 3056 maiores,·
748 3005 816 3055 12,
839 3003 908 3047 37.
944 3005 1117 3058 ipsique

223 3067 270 3103 et
314 3060 527 3116 coniugis
594 3062 776 3106 Terent.
824 3060 1030 3105 Eunuch.
1078 3061 1120 3110 5,

224 3119 267 3170 9,
309 3118 381 3161 49.
426 3119 580 3160 stertit
625 3128 870 3176 noctesque
910 3135 966 3161 ac
1000 3118 1115 3160 dies.

203 3174 296 3225 ‚De
318 3173 459 3219 verbo
485 3176 769 3230 reformides
794 3176 853 3220 cf.
875 3177 989 3220 Plin.
1014 3191 1115 3232 epp.

226 3234 266 3285 1,
280 3235 348 3276 10.
367 3234 537 3275 Nullus
555 3235 725 3276 horror
751 3235 799 3276 in
819 3238 958 3282 cultu,
982 3235 1119 3274 nulla

225 3291 450 3341 tristitia,
486 3293 688 3332 multum
706 3293 994 3334 severitatis:
1035 3305 1118 3333 re-

223 3348 436 3390 verearis
448 3362 705 3400 occursum,
718 3364 812 3390 non
823 3350 1116 3405 reformides.

225 3404 342 3448 lhid.
366 3407 406 3456 5,
432 3405 474 3448 8.
504 3406 587 3462 qui
606 3407 777 3448 nullius
797 3408 884 3449 sibi
913 3407 1117 3449 conscius

227 3465 415 3516 eulpae,
485 3465 775 3518 posteritatis
828 3466 1115 3506 memoriam

227 3533 325 3562 non
344 3521 636 3575 reformidet.
696 3520 783 3564 Sed
806 3521 975 3565 nullius
993 3520 1113 3563 facio

228 3575 347 3622 hanc
366 3578 689 3632 coniecturam,
717 3577 819 3637 quia
839 3578 1018 3637 vulgata
1034 3578 1113 3623 bo·

1191 1526 1300 1553 num
1323 1509 1522 1554 fundunt
1545 1525 1739 1554 sensum.
1802 1510 1948 1555 Locos
1973 1511 2082 1555 dicit

1192 1568 1417 1611 deformes
1440 1569 1537 1611 visu
1562 1569 1620 1610 ob
1645 1569 1918 1613 miserabiles
1945 1569 2081 1613 cladis

1190 1622 1402 1683 reliquias
1427 1626 1656 1668 etiamtum
1689 1626 1747 1669 ibi
1782 1627 1955 1679 obvias3
1993 1642 2081 1668 me-

1190 1684 1335 1726 moria
1376 1683 1418 1725 h.
1450 1699 1488 1726 e.
1523 1682 1815 1741 cogitatione,
1867 1683 1948 1727 hos
1986 1700 2080 1726 esse

1190 1756 1375 1798 campos
1399 1740 1500 1784 illos
1530 1750 1615 1784 etc.
1674 1741 1739 1783 Ea
1761 1740 1933 1784 scilicet
1959 1742 2081 1797 cogi-

1191 1797 1300 1840 tatio
1333 1813 1471 1854 aeque
1511 1814 1563 1839 ac
1596 1797 1811 1846 deformis
1847 1798 1969 1843 visus
1992 1798 2080 1840 Ro-

1191 1870 1350 1898 manos
1383 1863 1478 1896 tum
1513 1854 1701 1907 adfecit3
1749 1855 1854 1900 hinc
1891 1865 2081 1910 utraque
2158 1896 2167 1902 .

1192 1929 1241 1955 re
1273 1912 1499 1955 deformes
1532 1912 1598 1955 illi
1629 1912 1717 1955 loci
1749 1912 1837 1956 diei
1859 1920 2080 1970 poterant.

1194 1968 1306 2013 lufr.
1337 1971 1402 2018 12,
1425 1968 1495 2013 37.
1523 1970 1676 2013 eadem
1708 1969 1754 2013 vi
1788 1970 1974 2028 ponitur
2007 1972 2083 2012 in-

1177 2026 1369 2082 formis.
1414 2026 1722 2070 Hem-mannus
1746 2027 1963 2071 coniecit:
1996 2031 2081 2069 de-

1177 2084 1346 2139 formi.
1405 2085 1501 2127 Sed
1516 2086 1674 2138 prima
1695 2093 1780 2128 etc.
1803 2101 1867 2128 se.
1884 2085 2080 2129 traiectis

1189 2141 1346 2185 litteris
1370 2141 1538 2185 codicis
1552 2142 1653 2184 MS.

1243 2201 1343 2241 lato
1374 2199 1553 2241 ambitu
1589 2206 1633 2241 et
1666 2201 1884 2242 dimensis·
1910 2201 2080 2254 princi-

1181 2256 1270 2310 piis
1300 2257 1442 2298 trium
1474 2259 1703 2312 legionum
1725 2272 1897 2299 manus
1917 2265 2081 2302 ostent.

1191 2312 1409 2357 Unanimi
1438 2330 1592 2357 errore
1617 2314 1879 2372 interpretes
1908 2330 2081 2358 monus

1188 2371 1350 2414 volunt
1390 2387 1483 2415 esse
1513 2372 1896 2428 Monnschafcen‚
1937 2389 2079 2430 quum
2143 2378 2150 2396 ’

1186 2430 1335 2486 potius
1350 2430 1568 2473 sententia
1591 2429 1668 2473 sit:
1693 2430 1805 2473 latus
1827 2439 2078 2473 castrorum
2146 2435 2150 2481 ἐ

1185 2487 1376 2529 ambitus
1403 2496 1444 2530 et
1468 2486 1665 2531 dimensa
1687 2487 1906 2544 principia
1933 2495 2079 2530 osten·
2148 2486 2150 2506 ³

1187 2543 1338 2587 tabant
1391 2545 1527 2587 trium
1587 2544 1817 2602 legionum
1872 2544 2077 2587 manibus

1186 2616 1266 2642 seu
1304 2617 1441 2658 opera
1474 2617 1523 2644 ca
1559 2617 1651 2644 esse
1688 2601 1803 2645 facta
1837 2601 1880 2644 h.
1914 2619 1951 2644 e.
1991 2610 2076 2644 tres

1187 2657 1296 2699 Vari
1320 2659 1518 2724 legiones
1540 2658 1736 2717 integras
1761 2658 1902 2702 adhuc
1926 2657 2076 2709 fuisse,

1189 2730 1329 2771 quum
1364 2715 1440 2758 illa
1476 2724 1616 2759 eastra
1653 2716 1826 2760 fierent.

1187 2780 1434 2814 extremum
1466 2773 1581 2816 redit
1613 2772 1797 2824 eodem;
1846 2772 1983 2816 dictio
2016 2782 2076 2815 ta—

1187 2839 1292 2872 men
1323 2830 1569 2887 elegantior
1604 2840 1683 2874 est.
1745 2831 1856 2873 Nam
1881 2832 2076 2874 vocabu-

1188 2887 1284 2929 lum
1348 2901 1519 2929 manus
1581 2889 1642 2931 ita
1700 2888 1907 2946 exquisite
1975 2888 2077 2940 dici,

1187 2944 1285 3001 quis
1317 2946 1492 2988 nescit?
1539 2945 1597 2989 cf.
1632 2945 1749 2989 Plin.
1783 2963 1879 3004 epp.
1916 2947 1982 2997 10,
2006 2945 2075 2988 50.

1187 3003 1289 3044 Hoc
1333 3017 1447 3057 opus
1486 3007 1662 3045 multas
1707 3018 1876 3045 manus
1914 3004 2075 3058 poscit.

1190 3059 1270 3102 Sin
1299 3059 1354 3102 de
1385 3059 1524 3102 trium
1557 3061 1786 3119 legionum
1816 3076 1950 3102 manu
1984 3075 2075 3103 vo-

1189 3117 1342 3159 luisset
1402 3117 1573 3168 dicere,
1646 3128 1741 3161 tum
1802 3118 2073 3173 scripturum

1187 3174 1321 3216 fuisse
1342 3189 1495 3231 spero:
1530 3182 1625 3217 tres
1645 3175 1848 3228 legiones
1870 3181 2075 3216 ostenta-

1189 3234 1317 3282 bant,
1340 3231 1501 3274 omissa
1523 3231 1668 3275 inutili
1692 3232 1901 3289 ambage:
1930 3234 2076 3274 trium

1188 3290 1417 3342 legionum
1451 3304 1632 3334 manus.
1687 3289 1859 3332 Verba:
1890 3291 2074 3331 dimen-

1187 3346 1251 3389 sis
1270 3347 1505 3401 principiis
1518 3379 1531 3398 ‚
1563 3355 1800 3392 converte:
1821 3349 1942 3388 nach
1967 3351 2074 3389 dem

1186 3402 1390 3460 Moosse,
1447 3406 1640 3447 welches
1688 3403 1762 3447 die
1803 3403 2073 3458 Principien

1185 3463 1348 3517 geben.
1418 3460 1634 3506 Dimensa
1676 3462 1820 3521 princi
1855 3462 1895 3504 ia
1934 3477 2072 3519 oppo-

1186 3527 1356 3563 nuntur
1377 3520 1578 3563 ambitui.
1623 3519 1683 3564 cf.
1707 3518 1773 3569 15,
1792 3519 1821 3562 4
1851 3551 1862 3561 .
1892 3520 2073 3561 dimen-

1183 3577 1248 3621 sis
1276 3577 1487 3622 vivorum
1518 3578 1767 3628 ordinibus,
1822 3575 1941 3620 Plin.
1970 3592 2072 3635 epp.

1897 2715 1982 2758 Res
2021 2716 2075 2758 ad
