2222 4030
266 147 420 191 xmv
580 204 585 213 Ι
877 100 1479 191 PRAEFATIO.

436 253 525 311 De
560 253 693 310 aliis
728 251 854 310 eius
891 253 1124 326 generis
1162 253 1497 322 codicibuS‚
1556 253 1772 329 quibus
1814 256 1878 311 in
1916 276 2121 315 recen-

266 338 464 396 sendis
488 332 822 398 minoribus
844 336 1035 395 Taciti
1068 338 1237 394 libris
1262 358 1407 396 usus
1432 358 1590 407 sum„
1646 358 1751 395 suo
1788 339 1919 399 loco
1960 342 2121 398 dice-
2160 339 2168 357 ‘

265 435 380 484 tur.

436 502 625 584 §.42⁴
661 468 898 575 Restat,
941 519 1008 563 ut
1035 527 1214 582 quam
1236 505 1519 564 maximas
1547 485 1760 580 gratias
1783 527 1951 583 agam
1975 509 2120 566 viris

263 536 780 669 praestantissimis
807 603 981 667 atque
1006 591 1405 660 amicissimiS‚
1449 594 1554 669 qui
1579 593 1769 666 rogati
1791 594 1886 650 vel
1913 606 2120 669 sponte

264 678 560 736 librorum
585 676 850 735 subsidio
880 696 1005 732 rem
1030 696 1223 732 meam
1253 677 1626 738 adiuvarunt.

433 758 504 824 Si
527 762 674 838 quid
701 781 878 836 opera
906 781 1017 816 me
1005 783 1036 816 ι
1061 760 1351 835 profuerit
1376 764 1606 836 egregio
1644 762 1951 837 scriptori,
2003 759 2118 820 hu-

264 848 358 906 ius
378 846 580 916 ⁸meriti
607 847 845 903 laudem
871 845 1146 903 lubenter
1177 847 1625 905 communicabo
1655 868 1790 905 cum
1817 848 1891 903 iis
1907 893 1925 918 ‚
1968 869 2120 924 quo-

262 947 398 991 rum
434 932 714 990 facilitate
752 932 818 986 in
856 930 1313 1005 suppeditandis
1344 932 1579 987 auxiliis
1609 934 1830 988 factum
1879 945 1996 1001 est,
2051 946 2117 990 ut

259 1019 454 1081 fontes
481 1018 708 1075 adirem
731 1015 985 1072 rariores
1007 1027 1064 1071 et
1090 1015 1290 1071 omnia
1307 1060 1326 1084 ,
1369 1037 1520 1092 quae
1540 1016 1677 1072 usui
1703 1018 1898 1074 forent
1914 1061 1930 1086 ‚
1957 1037 2118 1073 com-

245 1123 550 1180 pararem.
635 1100 958 1174 Praecipua
993 1120 1127 1157 cum
1153 1100 1330 1156 laude
1355 1103 1736 1158 memoranda
1761 1114 1899 1161 sunt
1928 1102 2119 1159 officia

258 1184 414 1250 mihi
433 1187 709 1263 praestita
736 1206 768 1241 a
792 1185 936 1240 viris
965 1180 1410 1242 humanissimis
1430 1232 1446 1256 ‚
1490 1207 1746 1263 quorum
1785 1187 2116 1263 sumptibus

259 1270 402 1331 haec
429 1271 626 1330 Taciti
650 1271 830 1328 editio
856 1282 1057 1346 parata
1087 1281 1191 1330 est.
1273 1267 1366 1327 Ea
1389 1271 1549 1327 enim
1580 1272 1915 1346 diligentia,
1970 1292 2116 1346 pru—

258 1358 459 1414 dentia
499 1369 556 1413 et
594 1356 821 1429 integro
866 1355 1059 1412 studio
1100 1375 1194 1412 res
1221 1353 1417 1414 Taciti
1458 1357 1647 1414 nostri
1685 1368 1967 1415 curarunt
2003 1357 2116 1426 illi,

256 1454 325 1501 ut
347 1463 473 1500 non
495 1443 718 1518 possim
742 1460 867 1498 non
893 1453 1056 1514 grato
1096 1440 1297 1498 animo
1337 1442 1629 1518 impertiri
1668 1442 1811 1518 ipsis
1844 1442 2114 1518 gloriam,

259 1548 437 1606 quam
464 1522 579 1585 hoc
610 1526 853 1590 nomine
882 1538 1245 1586 meruerunt.
