2222 4030
196 186 334 231 xx11
815 166 1420 233 PRAEFATIO.

194 295 498 353 rentinum
526 313 648 351 esse
673 293 934 366 fontem,
970 295 1133 353 unde
1161 295 1339 353 ceteri
1363 294 1592 352 codices
1614 291 1826 375 Mssti
1847 316 2052 353 omnes

193 381 493 438 fluxerint.
585 377 767 452 Quod
799 381 940 438 licet
968 381 1237 439 indubiis
1277 380 1636 454 argumentis
1681 379 1906 438 firmari
1944 403 2052 438 ne-

193 478 399 544 queat,
444 465 582 522 satis
611 475 810 523 tamen
833 466 1154 524 verisimile
1189 477 1303 536 est,
1340 468 1486 523 dum
1513 474 1588 522 ne
1615 476 1786 541 putes
1813 486 1882 521 ex
1904 466 2051 541 ipso,

191 552 296 629 qui
325 571 486 608 nunc
514 562 630 624 est,
671 549 1022 621 Florentino
1052 553 1315 626 singulos
1348 564 1676 609 ceterorum
1711 551 2050 626 descriptos».
2098 617 2109 618 ἶ

189 637 354 696 Pone
390 635 590 712 potius
623 657 815 695 unum
843 639 1087 715 aliquod
1115 638 1449 713 exemplum
1484 659 1514 693 e
1540 636 1889 694 Florentino
1923 636 2048 711 pri-

189 744 357 780 mum
392 734 692 794 exortum,
744 725 906 781 unde
935 724 1077 780 dein
1106 723 1210 779 alii
1237 734 1295 780 et
1322 742 1391 779 ex
1414 719 1507 779 his
1529 742 1767 780 rursum
1795 722 1899 779 alii
1928 722 2051 778 ori-

189 809 386 883 ginem
435 809 738 869 traxerint.
771 810 775 814 ’
835 806 991 865 Nam
1032 809 1172 886 quia
1210 809 1392 864 codex
1425 806 1588 866 Flor.
1620 819 1776 865 recte
1811 807 2049 864 videtur

188 894 400 952 referri
429 894 506 951 ad
535 894 836 952 saeculum
863 894 1181 970 septimum
1212 893 1648 963 veLoctavum‚
1689 892 1910 969 reliqui
1942 913 2047 949 au·-

186 991 308 1037 tem
340 995 558 1036 omnes
600 980 903 1056 pertinent
949 980 1024 1037 ad
1070 979 1369 1036 saeculum
1407 980 1713 1036 decimum
1755 978 2050 1053 quintum,

188 1065 327 1123 satis
360 1066 608 1139 longum
635 1066 752 1123 fuit
782 1066 938 1122 inter
963 1076 1246 1140 utrosque
1274 1065 1557 1138 temporis
1585 1062 1841 1140 spatium
1859 1107 1876 1132 ,
1930 1082 2048 1138 quo

184 1150 381 1226 potuit
399 1170 592 1208 unum
614 1155 672 1208 et
693 1151 946 1208 alterum
970 1149 1226 1207 describi
1250 1150 1614 1226 exemplum,
1642 1149 1806 1227 quod
1833 1147 2049 1205 deinde

184 1255 283 1294 eos
302 1236 637 1313 procreavit
661 1237 892 1294 codices
918 1235 1023 1313 qui
1050 1247 1383 1312 supersunt.

349 1406 479 1467 Iam
504 1418 749 1484 nepotes
771 1403 846 1484 hi„
863 1407 987 1464 sive
1008 1417 1364 1482 pronepotes
1389 1404 1607 1462 codicis
1623 1401 1958 1461 Florentini
1983 1403 2043 1460 in

183 1495 332 1551 duas
361 1494 738 1569 potissimum
767 1493 1161 1551 discesserunt
1189 1491 1476 1561 familiaS‚
1522 1510 1777 1567 quarum
1803 1490 2046 1546 alteram

182 1579 436 1636 dixerim
481 1576 896 1648 Genuensem‚
961 1580 1207 1636 alteram
1253 1575 1592 1635 Romanam
1639 1579 1886 1652 eamque
1934 1595 2045 1632 avo

180 1664 541 1741 propiorem.
640 1659 741 1720 Ad
786 1660 942 1721 hanc
986 1664 1290 1738 pertinent
1333 1663 1505 1719 codd.
1546 1659 1727 1719 MSS.
1770 1659 2044 1718 Vaticani

187 1749 371 1810 1863.
399 1760 457 1806 et
481 1745 700 1819 1864„
752 1747 978 1822 Regius
994 1747 1383 1818 .ParisiensiS‚
1441 1745 1808 1815 Corbinelli‚
1862 1746 2043 1802 editio

181 1834 496 1911 Spirensis,
592 1831 879 1892 Eiusdem
924 1831 1123 1909 stirpis
1164 1834 1362 1909 proles
1406 1833 1648 1890 videtur
1697 1851 1818 1888 esse
1862 1832 2049 1887 codex'

178 1916 523 1995 Agricolae,
567 1921 909 1996 quanquam
937 1921 1191 1992 degener
1222 1931 1279 1975 et
1305 1919 1602 1974 maiorum
1635 1915 2043 1974 auctoritatem

179 2026 394 2083 parum
429 2020 659 2063 curans..
744 2004 1033 2062 Plurimis
1061 2005 1208 2062 locis
1245 2001 1346 2060 hic
1384 2005 1540 2060 liber
1579 2001 1871 2059 consentit
1908 2022 2042 2058 cum

180 2092 439 2150 editione
469 2089 764 2166 Spirensi:
810 2111 961 2168 quae
986 2091 1095 2147 uhi
1118 2101 1315 2166 aperta
1346 2091 1577 2146 laborat
1603 2087 2042 2163 depravatione,

179 2178 361 2235 codex
390 2171 704 2251 Agricolae
727 2175 1080 2254 plerumque
1121 2176 1392 2249 indulget
1430 2174 1789 2231 emendandi
1827 2173 2042 2230 studio.

175 2258 442 2321 Alterius
458 2260 719 2320 familiae
741 2257 887 2318 haec
906 2262 1299 2320 innotuerunt
1321 2262 1536 2337 capita:
1556 2258 1823 2316 Vatican.
1843 2254 2042 2329 1958„

177 2357 300 2406 tres
344 2344 718 2406 Oxonienses
762 2344 959 2426 (Harl.
1000 2346 1177 2405 Bodl.
1224 2346 1364 2425 IeS.)
1416 2358 1474 2403 et
1519 2343 2040 2422 Guelferbytanus.

176 2431 270 2491 Ex
303 2436 514 2491 eodem
545 2434 712 2491 fonte
751 2434 1048 2491 derivatae
1088 2445 1228 2491 sunt
1262 2433 1552 2490 editiones
1582 2430 1915 2489 Puteolani.
1956 2464 2039 2477 --

177 2518 326 2580 Cod.
368 2518 506 2580 MS.
538 2517 694 2580 Bud.
737 2520 895 2576 inter
930 2531 1216 2596 utrosque
1258 2520 1532 2588 fluctuat,
1598 2528 1666 2574 ut
1703 2516 1928 2573 nescias
1965 2516 2038 2572 ad

176 2625 326 2682 quos
356 2605 674 2684 praecipue
702 2606 1014 2681 pertineat.
1111 2604 1515 2681 Reliquorum
1554 2602 1826 2660 codicum
1861 2601 2040 2657 indo*-

176 2692 262 2747 les
291 2690 471 2747 nimis
505 2687 701 2750 adhuc
731 2692 958 2748 occulta
988 2692 1240 2761 mansit,
1293 2710 1473 2767 quam
1502 2701 1571 2746 ut
1601 2689 1743 2747 certi
1785 2687 1931 2765 quid
1965 2687 2040 2743 de

179 2795 386 2833 eorum
420 2795 631 2850 genere
663 2776 899 2837 definiri
929 2777 1132 2854 possit.
2021 2802 2026 2807 ·

320 2983 322 2985 -
350 2945 524 3019 Quae
551 2943 838 3004 hactenus
865 2948 1161 3023 disputata
1191 2958 1329 3005 sunt
1357 2947 1432 3003 de
1464 2944 1766 3002 codicibus
1785 2939 2039 3009 MSStis‚

183 3043 450 3110 spectant
541 3033 618 3089 ad
689 3031 887 3091 Taciti
962 3028 1228 3091 Annales
1308 3045 1370 3089 vet
1443 3029 1757 3087 Historias,
1883 3024 2037 3083 Nam

180 3121 260 3176 de
285 3118 366 3180 ⁴iis
392 3117 725 3188 codicibUS,
752 3155 756 3162 2
783 3119 1000 3195 quibus
1030 3119 1292 3174 minores
1323 3116 1520 3173 Taciti
1549 3115 1689 3172 libri
1725 3112 2038 3170 continen-

187 3218 320 3284 tur,
393 3204 765 3263 commodius
818 3205 1079 3264 dicemus
1133 3204 1199 3262 in
1260 3203 1456 3282 quarti
1497 3199 1822 3260 voluminis
1864 3217 2035 3275 prae-

187 3290 432 3351 fatione.
1271 3312 1293 3321 ·*
