2222 4030
1820 209 1872 245 A.
1889 209 1945 244 u.
1962 209 2042 244 772.
2088 186 2094 190 ⁵

1822 252 1875 288 A.
1895 251 1942 289 o.
1981 254 2042 287 19.

276 217 405 298 206.
952 209 1493 298 ANNALIUM

278 361 424 407 stus:
475 344 608 402 ideo
645 341 932 400 nimirum
965 342 1031 398 in
1069 354 1351 399 extremas
1379 352 1563 398 terras
1589 342 1939 417 relegatum:
1990 346 2126 402 ideo
2205 351 2222 384 Φ

275 430 486 491 Pisoni
517 428 859 505 permissam
891 427 1286 503 provinciam:
1348 422 1460 482 hoc
1501 425 1682 501 e'gisse
1715 441 1964 486 secretos
1998 429 2129 488 Au-
2218 439 2222 444 ’

279 528 478 593 gustae
517 535 652 571 cum
670 511 954 570 Plancina
993 531 1316 567 sermones:
1373 532 1509 568 vera
1551 534 1791 588 prorsus
1831 515 1902 570 de
1928 513 2126 572 Druso

278 603 540 660 seniores
572 601 823 668 locutOS‚
877 598 1183 672 displicere
1216 598 1599 670 regnantibus
1635 599 1832 656 civilia
1867 600 2128 657 filiorum

275 687 540 761 ingenia:
584 704 775 761 neque
809 684 886 739 ob
919 682 1080 738 aliud
1112 682 1491 756 interceptoS,
1538 704 1717 759 quam
1758 686 1897 762 quia
1935 707 2131 761 popu-

275 774 403 830 lum
433 770 775 830 Romanum
822 787 1006 843 aequo
1056 766 1184 822 iure
1221 767 1530 841 complecti
1572 770 1802 827 reddita
1856 771 2129 828 libertate

273 855 642 932 agitaverint.
726 852 853 910 Hos
886 850 1051 924 vulgi
1085 871 1383 907 sermones
1418 853 1619 910 audita
1654 876 1814 912 mors
1849 858 1995 913 adeo
2033 857 2131 911 in·-

275 942 503 1012 cendit‚
566 951 635 997 ut
678 950 812 995 ante
862 936 1120 992 edictum
1171 937 1650 1010 magistratuum,
1714 954 1848 998 ante
1894 955 2130 1001 senatus

275 1028 611 1087 consultum
635 1033 864 1097 sumpto
890 1021 1115 1078 iustitio
1145 1022 1551 1078 desererentur
1580 1025 1708 1080 fora
1725 1071 1740 1094 ‚
1784 1027 2130 1085 clauderem-

274 1125 375 1172 tur
408 1114 642 1170 domus:
698 1107 916 1183 passim
955 1106 1188 1164 silentia
1227 1118 1283 1163 et
1320 1107 1599 1181 gemitUS,
1641 1106 1797 1166 nihil
1837 1115 2131 1189 composi-

273 1210 403 1263 tum
447 1198 513 1252 in
558 1192 1038 1251 ostentationem:
1102 1203 1159 1248 et
1195 1213 1534 1268 quanquam
1567 1214 1758 1271 neque
1795 1196 2128 1272 insignibus
2195 1231 2202 1244 ι

269 1282 602 1357 lugentium
627 1278 990 1334 abstinerent
1007 1322 1025 1347 ,
1065 1277 1239 1334 altius
1264 1277 1477 1334 animis
1506 1282 1866 1342 maerebant.
1952 1283 2130 1342 Forte

269 1367 662 1442 negotiatores
686 1363 921 1419 vivente
951 1358 1143 1419 adhuc
1168 1361 1524 1420 Germanico
1556 1362 1727 1442 Syria
1760 1369 1970 1444 egressi
2008 1371 2130 1426 lae-

271 1455 426 1512 tiora
464 1452 537 1508 de
562 1448 903 1506 valetudine
938 1447 1062 1504 eius
1099 1449 1368 1505 attulere:
1412 1449 1606 1505 statim
1640 1453 1887 1522 credita,
1931 1456 2129 1512 statim

270 1540 507 1612 vulgata
537 1545 699 1592 sunt:
743 1544 811 1590 ut
846 1533 1093 1609 quisque
1129 1533 1339 1590 obvius
1375 1535 1642 1610 quamvis
1676 1536 1885 1594 leviter
1928 1541 2129 1599 audita

270 1624 338 1680 in
359 1623 508 1680 alios
531 1634 703 1700 atque
728 1619 819 1675 illi
845 1619 907 1674 in
934 1619 1133 1694 plures
1171 1620 1465 1676 cumulata
1497 1621 1712 1694 gaudio
1749 1626 2127 1688 transferunt.

1235 1874 1352 1931 tius;
1392 1892 1539 1935 neque
1574 1886 1724 1923 tamen
1753 1882 2002 1928 verborum
2033 1893 2127 1929 tan-

326 1883 376 1926 in
397 1888 646 1926 extremos
667 1886 840 1923 terras.
890 1877 1164 1936 Int.imperii
1551 1935 1560 1945 .

1234 1943 1331 1978 tum
1354 1934 1594 1980 collocatm
1608 1971 1621 1988 ‚
1642 1937 1718 1980 sed
1742 1949 1973 1986 contextus
1995 1944 2128 1988 etiam

269 1940 481 1985 Romani.
533 1938 612 1982 inf.
635 1937 678 1986 4,
699 1937 770 1979 74.
797 1936 985 1992 imperii
1002 1944 1162 1978 extre-

272 2014 367 2042 ma.
427 1997 554 2040 Flor.
577 1995 620 2047 4,
640 1997 680 2039 1.
741 1995 835 2038 Cic.
867 1993 923 2038 ad
950 1993 1028 2037 Fr.
1060 1995 1097 2042 1,
1124 1994 1161 2037 1.

270 2057 337 2110 Id.
370 2054 452 2112 leg.
484 2053 612 2097 Man.
654 2069 694 2096 c.
731 2052 797 2095 16.
878 2051 1163 2094 Boxhornius

268 2112 436 2158 frustra
460 2110 726 2154 emendabat
749 2116 993 2153 externas.

327 2186 386 2226 de
406 2180 581 2224 Druso.
642 2178 704 2223 cf.
726 2179 851 2224 Suet.
877 2179 1034 2223 Claud.
1066 2195 1105 2223 c.
1124 2181 1164 2223 1.

327 2259 516 2308 sumpto
548 2252 737 2294 iustitio.
798 2250 857 2295 cf.
883 2253 922 2300 1,
945 2251 1014 2295 16.
1067 2250 1162 2294 Liv.

270 2311 314 2361 9,
337 2311 380 2354 7.
440 2309 563 2352 Iuvat
586 2307 719 2350 etiam
745 2308 904 2364 legere,
928 2325 1040 2366 quae
1061 2317 1164 2365 sunt
1194 2352 1195 2355 ,

268 2370 320 2414 in
345 2368 455 2424 eleg.
481 2366 536 2408 de
559 2373 705 2408 morte
726 2364 866 2408 Drusi
892 2382 936 2410 v.
961 2366 1039 2410 181
1064 2383 1162 2424 sqq.

329 2437 585 2493 insignibus
607 2436 881 2490 lugentium.
943 2434 1072 2491 Quae
1097 2435 1164 2479 iu·

268 2506 338 2541 ter
373 2494 588 2538 iustitium
621 2492 767 2536 solita.
827 2492 993 2536 Lucan.
1029 2493 1070 2544 2,
1096 2494 1162 2538 18.

269 2552 468 2599 Iuvenal.
497 2551 538 2604 3,
559 2551 632 2594 21.
673 2549 833 2594 Senec.
858 2565 927 2607 ep.
952 2551 1020 2594 18.
1067 2551 1163 2594 Liv.

271 2611 301 2656 l.
335 2611 365 2654 l.
407 2625 579 2666 neque,
614 2610 735 2651 auch
761 2609 900 2650 nieht.
971 2607 1030 2651 cf.
1066 2617 1163 2654 not.

269 2668 326 2714 ad
352 2667 472 2716 1‚32.
492 2665 695 2709 Silentia
716 2671 761 2707 et
779 2665 993 2718 gemitus.
1027 2665 1163 2710 Roth.

269 2743 316 2787 p.
337 2726 408 2769 50.
435 2723 622 2781 explicat
650 2739 732 2781 per
753 2721 803 2766 ἓν
827 2722 871 2766 ὃ.
902 2723 945 2766 δ.
979 2724 1162 2766 silentia

268 2783 556 2840 gementium
579 2788 655 2823 aut
684 2781 885 2834 gemitus
905 2781 1159 2824 silentium.

269 2842 359 2885 Sed
378 2840 568 2883 silentia
587 2837 662 2881 bic
682 2837 1017 2895 intelliguntur,
1047 2855 1160 2897 quae

269 2899 437 2942 fiebant
453 2895 622 2939 omisso
644 2895 847 2938 omnium
873 2897 1161 2954 negotiorum

269 2956 484 3014 strepitu,
530 2953 726 3010 dicitque
757 2952 947 3004 Noster,
995 2953 1163 3011 ubique

269 3012 444 3056 silentia
470 3026 563 3054 esse
584 3018 758 3061 exorta,
786 3010 902 3053 inter
936 3026 990 3052 ue
1012 3026 1061 3052 ea
1082 3027 1161 3069 ge-

270 3070 404 3113 mitus
438 3077 614 3112 tantum
645 3066 834 3111 audito&
889 3026 993 3111 “kil
1027 3068 1163 3126 igitur

224 3141 229 3157 ·
270 3127 346 3171 hic
369 3134 433 3168 est
457 3124 506 3168 ἓν
526 3122 604 3168 διὰ
626 3124 774 3168 δυοῖν.

329 3203 471 3251 atque
497 3194 579 3236 illi.
638 3194 701 3237 Ex
721 3194 914 3238 Ernestii
949 3195 1162 3254 opinione

271 3255 346 3298 illi
379 3250 577 3311 positum
619 3261 683 3295 est
722 3268 806 3310 pro
849 3254 911 3295 hi.
998 3253 1164 3296 Scribit

273 3310 422 3361 enim,
450 3308 513 3351 uti
538 3309 610 3350 hio
633 3309 686 3350 de
710 3310 944 3352 remotiori
971 3313 1032 3366 (c.
1055 3311 1165 3366 77.),

273 3368 335 3411 ita
364 3369 444 3409 ille
474 3364 705 3408 interdum
736 3367 789 3409 de
822 3367 1027 3425 proximo
1059 3367 1162 3411 dici.

273 3425 336 3469 At
375 3424 506 3466 aliam
545 3422 674 3465 huius
712 3423 778 3464 rei
811 3425 1034 3468 rationem
1069 3441 1163 3467 esse

274 3496 453 3533 censeo.
520 3479 650 3522 Haud
687 3479 820 3522 dubie
849 3483 919 3523 hic
950 3481 1064 3525 solet
1094 3499 1164 3525 re-

274 3535 444 3598 spicere
464 3538 518 3582 ad
540 3535 795 3598 proximum
810 3570 823 3589 ,
843 3538 921 3580 ille
941 3539 1001 3583 ad>
1015 3555 1162 3585 remo·

1234 1992 1282 2035 in
1307 1992 1390 2035 bac
1416 2009 1464 2036 re
1489 2010 1508 2035 s
1543 1995 1755 2039 ectandus
1780 2005 1859 2040 est.
1918 1999 2009 2044 Ha·
2037 2018 2127 2046 sae·

1233 2050 1414 2108 pissime
1439 2050 1485 2092 in
1522 2060 1605 2095 icat
1632 2068 1761 2105 eum,
1792 2056 1868 2112 qui
1897 2073 1920 2099 a
1941 2058 2127 2116 loquen-

1233 2108 1289 2151 tis
1310 2115 1435 2166 parte
1458 2108 1504 2151 in
1526 2108 1706 2166 eiusque
1731 2112 1998 2171 cogitatione
2022 2133 2128 2176 pro-

1267 2164 1362 2217 ior;
1390 2165 1491 2214 ille,
1523 2166 1598 2222 qui
1626 2183 1649 2209 a
1671 2177 1794 2225 parte
1820 2170 1992 2217 diversa
2015 2175 2126 2218 etin

1234 2182 1463 2281 roquentis
1495 2225 1762 2282 cogitatione
1797 2230 2013 2273 remotior
2047 2238 2126 2276 est.

1234 2279 1312 2323 Sic
1334 2280 1421 2322 boc
1443 2279 1545 2322 loco
1567 2284 1616 2323 lu·
1637 2291 1768 2334 sunt,
1798 2286 1872 2343 qui
1894 2288 2029 2345 primi
2052 2305 2128 2332 au-

1236 2337 1325 2381 dita
1362 2336 1411 2379 in
1451 2337 1560 2381 alios
1589 2340 1890 2395 transferunt,
1933 2361 2042 2389 nam
2074 2362 2127 2389 ex

1232 2394 1286 2438 iis
1319 2403 1478 2438 auctor
1507 2395 1699 2454 incepit;
1738 2407 1782 2441 et
1803 2399 1877 2443 alii
1908 2402 2006 2452 isti,
2048 2405 2124 2462 qui
2173 2420 2177 2426 ·

1234 2451 1457 2495 cumulata
1489 2455 1649 2510 gaudio
1687 2456 1850 2500 iterum
1890 2458 1937 2502 in
1974 2460 2127 2519 plures

1233 2507 1534 2557 transferunt,
1562 2521 1664 2569 sunt
1687 2513 1773 2557 illi.
1833 2514 1896 2558 Su
1933 2533 1967 2560 r.
1997 2534 2035 2562 c.
2057 2519 2126 2563 77.

1233 2565 1465 2609 Domitius
1488 2566 1621 2611 Celer
1651 2568 1850 2615 disserit:
1942 2575 2125 2626 ‘sonem,

1231 2637 1332 2665 non
1371 2621 1616 2680 Sentium,
1670 2625 1840 2682 Syriae
1881 2634 2124 2688 praeposi-

1234 2689 1362 2723 tam:
1407 2681 1509 2724 huic
1534 2683 1700 2739 fasces
1734 2693 1820 2732 etc.
1894 2688 2125 2734 Ernestius

1232 2738 1294 2781 ibi
1329 2739 1402 2780 hic
1442 2740 1494 2782 ad
1533 2742 1752 2786 remotius
1794 2745 1956 2790 referri
2005 2747 2126 2801 dicit,

1233 2812 1295 2840 sc.
1319 2794 1373 2838 ad
1390 2794 1629 2851 Pisonem3
1656 2808 1697 2842 et
1719 2817 1824 2845 sane
1843 2803 2021 2848 Pisonis
2045 2822 2125 2850 vo-

1231 2853 1443 2896 cabulum
1494 2854 1542 2897 in
1587 2857 1745 2902 codice
1784 2861 2002 2905 remotius
2047 2873 2126 2917 est,

1230 2925 1377 2967 neque
1403 2926 1507 2954 vero
1529 2912 1706 2958 Pisonis
1733 2918 1860 2960 notio
1889 2919 1936 2961 in
1972 2921 2124 2966 animo

1230 2966 1473 3025 loquentis.
1541 2970 1655 3014 Nam
1690 2989 1712 3015 a
1740 2974 1905 3019 Pisone
1944 2976 2126 3035 incepit,

1233 3028 1303 3068 cui
1346 3027 1538 3084 opponit
1569 3027 1801 3085 Sentium3
1851 3033 1987 3090 igitur
2017 3035 2124 3081 Piso

1236 3082 1389 3125 debuit
1431 3099 1524 3128 esse
1561 3088 1656 3137 hio,
1709 3087 1886 3132 Sentius
1925 3092 2026 3148 ille,
2073 3093 2123 3137 in

1233 3140 1385 3182 animo
1409 3139 1647 3198 loquentis.
1706 3145 1872 3189 Eadem
1894 3146 1990 3190 fere
2011 3153 2123 3194 ratio

1234 3206 1298 3239 est
1333 3196 1447 3247 loci,
1484 3215 1621 3256 quem
1654 3217 1702 3243 ex
1723 3201 1823 3246 Liv.
1846 3205 1917 3257 24,
1944 3206 2013 3251 29.
2049 3209 2122 3252 ad·

1231 3254 1320 3295 fert
1349 3253 1596 3300 Ernestius.
1666 3259 1815 3303 Verba
1853 3271 1958 3306 sunt
1993 3265 2124 3311 baec:

1231 3311 1292 3353 Et
1321 3312 1608 3357 mittentibus
1640 3323 1684 3357 et
1719 3317 1872 3362 missis
1907 3336 1962 3362 ea
1994 3324 2124 3365 laeta

1233 3370 1469 3423 expeditio
1479 3371 1594 3424 fait.
1634 3374 1762 3416 Nam
1787 3385 1832 3418 et
1854 3378 1974 3428 illis,
2001 3385 2124 3437 quod

1234 3427 1332 3468 iam
1373 3425 1455 3468 dia
1485 3430 1750 3483 cupiebant,
1798 3439 2012 3479 novandi
2045 3452 2124 3481 res

1236 3485 1419 3525 occasio
1456 3489 1572 3529 data
1606 3496 1677 3530 esc
1711 3497 1757 3531 et
1793 3492 1849 3533 hi
1886 3495 2121 3538 sentinam

1235 3545 1478 3596 quandam
1531 3545 1659 3588 urbis
1698 3549 1801 3590 rati
1837 3552 2120 3596 exhaustam
