2222 4030
199 173 333 220 XLII
815 151 1403 217 PRAEFATIO.

198 290 266 344 in
306 280 730 361 posterioribus
760 273 1089 338 Annalium
1131 292 1188 338 et
1217 278 1616 338 Historiarum
1655 280 1852 354 libris,
1906 286 2045 362 quia

198 370 416 429 horum
478 375 815 424 contextum
868 361 1224 423 hauriebant
1277 387 1348 423 ex
1383 365 1662 422 editione
1713 365 2046 432 Puteolani.

194 455 282 514 Ne
305 465 474 531 putes
488 449 969 525 Florentinorum
994 451 1263 507 codicum
1284 451 1633 528 scripturam
1654 456 2047 525 grammaticis

194 539 572 614 librariisque
599 535 942 612 posterioris
978 534 1108 592 aevi
1147 535 1382 606 deberi,
1439 547 1647 593 cavent
1680 539 2047 597 monimenta

195 625 318 683 aeri
368 641 578 680 saxove
626 632 890 696 tempore
935 620 1203 677 florentis
1253 621 1559 680 latinitatis
1605 622 1787 683 incisa
1805 672 1822 697 ‚
1889 625 2047 682 inter

197 729 348 788 quae
405 707 606 770 adfero
664 725 696 762 e
751 704 1128 762 Monimento
1175 699 1499 782 Ancyrano
1558 704 1841 787 conlega,
1922 706 2043 766 ad-

190 790 472 872 signavi-⁹
526 812 558 850 e
583 789 950 848 monimento
974 789 1362 864 Lugdunensi
1377 836 1392 860 ‚
1435 791 1500 846 in
1528 813 1645 868 quo
1670 793 1887 870 legitur
1909 816 2045 853 ora.

192 882 277 938 tio
304 877 544 938 Claudii
573 876 651 932 in·
668 887 875 932 senatu
903 870 1138 945 habita,
1180 870 1560 954 adprobare.-
1604 897 1634 932 e
1673 882 2043 938 monimento

193 966 353 1042 apud
380 957 675 1020 Piranesi
702 954 947 1016 Antich.
973 955 1161 1017 Rom.
1203 955 1280 1016 Τ.
1311 955 1373 1016 Ι.
1415 957 1540 1015 tab.
1569 957 1620 1016 I
1616 957 1692 1020 X.
1721 972 1774 1021 et
1806 962 1884 1022 X.
1924 962 2043 1021 ad-

192 1047 452 1131 quisito.-
509 1068 540 1104 e
569 1046 937 1103 monimento
968 1045 1126 1120 apud
1154 1042 1396 1104 Gruter.
1424 1065 1482 1120 Ρ.
1512 1044 1657 1107 300.
1700 1070 1794 1112 nr.
1828 1051 1883 1111 1.
1923 1045 2044 1106 ad-

153 1194 157 1198 ,
191 1132 396 1194 lectuS.
479 1130 561 1190 Et
598 1128 777 1188 habet
814 1149 952 1187 sane
989 1126 1134 1186 haec
1173 1130 1473 1187 scribendi
1513 1131 1664 1191 ratio
1700 1135 2043 1209 gravitatem

190 1221 491 1299 quandam
530 1216 739 1274 Tacito
787 1215 1168 1290 aptissimam.
1276 1213 1397 1273 Sed
1435 1215 1604 1287 vide,
1668 1241 1744 1276 ne
1788 1221 2043 1278 nimium

189 1306 497 1378 indulgeas
533 1299 674 1359 huic
711 1300 906 1359 studio
946 1300 1332 1378 etymologiae
1357 1311 1414 1358 et
1438 1301 1664 1360 adferas
1690 1306 1910 1363 formas
1936 1327 2044 1362 ne-

189 1392 345 1448 mini
382 1390 539 1446 inter
571 1398 795 1443 veteres
832 1385 1091 1455 auditaS,
1147 1396 1216 1443 ut
1254 1380 1658 1466 adspernari,
1702 1386 2043 1471 adpellare,

189 1472 524 1540 adcusare,
567 1467 844 1551 adelpere
867 1482 925 1528 et
957 1471 1072 1527 alia
1099 1472 1392 1547 quaedam
1422 1472 1548 1528 eius
1578 1477 1838 1548 generis,
1893 1497 2043 1553 quae

187 1581 380 1638 neque
419 1560 485 1615 in
522 1555 908 1633 monimentis
948 1555 1146 1612 aeneis
1190 1556 1512 1631 lapideisve
1559 1555 1752 1638 neque
1790 1582 1822 1618 e
1871 1562 2041 1621 codd.

186 1645 367 1721 MSS.
404 1642 770 1701 Florentinis
819 1641 1055 1716 prodita
1098 1641 1334 1698 inveni:
1395 1641 1618 1718 ubique
1669 1647 1867 1722 potius
1915 1647 2042 1703 vidi

186 1726 546 1811 aspernari,
587 1723 937 1808 appellare,
981 1744 1299 1793 accusare,
1343 1723 1624 1806 accipere.
1721 1730 1921 1803 Quare
1961 1733 2043 1789 ita

185 1817 253 1873 in
288 1816 397 1873 ista
432 1835 496 1871 re
519 1824 785 1870 versatus
811 1831 972 1881 sum,
1014 1822 1082 1868 ut
1109 1831 1177 1867 ex
1202 1807 1316 1868 hoc
1341 1831 1552 1887 genere
1575 1814 1894 1873 retinerem
1917 1817 2041 1875 for-

184 1920 313 1959 mas
337 1899 680 1958 auctoritate
708 1897 980 1954 codicum
993 1895 1480 1955 Florentinorum
1504 1910 1563 1957 et
1587 1900 2041 1978 inscriptionum

125 2020 127 2026 1
183 1997 522 2046 constanter
546 1982 1012 2052 commendataS‚
1066 1983 1425 2058 depellerem
1463 1983 1735 2043 duriores
1771 1998 1831 2044 et
1866 1987 2040 2044 inau-

183 2073 355 2133 ditas,
436 2068 527 2129 Ita
552 2068 818 2126 medium
845 2067 1088 2144 aliquod
1125 2068 1282 2125 inter
1319 2070 1466 2126 duas
1506 2082 1700 2146 partes
1739 2072 2039 2129 scribendi

183 2176 369 2234 genus
413 2154 662 2225 exstitit,
727 2174 846 2230 quo
893 2153 1116 2212 vitatur
1161 2153 1225 2210 id
1275 2155 1437 2231 quod
1481 2156 1799 2214 offensioni
1840 2168 1925 2214 est
1965 2158 2042 2214 ab

181 2255 434 2319 utraque
474 2251 659 2317 parte.
767 2236 973 2315 Neque
1016 2250 1217 2296 tamen
1260 2240 1460 2296 omnia
1504 2242 1749 2312 admisi,
1818 2263 1967 2320 quae
2009 2264 2040 2299 e

183 2329 315 2388 cod.
346 2325 508 2386 Flor.
547 2346 583 2383 a
617 2323 884 2382 Victorio
924 2324 1160 2399 prodita
1200 2337 1367 2395 sunt,
1425 2326 1565 2402 quia
1605 2327 1870 2385 videram
1907 2328 2040 2385 aliis

181 2414 328 2472 locis
365 2412 546 2470 aliam
586 2429 707 2468 esse
744 2411 1028 2466 sormam:
1089 2405 1399 2468 studebam
1449 2412 1610 2469 enim
1659 2414 2040 2482 constantiae,

183 2517 524 2577 quanquam
551 2517 627 2553 ne
656 2495 933 2571 antiquos
959 2494 1202 2571 quidem
1230 2496 1402 2552 anxie
1434 2498 1726 2569 eiusmodi
1765 2512 2042 2558 constan-

181 2585 328 2641 tiam
369 2584 708 2640 observasse
746 2580 1012 2636 intellexi
1052 2600 1082 2636 e
1118 2578 1497 2663 Monimento
1528 2579 1882 2661 AncyranO,
1932 2584 2039 2641 ubi

182 2669 397 2743 legitur
436 2661 690 2744 conlega
731 2677 788 2723 et
824 2685 960 2722 mox
1005 2661 1346 2742 collegium.
1445 2666 1672 2724 Verum
1710 2669 1850 2744 quia
1896 2665 2038 2725 haec

181 2774 276 2812 res
318 2753 476 2811 inter
514 2764 804 2811 nostrates
847 2750 1209 2808 accuratiore
1260 2751 1638 2826 indagatione
1687 2754 1868 2827 digna
1916 2774 2038 2809 esse

182 2838 376 2914 coepit
395 2885 410 2908 ‚
475 2837 766 2894 eiusmodi
807 2836 982 2892 etiam
1017 2836 1341 2912 scripturae
1379 2838 1721 2897 varietatem
1762 2840 1828 2895 in
1877 2859 2041 2895 com-

183 2923 472 2981 mentario
497 2912 856 2997 plerumque¹
869 2920 1167 2981 adnotavi.

356 3007 407 3085 §-
444 3004 548 3067 40.
598 3003 1068 3080 Interpungendi
1105 3008 1354 3064 modum
1393 3007 1623 3064 institui
1660 3028 1824 3077 eum,
1874 3018 1941 3064 ut
1972 3007 2037 3061 in

185 3092 382 3151 Taciti
425 3103 700 3149 contextu
738 3091 958 3166 triplici
999 3103 1138 3148 nota
1181 3104 1490 3150 contentus
1542 3111 1756 3162 essem,
1814 3103 2034 3168 puncto

185 3176 306 3257 (.),
362 3178 491 3235 colo
519 3174 623 3256 (.)
666 3189 720 3233 et
759 3189 1044 3233 commate
1081 3172 1196 3256 (,).
1293 3176 1443 3233 Nam
1486 3179 1645 3252 quod
1683 3178 2036 3235 recentiores

185 3265 436 3320 editores
459 3264 686 3319 addunt
711 3261 1030 3318 semicolon
1055 3257 1150 3340 (3)
1176 3262 1240 3317 in
1266 3261 1459 3319 Taciti
1483 3263 1653 3319 libris
1676 3263 1886 3319 inutile
1916 3281 2035 3317 esse

185 3350 468 3421 cognovi,
520 3348 738 3424 quippe
772 3346 875 3421 qui
917 3367 949 3402 a
988 3346 1327 3419 longiorum
1364 3348 1746 3422 periodorum
1787 3347 2031 3404 artificio

184 3431 507 3491 abhorrens
545 3446 600 3490 et
642 3432 887 3491 concisis
929 3433 1231 3491 sententiis
1269 3435 1526 3507 gaudens
1564 3435 1658 3491 vel
1699 3435 1821 3491 sine
1851 3434 2032 3489 inter—
