2222 4030
1177 48 1199 59 ..

268 185 309 244 4
954 179 1466 244 ANNALIUM

1812 181 1865 219 A.
1884 183 1938 221 U.
1964 186 2046 222 723.

1813 229 1868 265 A.
1891 228 1939 263 C.
1990 233 2050 267 ³1.

268 315 474 383 falsae,
524 323 837 388 postquam
869 313 1237 384 occiderant,
1289 313 1623 371 recentibus
1655 314 1812 390 odiis
1845 322 2139 396 composi-

269 396 362 456 tae
406 408 558 456 sunt.

658 395 807 455 Inde
846 400 1159 455 consilium
1199 395 1379 469 mihi,
1439 421 1624 475 pauca
1657 401 1729 456 de
1761 398 2027 476 Augusto
2055 417 2138 464 .et

269 496 524 541 extrema
546 483 801 553 tradere,
842 504 981 540 mox
1005 483 1236 541 Tiberii
1259 479 1660 560 principatum
1683 498 1738 543 et
1761 492 1966 560 cetera,
2009 492 2137 547 sine

269 568 358 626 ira
380 579 436 623 et
459 568 653 625 studio
670 613 688 637 ‚
731 569 986 645 quorum
1011 588 1210 624 causas
1235 573 1443 642 procul
1471 567 1677 629 habe0.

441 651 521 714 II.

606 651 928 730 Postquam
979 652 1166 710 Bruto
1222 665 1279 709 et
1320 652 1522 712 Cassio
1584 656 1762 711 caesis
1805 658 1973 714 nulla
2016 659 2135 715 iam

267 738 732 816 publica-arma,
768 738 1086 814 Pompeius
1122 739 1279 812 apud
1307 738 1572 796 Siciliam
1609 762 1951 816 oppreSSUS‚
1995 765 2135 800 exu-

267 837 447 900 toque
483 821 744 898 Lepido,
797 825 1103 880 interfecto
1136 819 1432 895 Antonio,
1485 847 1559 881 ne
1602 825 1848 883 Iulianis
1897 830 2137 904 quidem

266 909 532 986 partibus
566 909 684 964 nisi
716 907 930 973 Caesar
963 910 1082 965 dux
1120 908 1412 984 reliqum,
1464 913 1656 987 posito
1694 914 1991 970 triumviri
2024 935 2137 972 no-

246 995 426 1051 ⁴mine
448 996 749 1052 consulem
773 1013 830 1050 se
858 995 1052 1069 ferens
1087 1006 1144 1051 et
1179 994 1253 1049 ad
1291 998 1574 1053 tuendam
1611 999 1844 1072 plebem
1877 1000 2136 1055 tribuni-

268 1185 415 1238 οὕτως
441 1184 646 1236 ἀναιδῶς
680 1183 1038 1243 ἕνεπαρώνησαν
1074 1189 1170 1235 τοῖς

266 1243 560 1304 ψεύσμασιν,
595 1242 655 1294 ὠς
677 1243 839 1313 ιζξίους,
856 1242 1025 1294 αὐτοὺς
1048 1241 1167 1287 εἶναι

264 1300 611 1361 καταγνώσεως.

310 1363 491 1418 salsae.
563 1359 777 1404 Wolfius
820 1359 1166 1416 coniecitsalso

265 1437 300 1463 s.
323 1419 477 1475 false,
511 1419 612 1476 quia
645 1432 721 1460 res
738 1418 904 1472 falsae
931 1419 1164 1469 composi-

265 1485 343 1519 tae
370 1478 454 1534 ipsi
482 1493 573 1519 non
604 1476 850 1533 placebant.
909 1475 1065 1533 Neque
1097 1485 1163 1519 ta-

265 1551 370 1577 men
414 1552 462 1578 ea
504 1533 683 1576 dicendi
726 1532 921 1576 formula
959 1533 1160 1578 latinitati

263 1608 371 1649 repu
406 1601 495 1634 nat.
559 1592 658 1634 Res
674 1590 841 1646 falsae
878 1591 1162 1645 compositae

263 1607 484 1714 signiffic-at
507 1682 517 1698 ‚
587 1662 689 1699 res,
748 1647 820 1688 uti
878 1650 1160 1703 compositae

260 1714 392 1757 sunt,
417 1706 582 1761 falsae
615 1712 748 1755 sunt;
790 1704 925 1760 idque
949 1707 1031 1748 sibi
1062 1707 1160 1751 vult

259 1772 435 1807 auctor.
496 1762 665 1806 Eadem
703 1771 768 1805 est
803 1765 1047 1807 verborum
1081 1780 1159 1806 ra-

259 1821 322 1864 tio
361 1821 465 1864 infr.
513 1819 648 1864 e.34.
688 1835 808 1876 quae
837 1823 1159 1874 pulcherrima

247 1877 471 1934 fecisset3
531 1878 579 1929 3,
622 1880 663 1921 5.
717 1892 834 1934 quae
884 1881 1067 1921 honora
1113 1886 1159 1921 et

260 1936 516 1992 magnifica
541 1935 759 1991 fecissem
814 1937 890 1984 15,
923 1937 995 1978 51.
1041 1951 1159 1992 quae

258 2007 372 2036 vera
393 2008 488 2036 non
512 1994 851 2047 probabantur.
916 1992 1056 2049 Quod
1085 1994 1158 2036 ille

259 2060 439 2103 monet,
457 2050 637 2107 fallere
665 2066 740 2093 res
765 2059 920 2106 gestas
942 2069 978 2094 s.
1005 2052 1154 2094 In'sco-

257 2109 381 2152 riam
406 2125 589 2167 prorsus
607 2107 728 2150 nihili
749 2125 867 2158 esse,
898 2109 1031 2152 etiam
1047 2109 1156 2164 sal-

258 2167 355 2208 lere
395 2168 590 2208 nomina
631 2165 754 2208 nihili
797 2176 882 2217 est,
927 2175 970 2209 et
1003 2176 1155 2210 tamen

257 2223 421 2266 Noster
444 2223 557 2267 nist.
585 2226 622 2274 1,
643 2222 714 2266 37.
729 2224 873 2281 falsis
893 2226 1157 2267 nominibus

255 2282 560 2324 severitatem
601 2295 690 2336 pro
725 2282 948 2336 saeuitia,
991 2283 1156 2335 parci-

195 2356 200 2359 ·
256 2340 467 2381 moniam
496 2354 587 2393 pro
620 2340 826 2381 avaritia
854 2367 914 2376 —-
942 2339 1156 2398 appellari

255 2395 379 2439 dicit.
463 2395 767 2440 Tritissimum
802 2399 922 2440 enim
963 2406 1054 2445 est,
1108 2398 1152 2440 id

257 2453 533 2499 vocabulum
571 2463 613 2497 et
641 2455 835 2501 activam
860 2464 903 2498 et
927 2455 1151 2514 passivam

181 2535 192 2541 --
257 2510 633 2568 significationem
657 2509 835 2558 habere.

314 2576 481 2611 cetera.
564 2569 679 2618 Edd.
719 2577 826 2611 vett.
864 2568 936 2611 hie
972 2579 1015 2612 et
1048 2570 1153 2612 alibi

255 2623 458 2668 caetera.
545 2625 633 2669 Sed
671 2625 730 2671 cf.
761 2625 1036 2670 Ranishorn?
1070 2626 1154 2671 Gr.

256 2683 301 2739 §.
331 2682 398 2726 15.
438 2699 481 2741 p.
510 2682 576 2727 15.

313 2754 409 2785 Sjne
434 2756 511 2783 Ira
537 2774 546 2784 ·
573 2770 587 2785 ο

255 2798 501 2848 beneficio,
543 2815 688 2856 neque
725 2798 886 2841 iniuria
923 2801 1151 2857 principes

255 2854 317 2898 illi
345 2854 502 2898 Tacito
526 2856 710 2913 cogniti.
771 2857 829 2899 cf.
852 2855 964 2899 Hist.
995 2860 1032 2907 1,
1060 2861 1098 2901 1.

315 2911 429 2954 CAP.
453 2914 494 2955 2.
563 2914 716 2955 Bruto
740 2920 786 2954 et
811 2913 968 2956 Cassio
991 2918 1149 2958 caesis.

255 2967 460 3027 Uterque
487 2978 628 3012 semet
659 2972 752 3027 ipse
781 2971 1024 3016 interemit.
1089 2973 1147 3015 cf.

253 3027 378 3128 Ξὲοτ.
408 3028 448 3079 4,
473 3027 514 3069 6.
575 3027 766 3086 Eutrop.
791 3029 832 3077 7,
856 3028 899 3073 3.
961 3028 1053 3072 Dio
1078 3030 1150 3080 47,

305 3143 487 3197 publica
507 3157 662 3184 arma.
722 3144 899 3192 Arma,
927 3143 1006 3187 W
997 3145 1153 3200 offen-

254 3202 434 3249 macht,·
455 3201 646 3255 publica
672 3199 714 3242 h.
741 3216 777 3242 e.
806 3217 918 3259 quae
942 3211 1046 3246 sunt
1074 3219 1150 3246 se-

251 3265 384 3300 natus
427 3257 673 3316 populique
719 3256 941 3311 Romani;
1000 3275 1150 3318 oppo-

252 3323 426 3357 nuntur
450 3314 586 3357 armis
609 3315 810 3371 privatis.
845 3316 960 3358 Nam
983 3319 1149 3359 trium-

252 3371 337 3417 viri
365 3371 408 3415 vi
431 3381 472 3414 et
499 3371 694 3429 potentia
721 3374 1023 3430 ressgerebant
1048 3376 1147 3418 sine

251 3428 430 3487 publica
472 3429 737 3480 auctoritate
773 3429 998 3487 legitima3
1046 3433 1143 3488 pri-

615 2772 627 2784 .
657 2771 671 2784 .
695 2741 860 2783 habeo.
925 2740 1044 2797 Quia
1068 2759 1154 2786 nec

1239 1204 1366 1232 arma
1401 1203 1740 1246 comparavere.
1817 1187 1923 1232 Vid.
1958 1189 2136 1233 Monu-

1240 1254 1377 1289 ment.
1403 1246 1631 1303 Ancyran.
1656 1248 1712 1289 ab
1736 1245 1879 1288 initio.

1297 1317 1561 1357 oppressus.
1625 1304 1678 1347 H.
1697 1321 1735 1347 e.
1757 1302 1947 1352 1113,41.
1972 1303 2135 1355 vietus,

1240 1360 1406 1403 deletus
1445 1370 1492 1403 ut
1527 1360 1689 1412 hostis,
1722 1377 1815 1404 non
1855 1362 2133 1406 interfectus.

1238 1417 1426 1461 Sueton.
1464 1417 1572 1462 Oct.
1611 1435 1651 1462 e.
1681 1419 1748 1461 16.
1818 1418 1910 1462 Dio
1945 1417 2014 1472 49,
2042 1419 2070 1462 9
2093 1429 2135 1464 et

1239 1478 1308 1518 10.
1372 1476 1565 1533 Appian.
1604 1476 1643 1525 5,
1677 1477 1770 1519 119.
1832 1477 2034 1520 Zonaras
2065 1479 2133 1527 10,

1234 1532 1304 1575 25.
1368 1533 1527 1577 Victus
1561 1533 1607 1576 in
1637 1534 1791 1577 Asiam
1827 1534 1942 1591 sugit
1980 1535 2132 1592 ibique

1234 1609 1256 1635 a
1284 1591 1429 1643 Titio,
1461 1592 1646 1634 Antonii
1675 1593 1842 1649 legato,
1871 1593 2133 1636 interfectus

1234 1659 1312 1693 est.
1357 1649 1547 1706 Appian.
1576 1650 1615 1696 5,
1642 1651 1736 1692 144.
1779 1651 1875 1693 Liv.
1901 1651 2005 1707 epit.
2033 1649 2130 1694 131.

1232 1706 1323 1808 ἓσλίο
1355 1707 1715 1814 ζὲ,116815“1οι“.
1748 1709 1789 1761 4,
1821 1709 1864 1751 8.
1936 1707 2056 1751 Plin.
2088 1709 2132 1758 7,

1288 1829 1523 1877 exutoque
1539 1821 1731 1875 Lepido.
1782 1821 2004 1881 spoliavit
2026 1839 2131 1866 eum

1232 1880 1441 1923 exercitu.
1490 1878 1677 1922 sueton.
1706 1879 1812 1924 Oet.
1839 1897 1879 1924 c.
1907 1881 1974 1924 16.
2026 1881 2130 1933 Liv.

1229 1938 1354 2037 {pi}2
1357 1937 1735 2038 6129.D·Vec{l9ei1;s2
1744 1939 1786 1988 2,
1806 1939 1878 1982 80.
1932 1938 2128 1998 Appian.

1257 2029 1269 2047 ‚
1388 2026 1400 2038 .
1512 2010 1554 2038 io
1642 2028 1653 2046 ‚
1738 2028 1750 2038 .

1285 2053 1525 2109 interfecto
1550 2054 1769 2095 Antonio.
1833 2051 1903 2095 Ad
1933 2061 2127 2096 mortem

1229 2110 1376 2167 adegit
1408 2110 1550 2164 (Suet.
1578 2108 1686 2154 Oet.
1712 2127 1751 2154 c.
1782 2110 1868 2166 17.)
1899 2126 1980 2168 per
2000 2109 2127 2169 frau-

1229 2168 1333 2211 dem
1368 2167 1629 2226 Cleopatrae
1677 2168 1794 2222 (Dio
1829 2170 1898 2220 51,
1927 2168 1953 2211 8
1982 2172 2130 2235 sqq-⁶),

1230 2235 1277 2268 ut
1316 2241 1362 2268 se
1398 2226 1495 2284 ipse
1534 2225 1805 2269 interficeret
1851 2226 1974 2281 (Liv.
2020 2236 2127 2284 epit.

1231 2281 1331 2327 133.
1380 2283 1570 2342 Eutrop.
1595 2283 1637 2335 7,
1660 2283 1701 2326 7.
1739 2284 1897 2328 venei.
1924 2284 1965 2336 2,
1988 2283 2099 2341 87.).

1287 2356 1749 2399 triumvirinomine.
1811 2355 1883 2398 De
1917 2371 2007 2412 quo
2037 2371 2127 2398 no-

1215 2413 1350 2456 amine
1391 2413 1572 2457 videndi
1611 2413 1798 2457 Sueton.
1833 2413 1940 2456 Oet.
1983 2429 2024 2458 c.
2052 2414 2126 2457 27.

1226 2470 1326 2515 Liv.
1360 2471 1466 2528 epit.
1510 2471 1604 2514 120.
1632 2470 1727 2514 132.
1789 2471 1984 2530 Appian.
2016 2470 2057 2523 4,
2080 2472 2125 2515 2.

1226 2529 1318 2572 Dio
1347 2526 1414 2580 46,
1440 2529 1510 2570 55.
1539 2537 1580 2571 et
1601 2529 1669 2580 48,
1695 2528 1764 2571 54.
2007 2541 2016 2553 ⁸

1285 2603 1517 2642 consulem
1573 2615 1622 2642 se
1660 2600 1849 2655 ferens.

1228 2656 1335 2699 Oet.
1367 2672 1405 2699 c.
1437 2659 1508 2699 26.
1565 2658 1654 2700 Dio
1680 2659 1747 2708 51,
1768 2660 1839 2702 21.

1240 2742 1244 2745 ·
1282 2731 1349 2768 ad
1392 2732 1612 2770 tuendam
1650 2730 1836 2782 plebem
1877 2730 1981 2771 trib.
2020 2730 2049 2772 ι’.
2083 2733 2133 2773 ὼ

1224 2785 1349 2828 Suet.
1379 2785 1488 2829 Oet.
1525 2802 1563 2828 c.
1591 2787 1660 2828 27.
1724 2786 1814 2828 Dio
1853 2787 1922 2834 51,
1949 2787 2016 2828 19.
2059 2789 2126 2827 aa

1225 2846 1448 2885 tuendam
1467 2846 1666 2897 plebem.
1730 2843 1828 2888 Liv.
1853 2844 1894 2893 S,
1916 2845 1986 2887 55.
2032 2844 2123 2886 Dio

1224 2901 1253 2944 l.
1278 2901 1305 2942 l.
1352 2903 1428 2943 καὶ
1463 2900 1544 2944 τὸν
1566 2905 1780 2955 Καίσαρα
1811 2899 1894 2956 τήν
1921 2918 1967 2945 τε
1992 2903 2126 2951 ἐξου-

1224 2963 1333 3001 σίαν
1375 2957 1457 3013 τὴν
1491 2961 1585 3001 τῶν
1619 2957 1874 3017 δημάρχων
1909 2958 1986 3003 διὰ
2020 2962 2125 3014 βίου

1224 3017 1349 3073 ἔχειν
1381 3019 1459 3059 καὶ
1493 3021 1588 3065 τοῖς
1619 3019 1950 3074 ἐπιβοωμένοις
1980 3012 2125 3061 αὐτὸν

1223 3076 1301 3117 καὶ
1341 3073 1471 3122 ἐντὸς
1511 3077 1594 3117 τοῦ
1630 3079 1873 3132 πωμηρίου
1910 3077 1987 3118 καὶ
2035 3075 2122 3126 ἔξω

1219 3134 1359 3191 μεχρὶ
1392 3129 1568 3188 ὀγδόου
1604 3129 1880 3188 ἦμισταδίου
1910 3129 2119 3192 ἀμύνειν.

1221 3190 1371 3232 Plebis
1393 3205 1554 3247 nempe
1576 3192 1710 3234 tutela
1736 3200 2010 3248 praetextus,
2042 3192 2120 3234 sed

1222 3247 1315 3291 vim
1349 3247 1395 3288 in
1429 3263 1476 3289 ea
1509 3258 1726 3305 potestate
1754 3250 1995 3306 spectabat.
2056 3250 2117 3294 cf.

1219 3304 1325 3348 infr.
1352 3302 1393 3355 3,
1415 3305 1485 3348 56.
1546 3304 1637 3347 1)ὶο
1660 3305 1730 3355 53,
1756 3307 1824 3349 17.

1278 3375 1533 3418 tribunicio.
1595 3375 1710 3418 Edd.
1739 3385 1848 3421 vett.
1880 3378 2115 3420 tribunitio

1217 3440 1261 3475 et
1283 3448 1323 3475 c.
1340 3430 1382 3474 3.
1407 3434 1694 3484 tribunitiae,
1718 3450 1907 3493 eamque
1917 3435 2116 3495 scriptu-

1933 2599 2123 2644 Sueton.

251 3494 356 3532 vato
399 3487 590 3531 consilio
633 3495 677 3531 et
718 3487 891 3544 privata
940 3488 1141 3546 impensa
1214 3505 1312 3534 ram
1363 3491 1567 3549 sequitur
1610 3491 1965 3537 Monumentum
2012 3494 2114 3536 An-
