2222 4030
299 242 384 308 48

968 238 1487 302 ANNALIUM

1862 239 1921 323 t.-
1934 242 1989 322 8.-
2004 241 2086 324 ⁷2⁵2.-

298 373 534 450 iamque
562 368 776 446 lapidis
800 369 922 428 ictu
950 384 1228 429 cruentus
1253 382 1310 428 et
1335 370 1497 430 exitii
1521 381 1712 431 certus
1736 374 1991 435 adcursu
2008 379 2169 436 mul-

298 457 598 524 titudinis,
642 475 791 531 quae
815 476 949 512 cum
973 454 1170 513 Druso
1203 457 1551 526 advenerat,
1593 462 1891 533 protectus
1916 474 2018 527 est.

468 551 756 613 XXVIII.
839 551 1088 612 Noctem
1132 553 1423 609 minacem
1473 565 1530 610 et
1576 555 1642 611 in
1686 557 1874 613 scelus
1922 573 2167 636 eruptu-

297 661 428 698 ram
470 640 593 696 fors
637 638 869 709 lenivit:
940 656 1081 695 nam
1122 640 1268 695 luna
1321 639 1478 695 claro
1533 653 1779 715 repente
1831 644 1994 701 coelo
2041 647 2167 703 visa

297 727 690 800 languescere,

811 721 883 780 Id
938 724 1109 780 miles
1164 722 1411 780 rationis
1463 718 1704 798 ignarus
1766 748 1941 785 omen
1992 750 2166 805 prae-

297 810 558 870 sentium
598 809 820 885 accepit
874 828 939 865 ac
988 809 1110 866 suis
1164 807 1471 874 laboribus
1514 811 1902 870 defectionem
1956 815 2163 872 sideris

352 985 468 1032 CAP.
504 984 577 1031 28.
654 986 772 1026 luna
824 986 955 1027 claro
995 990 1193 1040 repente

294 1047 441 1098 cado.
519 1043 572 1086 In
615 1042 718 1086 cod.
749 1041 850 1084 MS.
894 1042 1046 1092 ferunt
1080 1040 1192 1099 legi=

294 1107 412 1148 luna
458 1103 668 1149 clamore
699 1112 826 1155 pena
862 1101 1015 1150 coelo,
1075 1115 1190 1156 quae

284 1152 401 1206 'sunt
435 1157 576 1203 nihili.
651 1156 857 1199 Beroald.
897 1156 1039 1199 dedit:
1088 1159 1191 1199 cla-

284 1219 424 1269 [rior-e
453 1229 573 1273 pene
604 1216 754 1264 coelo,
797 1222 846 1257 ut
876 1228 899 1260 e
931 1213 1035 1258 MS.
1113 1213 1192 1262 Sic.

359 1275 564 1325 Rhenan.
624 1271 799 1328 Lipsius
827 1287 874 1314 re
910 1271 1044 1330 perit,
1076 1288 1190 1331 quae

283 1285 427 1379 ‘fibdie'
476 1331 729 1388 vulgamus,
814 1287 1063 1387 Saiinerius
1108 1345 1190 1376 vo-

287 1391 441 1442 lebatt
498 1388 704 1432 clariore
749 1387 896 1442 plena
934 1388 1089 1440 coelo,
1139 1396 1192 1431 ut

292 1445 651 1506 comparativum
706 1443 896 1501 accipias
945 1459 1028 1502 pro
1072 1445 1189 1504 posi·

291 1506 447 1558 sitivo3
488 1502 651 1545 Nerius
683 1499 729 1542 in
761 1501 929 1545 Annal.
965 1503 999 1553 l,
1019 1503 1063 1545 4.
1089 1505 1191 1544 cla-

291 1577 406 1607 rore
436 1563 580 1618 plena
619 1561 770 1610 coelo,
817 1560 940 1617 quod
980 1560 1127 1618 placet
1154 1560 1188 1604 Ι.

292 1618 544 1665 Gronovio.
609 1617 858 1660 Clarorem
882 1617 1110 1674 accipiunt
1132 1617 1187 1660 de

288 1674 461 1730 lumine
507 1673 635 1727 solis,
698 1675 819 1731 quod
862 1673 969 1718 luna
1009 1674 1185 1734 recipit.

276 1730 380 1787 'Dio
402 1733 432 1778 l.
455 1732 492 1776 l.
524 1748 622 1776 rem
646 1731 822 1775 brevius
855 1731 989 1776 dicit:
1025 1735 1104 1787 τῆς
1135 1733 1188 1777 δὲ

288 1791 352 1850 δῆ
399 1786 597 1849 ’σελήνης
659 1786 948 1845 ἐκλιπούσης.
1050 1790 1189 1850 Lipsii

287 1849 653 1895 emendationem
681 1847 1026 1897 commendant,
1073 1864 1187 1906 quae

286 1924 394 1954 mox
429 1913 703 1965 sequuntur:
753 1912 1009 1961 postquam
1049 1913 1187 1948 ortae

286 1966 430 2010 nubes
481 1964 674 2026 offecere
731 1962 862 2005 visui.
956 1963 1186 2007 Difficilli-

285 2038 415 2074 mum
451 2036 557 2064 sane
597 2020 681 2063 e'rit
723 2019 911 2062 meliora
959 2021 1183 2080 proferre.

288 2080 566 2140 Quanquam
597 2092 694 2120 non
733 2076 978 2120 absurdum
1016 2077 1065 2121 in
1096 2078 1186 2121 hoc

285 2134 498 2193 contextu
539 2133 809 2179 vocabulum
834 2137 980 2189 plena
1008 2152 1100 2179 esse
1124 2134 1184 2178 vi-

286 2195 446 2248 detum
474 2199 647 2237 constat
671 2192 793 2235 enim
815 2207 911 2236 non
934 2192 1018 2235 nisi
1041 2192 1182 2250 pleni·

284 2249 399 2300 lunii
436 2251 508 2295 die
548 2248 849 2293 defectionem
890 2249 1024 2293 lunae
1067 2250 1183 2295 acci·

273 2304 392 2358 ¹dere
435 2323 581 2369 posse.
678 2305 1012 2351 C'oniiciebam:
1065 2309 1182 2350 luna

283 2370 422 2413 clara
460 2374 506 2409 et
551 2367 662 2407 orbe
706 2367 865 2419 plena.
954 2364 1043 2410 Sed
1084 2381 1179 2427 non

282 2424 434 2484 magni
470 2421 588 2471 facio
639 2421 968 2471 coniecturam.
1055 2422 1180 2467 Cete-

282 2499 387 2530 rum
410 2480 587 2540 eclipsis
612 2478 687 2524 illa
713 2480 966 2524 secundum
986 2480 1179 2539 Dionys.

281 2539 517 2586 Petavium
567 2537 621 2581 de
670 2535 876 2580 doctrina
919 2546 1181 2597 temporum

270 2598 362 2650 '11,
392 2596 434 2640 6.
474 2604 593 2640 sexta
627 2603 731 2655 post¹
767 2593 959 2652 Augusti
1003 2595 1180 2639 obitum

281 2653 563 2701 hebdomade
587 2652 658 2696 die
673 2651 1013 2711 26.Septembr.
1036 2669 1109 2697 an.
1132 2669 1176 2711 p.

283 2713 392 2758 Chr.
422 2729 471 2757 n.
513 2711 580 2754 14.
629 2709 791 2753 evenit.
887 2710 1179 2754 Defectiones

282 2769 389 2815 solis
422 2778 466 2813 et
511 2767 645 2811 lunae
687 2767 804 2810 inter
837 2767 1043 2826 prodigia
1083 2783 1178 2810 esse

282 2827 449 2872 habitas
464 2825 616 2870 multis
631 2823 845 2882 exemplis
859 2826 989 2869 docet
1003 2825 1177 2868 Freins-

266 2885 400 2928 -hem.
423 2885 478 2927 ad
497 2883 624 2927 Curt.
651 2882 691 2934 4,
721 2884 788 2926 10.
851 2883 910 2925 cf.
947 2891 1006 2926 et.
1035 2883 1178 2925 Fron-

280 2943 363 2987 tin.
400 2941 590 2996 Strateg.
630 2943 664 2992 l,
690 2942 758 2984 12.
789 2968 848 2976 —-
886 2940 976 2983 Dio
1010 2941 1080 2989 60,
1105 2941 1176 2983 26.

282 2997 464 3058 exponit
482 2999 680 3042 rationes
699 3014 944 3057 causasque
962 2997 1178 3041 defectio-

278 3072 412 3100 num.
476 3072 478 3074 ’

267 3144 269 3147 <
338 3117 651 3168 languescere.
719 3111 762 3156 h.
799 3129 840 3157 e.
877 3113 1030 3157 labore
1068 3127 1179 3157 con·

281 3171 372 3215 fici.

339 3244 395 3271 ac
423 3227 537 3270 suis:
598 3225 664 3270 Ut
685 3226 816 3270 huius
839 3227 927 3271 loci
953 3235 1178 3271 structura

281 3293 490 3336 constet,
562 3284 836 3331 Freinshem.
904 3284 1174 3342 Wopkens.

261 3339 479 3390 'Rickless
511 3341 664 3386 delent
691 3357 768 3390 ac,·
799 3342 1042 3399 Rupertius
1069 3359 1175 3386 cum

278 3400 467 3445 Heinsio
501 3416 584 3459 pro
621 3415 676 3442 ac
717 3398 810 3442 vult
844 3401 988 3450 ham-,-
1041 3399 1174 3442 Herr-

279 3451 473 3510 mannus
524 3457 572 3501 in
633 3463 747 3500 nott.
802 3456 856 3499 ad
910 3456 955 3500 h.
1011 3457 1041 3501 l.
1101 3457 1176 3500 dat

274 3530 503 3574 prospere
564 3529 713 3570 aeque
776 3529 859 3571 pro
917 3529 1175 3574 prospere·-

279 3573 388 3629 q'ue‚
418 3571 541 3633 quod
568 3588 671 3616 mox
701 3570 917 3630 sequitur.
981 3570 1172 3615 Wolfio

1264 982 1633 1028 commodissima
1667 984 1844 1031 videtur
1870 987 2160 1047 Wopkensii

1263 1041 1546 1090 emendatio=
1600 1044 1877 1097 accipiebat,
1931 1050 2032 1092 suis
2067 1050 2161 1091 lab.

1262 1097 1355 1140 Sed
1398 1099 1523 1140 omni
1563 1101 1812 1144 mutatione
1854 1104 2160 1160 supersedebi-

1262 1170 1386 1204 mus,
1452 1155 1488 1199 si
1544 1165 1667 1200 recte
1727 1159 1948 1219 accipitur
1997 1160 2161 1220 copula

1261 1227 1350 1269 que
1378 1213 1427 1256 in
1459 1228 1792 1272 prospereque.
1863 1217 2011 1269 Multa
2030 1218 2161 1268 'enim

1262 1277 1367 1314 sunt
1420 1271 1610 1325 indicia,
1670 1272 1828 1317 Tacito
1891 1291 1991 1331 eam
2028 1275 2158 1334 -poni

1294 1343 1346 1370 ro
1386 1329 1538 1371 etiam
1570 1328 1640 1372 vel
1672 1346 1866 1387 quoque.
1944 1333 2022 1376 Sic
2053 1332 2157 1377 cod.

1261 1344 1364 1436 R‘IS.
1383 1385 1491 1434 infr.
1514 1403 1553 1430 e.
1567 1387 1637 1430 65.
1658 1396 1704 1431 et
1723 1393 1998 1446 eodemque.
2024 1389 2159 1442 Dele-

1261 1458 1364 1484 vere
1385 1459 1484 1499 que.
1543 1444 1633 1487 Sed
1654 1445 1690 1488 si
1716 1447 1906 1505 accipias
1935 1465 2016 1507 pro
2040 1463 2159 1505 quo-

1262 1515 1349 1556 que
1379 1501 1597 1558 positum,
1630 1512 1679 1545 ut
1707 1502 1936 1554 intendat,
1967 1506 2079 1549 bene
2111 1519 2157 1548 se

1260 1557 1394 1600 habet
1414 1559 1584 1611 codicis
1608 1559 1707 1606 MS.
1734 1563 1863 1614 ratio.
1924 1563 2156 1615 Vide—not.

1259 1613 1337 1657 ibi.
1407 1614 1556 1658 Porro
1592 1617 1680 1662 An.
1716 1618 1764 1670 4,
1799 1618 2012 1673 742eo'd.
2050 1619 2156 1663 MS.

1259 1672 1412 1716 habet:
1450 1676 1595 1718 donec.-
1627 1675 1763 1731 idque
1788 1676 1994 1726 vetitum.
2048 1677 2157 1721 -Mu-

1259 1738 1354 1774 tant
1378 1729 1425 1772 in
1449 1731 1501 1773 id
1521 1747 1715 1788 quoque.
1777 1734 1866 1777 An.
1894 1737 1934 1789 ὁ,
1961 1735 2030 1778 19.
2061 1751 2154 1777 au-

1259 1787 1526 1843 rariasque.
1587 1789 1757 1833 Delent
1797 1807 1896 1848 que.
1955 1792 2003 1835 Si
2043 1793 2158 1836 acci-

1258 1843 1352 1902 pias
1373 1860 1459 1902 pro
1492 1862 1697 1904 quoque,
1731 1857 1847 1893 stare
1881 1850 2050 1909 optime
2076 1865 2155 1908 po·

1259 1909 1360 1944 test.
1420 1901 1537 1953 Ibid.
1567 1920 1607 1949 e.
1628 1903 1697 1948 33.
1722 1909 1809 1959 (1ᾳί
1828 1907 2154 1950 Parthorum-

1259 1974 1346 2015 que
1364 1961 1538 2014 copias.
1575 1962 1758 2008 Mutant
1777 1964 1823 2011 in
1844 1969 2018 2021 datque
2027 1965 2157 2007 Par-

1258 2019 1453 2059 thorum
1483 2034 1519 2062 c.
1579 2019 1692 2073 Hist.
1725 2019 1765 2073 3,
1794 2022 1865 2064 48.
1902 2024 2155 2079 urbemque

1257 2072 1421 2123 habent
1441 2074 1575 2123 codd.
1601 2077 1740 2122 MSS.
1800 2079 1981 2130 Mutant
2001 2079 2047 2122 in
2067 2095 2155 2122 ur-

1256 2131 1362 2172 bem
1386 2148 1578 2189 quoque.
1629 2136 1736 2194 Agr.
1762 2152 1799 2179 c.
1818 2137 1884 2181 17.
1911 2141 2154 2179 Iocorum·-

1256 2203 1343 2245 que
1388 2199 1564 2234 mutant
1605 2190 1653 2235 in
1704 2196 1918 2237 locorum
1957 2209 2151 2251 quoque.
2220 2218 2222 2247 3

1258 2245 1340 2288 Vix
1382 2247 1599 2292 credibile
1645 2259 1736 2300 est,
1785 2251 1948 2296 totiens
1989 2260 2033 2294 et
2062 2261 2152 2297 tam

1256 2311 1515 2348 constanter
1587 2309 1806 2360 eccaviss'e
1848 2309 2055 2353 librarios
2103 2311 2151 2355 in
2217 2350 2221 2352 ,

1252 2360 1335 2405 hac
1369 2323 1611 2418 particuE3
1649 2360 1790 2410 inimo
1832 2366 1996 2424 rectius
2026 2375 2150 2426 puta-

1251 2418 1319 2462 bis
1349 2417 1534 2464 liberius
1564 2421 1637 2465 illa
1661 2438 1794 2475 usum
1819 2423 2029 2468 Tacitum
2053 2424 2151 2468 mo'-

1254 2475 1313 2518 do
1370 2475 1676 2532 Graecorum,
1746 2482 1823 2538 qui
1881 2480 2018 2540 plane
2084 2481 2151 2526 sic

1251 2543 1471 2594 usurpant
1488 2535 1868 2599 frequentantque
1892 2537 2150 2590 encliticam

1252 2593 1315 2634 τέ.
1387 2593 1444 2634 Et
1476 2610 1531 2637 ne
1570 2594 1731 2638 dubius
1799 2596 1950 2640 uidem
1981 2605 2048 2640 est
2075 2596 2149 2641 hic

1253 2665 1383 2701 usus;
1413 2666 1518 2692 nam
1551 2653 1769 2712 exempla
1813 2671 1859 2697 n.
1881 2654 1924 2706 2,
1944 2653 2014 2697 37.
2037 2669 2148 2697 cen-

1253 2721 1448 2762 susque,
1487 2716 1530 2750 et
1551 2725 1592 2752 c.
1614 2709 1684 2753 52.
1719 2714 2149 2767 compulerantque,-

1255 2763 1331 2811 14,
1367 2765 1438 2807 28.
1485 2767 1714 2822 auxitque
1752 2769 1853 2811 satis
1896 2784 2000 2810 eum
2044 2785 2147 2826 pro-

1252 2821 1374 2864 bant.
1458 2820 1680 2875 Concedit
1729 2834 1772 2869 et
1810 2826 2043 2868 Ernestius
2089 2826 2147 2870 ad
2199 2855 2201 2857 ν

1253 2878 1375 2922 Suet.
1399 2878 1508 2922 Ner.
1542 2881 1612 2923 38.
1641 2881 1684 2924 d.
1717 2891 1760 2926 et
1790 2883 2063 2926 Ramshorn.
2098 2884 2145 2926 in

1254 2935 1334 2979 Gr.
1370 2937 1463 2979 Lat.
1511 2954 1555 2996 p.
1591 2939 1690 2982 524.
1764 2939 1974 3040 Delliqlue
2014 2940 2144 2983 indu-

1249 2993 1322 3036 bia
1359 2994 1558 3038 eiusdem
1598 3013 1703 3039 usus
1748 3014 1948 3056 exempa
1994 3014 2145 3054 super·

1250 3059 1356 3094 sunt
1391 3052 1439 3094 in
1477 3055 1728 3109 hodieque,
1766 3070 1983 3111 quzsque,
2023 3071 2143 3111 quo-
2217 3061 2222 3098 ἰ

1251 3124 1352 3166 que.
1425 3109 1502 3153 Sic
1541 3118 1584 3152 et
1623 3121 1779 3154 nostro
1818 3111 1922 3155 loco
1960 3127 2047 3169 que
2093 3114 2140 3156 in

1245 3181 1563 3222 prospereque
1617 3168 1746 3210 nullo
1799 3169 1943 3212 modo
1996 3178 2142 3228 potest

1249 3225 1393 3282 accipi
1433 3240 1517 3281 pro
1557 3225 1727 3284 vulgari
1768 3228 1953 3285 copula,
2001 3236 2050 3270 ut
2086 3227 2142 3270 sit
2200 3248 2203 3255 r

1251 3285 1367 3330 und,
1432 3282 1535 3339 quia
1583 3284 1812 3342 praecedit
1854 3300 1939 3336 ac‚·

1248 3340 1343 3397 grie
1388 3348 1535 3382 autem
1576 3341 1729 3384 omnia
1767 3342 2045 3400 procedunt,
2105 3343 2141 3385 si
2189 3348 2205 3357 ⁴

1248 3396 1463 3441 concedis
1496 3399 1703 3441 voculam
1759 3415 1846 3455 que
1894 3399 2140 3450 intendere,

1248 3453 1483 3497 adfirmare
1502 3487 1515 3507 ,
1586 3463 1636 3498 ut
1699 3471 1900 3512 quoque,
1981 3460 2137 3501 etiam.

1247 3511 1367 3555 Tum
1445 3527 1500 3554 ac
1578 3511 1814 3571 coniungit
1894 3521 2138 3573 utrumque

1246 3569 1530 3613 membrum:
1589 3571 1790 3615 rationis
1840 3571 2042 3625 ignarus
2093 3581 2137 3615 et

2008 3300 2140 3342 egre·
2203 3307 2214 3313 ·
