2222 4030
1762 126 2028 187 Amu742'

215 162 256 220 8
889 149 1396 213 ANNALIUM
1765 193 1988 230 A.c.12.

217 285 301 348 Ut
327 281 592 361 Agrippa
627 283 750 341 vita
786 282 1096 353 concessit,
1148 280 1218 342 L
1252 279 1559 339 Caesarem
1587 245 1823 341 euntem
1853 288 1927 343 ad
1943 285 2076 343 Ἠί-

218 373 556 451 spanienses
589 363 900 441 exercitUS,
944 365 1155 425 Caium
1184 379 1542 424 remeantem
1562 362 1846 427 Armenia
1868 384 1923 428 et
1944 373 2081 428 vul—

219 478 360 515 nere
398 455 731 511 invalidum
769 472 930 510 mors
966 454 1086 510 fato
1127 472 1380 527 propera
1421 453 1519 509 vel
1557 466 1843 510 novercae
1874 454 2079 514 Liviae

222 543 395 600 dolus
434 539 700 609 abstulit,
740 536 1054 613 Drusoque
1085 537 1318 612 pridem
1351 538 1631 595 exstincto
1653 536 1810 596 Nero
1853 527 2012 597 solus
2049 561 2079 598 e

220 624 511 704 privignis
549 637 695 682 erat:
738 623 881 680 illuc
912 633 1119 679 cuncta
1147 640 1403 694 vergere.
1488 623 1673 692 filius,
1717 625 1936 698 collega
1969 626 2084 681 im—

222 711 405 788 perii,
459 729 700 768 consors
730 708 1082 765 tribuniciae
1115 706 1416 781 potestatis
1454 707 1813 779 adsumitur,
1858 711 2085 767 omnis-

224 817 339 874 que
372 815 480 911 per
521 793 806 870 exercitus
853 801 1212 861 ostentatur,
1265 810 1391 847 non
1431 793 1725 865 obscuri5‚
1785 806 1853 854 ut
1898 806 2085 865 antea,

140 995 144 997 ’
225 999 304 1028 mo
326 981 375 1028 id
396 981 678 1051 potissimum
706 981 780 1028 hic
808 980 980 1040 agitur,
1010 996 1118 1081 Ἤε-
1185 999 1213 1035 η
1239 994 1287 1023 τε
1312 971 1399 1024 ουν
1414 982 1560 1049 Λιβία
1584 981 1660 1026 ἐπὶ
1682 984 1743 1040 τῷ
1766 980 1956 1055 θανᾴτῳ
1975 981 2086 1028 τού-

227 1042 296 1087 cie
327 1041 573 1086 recusantis
608 1040 718 1084 illud
743 1039 998 1098 Augustum

258 1099 510 1143 rantissime
543 1098 783 1155 cupivisse.
867 1096 938 1139 De
972 1112 1021 1138 re
1056 1093 1116 1139 cs.

225 1114 319 1200 ssio
355 1156 423 1206 55,
457 1155 502 1199 9.
563 1153 687 1198 Suet.
727 1154 833 1198 Oet.
876 1170 916 1197 c.
951 1154 1023 1196 64.
1077 1160 1121 1195 et

224 1228 431 1258 monum.
458 1213 629 1280 Ancyr.
667 1212 794 1256 cuius
831 1212 961 1254 verba
990 1217 1120 1253 sunt.

230 1270 398 1314 Caium
428 1279 473 1314 ει
501 1269 696 1311 Lucium
726 1270 950 1312 Caesares
971 1270 1123 1310 hono-

229 1342 296 1371 ns
321 1329 418 1371 mei
446 1341 588 1370 causa
618 1335 810 1369 senatus
839 1329 1124 1381 populusque

227 1386 476 1430 Romanus
507 1399 687 1426 annum
722 1385 933 1440 quintum
969 1391 1013 1426 et
1040 1386 1127 1424 de-

230 1443 405 1486 cimum
436 1443 613 1497 agentis
639 1443 844 1484 consules
866 1441 1126 1496 designavit

1188 1052 1282 1081 των
1305 1035 1617 1094 ὑπωπτεύθη,
1659 1054 1701 1083 κ.
1709 999 1773 1086 ῳτ.
1799 1042 1840 1084 λ.
1872 1026 1974 1084 Ad
2010 1050 2088 1085 10·-

1187 1105 1287 1139 tum
1322 1097 1474 1140 locum
1511 1097 1571 1140 cf.
1610 1105 1666 1141 et.
1701 1097 1862 1143 Senec.
1897 1098 2086 1143 Consol.

1192 1154 1249 1197 ad
1271 1153 1435 1213 Polyb.
1474 1171 1515 1199 c.
1539 1153 1612 1198 34.

1252 1238 1492 1284 exstincta.
1552 1238 1668 1283 Edd.
1700 1237 1911 1282 Beroald.
1941 1238 2090 1287 Rhen.

1195 1302 1238 1338 et
1262 1311 1364 1353 sqq.
1399 1298 1620 1340 extincto.
1674 1296 1950 1340 Hodiernam
1975 1297 2093 1340 scri-

1194 1361 1375 1410 pturam
1398 1353 1611 1397 induxere
1634 1353 1905 1398 recentiores
1940 1354 2093 1398 edito-

1196 1426 1268 1453 res
1303 1409 1407 1453 inde
1449 1412 1502 1453 ab
1537 1411 1762 1455 Ernestio.
1848 1410 1920 1456 De
1953 1409 2094 1457 Drusi

2192 479 2222 758 :zxfflfflff
2196 391 2213 483 π’·«φ
2199 335 2214 365 --,
2192 282 2212 315 ⁴..

149 2149 153 2152 ἱ
234 2102 282 2130 u.
318 2086 420 2130 742.
473 2095 576 2130 ante
620 2085 726 2130 Chr.
772 2087 841 2129 12.

231 1507 283 1543 ut
308 1515 414 1542 eum
447 1499 779 1553 magistratum
813 1499 984 1541 inirent
1017 1505 1127 1554 pose

230 1558 591 1612 quinquennium
639 1564 684 1598 et
733 1571 797 1603 ex
834 1571 887 1599 eo
930 1558 1004 1598 die
1041 1570 1128 1611 quo

230 1616 417 1656 deducti
445 1622 555 1656 sune
590 1613 636 1655 in
657 1612 828 1668 forum
855 1621 906 1655 ut
930 1615 1127 1656 interes-

229 1678 335 1714 senc
359 1671 558 1724 consiliis
587 1671 778 1724 publicis
811 1674 1011 1714 decrevit
1051 1686 1130 1713 se-

230 1736 385 1795 natus.
423 1727 609 1783 Equites
621 1736 780 1770 autem
794 1730 1003 1772 Romam·
1021 1729 1131 1769 uni-

232 1785 358 1828 versi
369 1785 628 1840 principem
644 1786 892 1828 iuventutis
906 1786 1132 1841 ult-(um)-

235 1842 321 1910 qu'e
357 1843 571 1910 (e0)rum
614 1843 729 1898 par(
742 1845 858 1900 mis)
898 1844 1005 1899 (e)t
1041 1845 1131 1885 ha-

232 1900 319 1944 stis
339 1899 580 1954 argenteis
602 1903 832 1945 donatum
856 1904 1137 1957 appellave-

234 1966 364 2002 runt.
815 1979 825 1987 ·

295 2036 349 2071 ut
381 2027 592 2083 Agrippa
623 2029 722 2070 vita
745 2030 979 2071 concessit.
1039 2026 1131 2071 An.

933 2085 1024 2130 Dio
1063 2086 1132 2135 54,

237 2143 295 2187 28
319 2160 416 2203 sqq.
478 2143 595 2187 Plin.
625 2143 682 2186 H.
709 2142 765 2187 N.
793 2144 833 2195 7,
859 2143 902 2187 8.
963 2189 966 2193 ,

294 2214 351 2258 L.
404 2214 654 2257 Caesarem
691 2245 702 2257 .
733 2246 743 2256 .
778 2247 788 2257 .
826 2245 839 2258 .
877 2246 888 2258 .
927 2215 1133 2258 abstulit.

237 2270 364 2315 Suet.
397 2270 507 2315 Oct.
529 2288 569 2316 c.
597 2272 668 2314 65.
712 2271 846 2315 Caius
879 2272 933 2315 ad
970 2273 1138 2316 bellum

239 2329 538 2373 Armenicum
567 2330 728 2372 missus
767 2339 861 2372 erat
898 2331 952 2373 ab
978 2331 1138 2388 Augu-

240 2395 324 2430 sto.
397 2386 456 2430 cf.
512 2386 602 2430 Dio
646 2386 843 2435 55,11.
912 2389 1138 2431 Zonaras

239 2442 412 2503 p.‘539.
477 2445 670 2495 veltz
709 2447 804 2487 101.
845 2454 1140 2488 remeantem

241 2510 286 2544 et
311 2505 507 2544 vulnere
534 2477 810 2545 invalidum.
873 2503 932 2546 cf.
966 2504 1136 2545 Zonar.

241 2557 621 2603 1.1.ἀπελθών
654 2561 706 2604 δὲ
742 2563 805 2608 εἰς
843 2558 927 2628 τὴν
962 2563 1143 2628 Συρίαν

241 2618 318 2659 καὶ
340 2617 493 2688 μηδεν
506 2620 642 2685 μέγα
647 2614 968 2690 κατορθωκως,
999 2614 1144 2674 ἐτρώ-

368 2672 556 2718 Ἀδδων
582 2673 673 2745 γάρ
701 2691 767 2724 τις
798 2674 855 2718 τὰ
876 2672 1063 2747 Ἀρτάγε
1069 2690 1144 2732 ιρα

244 2735 449 2804 κατέχων
471 2721 744 2802 υπηγάγετο
768 2733 894 2804 παρὰ
919 2733 970 2777 τὸ
997 2737 1147 2804 τεῖχος

244 2789 325 2834 τὸν
349 2788 516 2845 Γάϊον,
555 2789 616 2840 ὥς
643 2808 686 2834 τι
717 2789 913 2861 φράσων
937 2788 1145 2849 ἀπόρὁ-

246 2863 330 2891 τον
354 2851 429 2891 καὶ
452 2848 596 2892 αὐτὸν
621 2850 832 2904 ἔτρωσεν.
889 2847 912 2894 ὁ
939 2851 991 2894 δὲ
1009 2849 1147 2897 Γάϊος

246 2902 468 2976 ἐνόσησεν
518 2908 569 2950 ἐκ
622 2913 705 2950 τοῦ
761 2904 1063 2967 τραύματος.

248 2960 359 3013 ὥςτε
387 2962 471 3007 τὸν
491 2961 807 3034 Αὔγουστον.
860 2967 1149 3020 ..ἔπιτρέψαι

249 3021 402 3092 αὐτῷ,
471 3023 516 3071 ἐς
567 3020 651 3091 τὴν
699 3021 897 3066 Ιταλίαν
951 3021 1149 3068 ἐλθόντα

249 3077 481 3149 πράττειν
504 3077 529 3123 ὃ
558 3076 788 3148 βούλοιτο.
853 3079 875 3125 ὁ
901 3083 951 3126 δὲ
978 3083 1021 3131 ἐς
1042 3084 1148 3125 ,Λυ-

250 3141 359 3182 κίαν
382 3138 433 3182 ἐν
461 3133 620 3182 ὁλκάδι
656 3141 996 3197 παρέπλευσεν
1035 3141 1150 3183 ἔνθα

253 3194 312 3251 δὴ
337 3197 417 3239 καῖ
437 3179 741 3254 μετήλλαξεν.
791 3196 955 3240 Lucius
982 3197 1151 3240 Massi-

251 3254 336 3297 liae
371 3254 572 3298 decessit.
634 3253 695 3296 cf.
730 3252 855 3295 Suet.
895 3255 923 3296 l.
958 3255 986 3297 l.
1053 3255 1153 3296 Zo-

252 3327 349 3354 nar.
390 3311 419 3354 l.
458 3311 488 3354 l.
549 3307 572 3354 ὃ
612 3310 664 3354 δὲ
698 3309 903 3359 Λούκιος
951 3311 1154 3366 ἀδελφὸς

255 3367 399 3412 αὐτοῦ
445 3371 715 3437 προαπέσβη
762 3370 981 3426 ἐξαίφνης
1031 3368 1154 3426 νόσω

255 3423 528 3470 ἀποθανων.
593 3426 650 3470 cf.
684 3435 744 3470 et.
767 3426 892 3469 F.lor
918 3427 960 3475 4,
987 3428 1053 3478 12,
1080 3429 1152 3472 43.

254 3498 477 3528 novercae
502 3484 662 3527 Liviae
687 3487 833 3528 dolus.
885 3485 1052 3529 Zonar.
1073 3486 1101 3528 l.
1124 3487 1154 3529 l.

1197 1475 1345 1510 morte
1369 1468 1428 1512 cf.
1456 1467 1546 1511 Dio
1573 1468 1642 1521 55,
1670 1471 1692 1512 1
1719 1484 1786 1528 sq.

1257 1553 1364 1594 illuc
1387 1561 1551 1595 cuncta
1581 1556 1778 1610 vergere.
1839 1553 1962 1598 Suet.
1988 1554 2092 1599 Tib.

1200 1625 1242 1654 c.
1271 1610 1340 1652 15.
1403 1611 1531 1653 Nihil
1556 1627 1619 1654 ex
1642 1627 1694 1654 eo
1719 1620 1924 1666 tempore
1945 1627 2095 1667 prac-

1201 1669 1467 1710 termissum
1494 1677 1560 1711 est
1583 1673 1648 1711 ad
1671 1672 1967 1713 maiestatem
2005 1673 2100 1715 eius

1201 1729 1484 1779 aagendam.

1246 1807 1395 1865 films.
1457 1807 1583 1853 Suet.
1624 1808 1731 1854 Oet.
1773 1826 1815 1855 c.
1850 1810 1920 1854 65.
1991 1811 2098 1856 Tib.

1205 1882 1246 1909 c.
1275 1865 1343 1909 15.
1398 1866 1486 1909 Dio
1512 1866 1581 1918 55,
1610 1868 1680 1912 13.
1731 1869 1901 1913 Zonar.
1929 1885 1973 1929 p.
1996 1869 2098 1914 540.

1205 1923 1388 1975 Vell.2‚
1417 1924 1513 1968 103.

1261 2010 1440 2062 collega
1477 2010 1670 2064 imperii.

1205 2082 1246 2110 c.
1273 2067 1344 2109 21.
1408 2067 1525 2111 Vell.
1555 2067 1596 2119 2,
1625 2068 1723 2113 121.

1262 2153 1450 2182 consors
1485 2139 1654 2182 tribua.
1683 2147 1795 2207 pot.
1845 2137 1970 2184 Suet.
1995 2139 2101 2183 Tib.

1206 2211 1247 2239 c.
1274 2195 1316 2238 9.
1345 2204 1453 2238 extu.
1482 2212 1521 2239 c.
1552 2197 1618 2240 16.
1646 2197 1746 2241 init.
1784 2195 1950 2243 Octav.
1972 2213 2013 2241 c.
2029 2198 2103 2241 27.

1210 2262 1318 2297 extr.
1381 2253 1587 2296 Primum
1609 2271 1680 2298 au.
1704 2271 1750 2297 u.
1769 2257 1868 2298 748.
1893 2256 1936 2298 in
1965 2256 2104 2314 quin-

1210 2312 1487 2367 quennium,
1527 2311 1619 2354 Dio
1645 2311 1712 2360 55,
1739 2313 1782 2357 9.
1830 2314 1994 2356 iterum
2028 2330 2102 2356 an.

1210 2370 1295 2413 757
1331 2369 1377 2411 in
1410 2370 1564 2412 decern
1605 2387 1775 2420 annos,
1816 2370 1909 2413 Dio
1939 2370 2104 2422 55,13.

1212 2428 1344 2470 etiam
1371 2443 1444 2469 an.
1472 2427 1572 2470 766.
1606 2427 1781 2480 denuo,
1822 2427 1912 2471 Dio
1940 2428 2007 2480 56,
2032 2429 2104 2472 28.

1763 2009 1952 2056 Sueton.
1993 2009 2098 2056 Tib.

1213 2486 1330 2528 Ante
1342 2484 1579 2527 Tiberium
1592 2484 1811 2544 Agrippa
1816 2502 2003 2530 consors
2023 2487 2110 2530 tri-

1212 2543 1322 2641 lggn.
1363 2551 1456 2599 pot.
1499 2543 1703 2600 Augusto
1747 2545 1908 2587 fuerat.
1973 2543 2033 2589 cf.
2067 2543 2110 2596 3,

1274 2683 1529 2726 omnisque.
1601 2671 1766 2716 Aecus.
1807 2673 1924 2731 plur.
1962 2687 2041 2730 per
2075 2672 2112 2715 is

1216 2727 1602 2784 frequentissimus
1627 2739 1691 2772 est
1716 2731 1763 2772 in
1787 2746 1858 2772 sex
1883 2729 2111 2796 prioribus

1218 2785 1339 2828 Anu.
1380 2785 1530 2838 libris;
1572 2803 1675 2829 mox
1704 2788 1751 2829 in
1777 2787 1876 2831 edd.
1905 2787 2108 2830 iarescit.

1218 2843 1430 2886 Diversos
1471 2844 1592 2886 enim
1633 2845 1811 2887 codices
1847 2844 1982 2888 MSS.
2026 2860 2110 2886 au-

1220 2909 1366 2944 ctores
1404 2899 1622 2950 habuere,
1665 2902 1741 2960 qui
1776 2902 1975 2959 primum
2014 2902 2113 2943 edi-

1221 2958 1324 3000 dere
1341 2957 1485 3000 Taciti
1510 2958 1664 3002 libros.
1725 2958 2078 3001 Liinemannus
2067 2975 2113 3001 ln

1222 3016 1326 3058 edit.
1352 3031 1432 3057 sua
1456 3015 1622 3072 ubique
1643 3016 1870 3082 adoptavit
1896 3016 2115 3058 termina-

1221 3073 1392 3116 tionem
1427 3086 1474 3114 es
1498 3074 1774 3116 constantiae
1809 3089 1956 3117 causa.
2018 3073 2114 3132 Ego

1222 3130 1357 3172 malui
1383 3129 1610 3186 antiquam
1637 3131 1830 3173 formam
1860 3147 2037 3175 servare
2073 3138 2117 3173 et

1222 3187 1484 3235 restituere,
1560 3188 1637 3229 ubi
1700 3188 1755 3230 ali
1793 3205 1845 3230 ua
1910 3197 2116 3232 veterum

1224 3244 1443 3287 libxorum
1467 3246 1730 3288 auctoritate
1756 3205 1848 3287 Heri
1873 3246 2034 3302 potuit.

1283 3322 1559 3357 ostentatur.
1631 3316 1754 3358 Bene
1800 3313 2018 3358 Wolfius
2062 3315 2117 3357 ad

1225 3371 1270 3415 h.
1292 3372 1322 3415 l.
1382 3372 1567 3423 „Modo
1592 3372 1710 3421 huie,
1741 3372 1880 3415 modo
1905 3372 1967 3415 illi
1991 3389 2118 3415 exer-

1228 3429 1334 3473 citui
1356 3429 1593 3486 impositus
1616 3431 1763 3488 imper
1766 3437 1877 3481 ator,
1874 3438 2119 3503 tanquam

1228 3502 1324 3530 non
1348 3487 1583 3545 ambiguus
1608 3487 1869 3532 successor?
1874 3487 1979 3531 'cf.
1993 3489 2117 3531 Suet.

2155 0 2222 276 {21

2191 308 2208 334 ·1
