2222 4030
1108 10 1129 22 θ

1771 122 1823 179 A.
1842 143 1893 181 U.
1911 144 1992 181 787.

1771 186 1826 223 A.
1839 187 1893 239 Lo.
1930 189 1993 241 ³4-

220 151 346 211 408
819 187 823 191 .
902 142 1410 226 ANNALIUM

223 279 345 340 suis
367 278 432 336 in
452 276 624 338 terris
649 286 873 335 struere
907 276 1117 358 nidum
1154 277 1324 352 eique
1361 275 1488 352 vim
1517 276 1831 351 genitale-m
1866 281 2084 340 adfun-

148 396 150 398 >
222 368 391 434 dere,
433 383 502 420 ex
525 363 643 439 qua
664 363 851 419 fetum
874 361 1042 420 oriri:
1089 374 1145 418 et
1177 361 1433 438 primam
1449 362 1668 427 adulto
1692 355 1898 426 curam*
1918 385 2085 442 sepe-

219 449 410 507 liendi
453 448 664 524 patris:
721 467 912 524 neque
959 447 1022 504 id
1066 458 1281 517 temere
1298 490 1317 516 ‚
1379 446 1484 504 sed
1533 447 1764 522 sublato
1803 447 2085 508 murrhae

220 535 484 614 pondere
512 543 857 609 tentatoque
880 553 986 609 per
1012 533 1260 603 longum
1283 530 1446 601 iter,·
1464 531 1572 588 ubi
1601 539 1719 607 par*
1737 535 1936 604 oneri,
1978 554 2085 611 par

220 618 442 677 meatui
464 617 568 687 sit,
615 614 812 675 subire
841 617 1098 694 patrium
1121 635 1335 690 corpus
1359 615 1541 694 inque
1563 615 1722 676 Solis
1753 639 1916 676 aram
1947 642 2086 696 per-

219 706 374 764 ferre
419 713 623 780 atque*
644 691 897 762 adolere.

221 801 483 848 ceterum
508 773 694 864 aspici.
713 785 1032 864 aliquando
1060 785 1125 842 in
1150 781 1420 864 Aegypto
1458 807 1587 844 eam
1619 789 1923 869 volucrem
1959 811 2086 849 non

220 873 560 948 ambigitur.
668 866 671 872 ’
1180 928 1185 933 ,
1336 927 1338 929 ,
1656 906 1657 909 =
1816 883 1824 890 '

393 955 618 1018 XXIX.
705 952 787 1015 At
811 953 1040 1014 Romae
1068 957 1243 1014 caede
1277 955 1560 1018 continua
1583 954 1950 1034 Pomponius
1969 959 2088 1018 La-

220 1045 364 1117 be0,
437 1062 613 1122 quem
662 1041 982 1119 praefuisse
1033 1040 1299 1100 Moesiae
1353 1042 1583 1115 rettuli,
1647 1063 1754 1119 per
1808 1045 2088 1122 abruptas

2150 0 2218 140 νῆ

2169 137 2193 166 ,Γ
2209 150 2217 167 ἰ

998 697 1161 756 Haec
1203 699 1430 759 incerta
1472 713 1532 760 et
1570 701 1857 762 fabulosis
1899 718 2086 767 aucta.
2167 725 2169 728 ’

219 1292 353 1324 mors
387 1277 691 1336 propinquet,
741 1275 846 1321 satis
891 1276 1117 1337 explicant

221 1337 563 1397 praecedentem
583 1336 737 1379 locum
755 1334 1008 1394 docentque
1029 1350 1121 1377 an-v

221 1409 394 1438 norum
460 1407 711 1436 numerum
772 1393 1117 1460 intelligendum

223 1468 320 1496 esse
341 1452 395 1495 de
415 1460 509 1495 tota
527 1449 729 1493 animalis
751 1449 869 1503 vita,
909 1461 1002 1495 sive
1033 1451 1118 1493 500

222 1525 451 1576 annorum
479 1507 697 1568 spatium,
726 1507 822 1555 sive
856 1507 967 1553 1461
1000 1509 1120 1554 acci-

223 1583 336 1624 pias.

726 1649 938 1693 Heinsius
972 1665 1120 1693 emen·

224 1709 322 1752 dat:
370 1709 566 1752 surculis
597 1709 745 1752 tureis
770 1709 838 1755 vel
868 1708 1068 1751 surculis
1096 1722 1122 1750 e

223 1766 355 1810 turis.
428 1765 543 1809 Nam
575 1765 752 1810 Plinius
775 1765 943 1809 >eadem
979 1765 1035 1808 de
1070 1780 1120 1808 re

224 1826 292 1876 10,
310 1825 354 1867 2.
387 1832 704 1867 senescentem
727 1824 881 1867 casiae
908 1822 1123 1880 turisque

221 1882 426 1939 surculis
471 1890 740 1924 construere
785 1883 949 1923 nidum
1011 1879 1122 1924 scri-

219 1939 303 1983 bit.
393 1937 577 1982 Solinus
626 1955 668 1982 c.
701 1938 773 1982 33.
826 1953 968 1992 rogos
1011 1952 1123 1981 suos

219 1997 364 2039 strm't
384 1997 633 2039 cinnamis.
690 1996 775 2039 Cui
798 1994 1122 2046 emendationi,

222 2053 328 2097 licet
358 2053 414 2097 sit
446 2054 707 2111 ingeniosa,
756 2069 840 2112 pro
876 2062 995 2097 terea
1025 2068 1122 2096 non

222 2109 452 2159 adsentio,
502 2111 608 2169 quia
642 2112 808 2156 Noster
839 2070 913 2155 liic
947 2110 1122 2169 potissi-

222 2183 352 2211 mum
373 2168 421 2210 in
446 2183 497 2210 eo
520 2179 742 2220 versatur,
771 2177 818 2211 ut
839 2169 1000 2213 doceat
1013 2169 1123 2212 Ara·

175 2246 180 2252 ⁴
224 2225 338 2268 hum
359 2240 383 2268 e
400 2225 530 2268 terris
555 2227 750 2284 patrium
765 2241 930 2284 corpus
947 2240 971 2267 a
987 2225 1124 2284 phoe-

223 2281 328 2326 nice
372 2281 420 2325 in
453 2282 706 2340 Aegyptum
747 2283 1010 2332 transferri,
1067 2282 1125 2327 ad

227 2354 363 2407 quam
385 2355 484 2382 rem
508 2340 572 2382 nil
595 2340 750 2383 attinet
763 2366 778 2391 ‚-
817 2340 941 2397 quod
967 2345 1126 2383 surcu²

225 2397 281 2440 hs
312 2396 473 2448 tureis,
519 2397 597 2440 sed
633 2396 754 2455 quod
786 2398 876 2439 suis
910 2397 958 2438 in
992 2396 1127 2441 terris

226 2454 388 2497 nidum
422 2454 658 2497 construit.
716 2452 953 2497 Heinsium
987 2453 1127 2496 offen·

227 2511 369 2566 derat,
392 2511 515 2569 quod
533 2509 807 2554 vocabulum
829 2511 971 2554 terris
989 2511 1126 2577 paulo

227 2577 330 2614 ante
351 2576 669 2627 praecesserat.
730 2567 821 2614 Sed
843 2567 934 2613 hoc
955 2566 1021 2611 ml
1044 2568 1127 2611 im-

228 2625 477 2685 pedimenti
500 2625 660 2670 adfert.

277 1652 376 1694 suis
406 1651 455 1694 in
490 1651 645 1695 terris.
660 1660 667 1673 ¹

273 2708 454 2766 fetum.
532 2708 612 2753 Sic
651 2709 754 2754 edd.
787 2710 908 2769 Lips.
939 2725 1039 2768 sqq.
1068 2737 1128 2747 --

226 2765 343 2811 Edd.
364 2765 578 2811 Beroald.
601 2766 702 2812 Alc.
722 2768 870 2812 Rhen.
898 2783 997 2827 sqq.
1018 2768 1127 2826 foe-

230 2832 352 2873 tum.

285 2910 471 2952 sublato
487 2910 716 2952 mun-hae
725 2912 948 2962 pondere.
989 2909 1126 2955 Hein-

229 2963 322 3010 sius
355 2965 412 3009 ad
442 2967 486 3010 h.
511 2967 541 3011 l.
609 2965 739 3019 „Cur
771 2983 891 3021 non,
934 2967 1030 3022 ait,
1056 2984 1128 3012 ca·

229 3023 345 3073 siae,
401 3023 626 3077 cinnami,
679 3025 836 3076 nardi,
892 3026 1007 3071 costi
1050 3035 1127 3072 aut

231 3081 435 3124 amomi?
476 3084 648 3125 barrae
683 3081 771 3126 fuit
801 3082 1024 3142 scriptura
1051 3099 1128 3127 an-

231 3139 382 3197 tiqua3
446 3139 654 3197 absorpta
699 3141 854 3198 priore
897 3141 1066 3199 syllaba
1104 3157 1129 3184 a

231 3196 520 3254 praecedenti
532 3197 758 3241 vocabulo
780 3200 978 3242 sublato.
1012 3197 1130 3258 Lege

233 3255 479 3299 Saburrae
504 3298 505 3301 Ἴ
524 3257 754 3308 pondere.
770 3259 796 3279 ”
882 3255 1133 3316 Multisque

235 3310 450 3368 exemplis
503 3306 557 3353 'ro
573 3309 651 3354 illa
666 3313 928 3358 coniectura
949 3323 1131 3371 pugnat.

231 3367 434 3412 Frustra.
516 3384 591 3411 arn
610 3369 894 3413 verissimum
917 3386 1014 3414 esse
1038 3371 1132 3413 vul-

235 3433 389 3483 gatum
413 3441 467 3469 co
501 3442 658 3470 nosces
677 3442 726 3469 ex
741 3427 973 3472 Herodoto
996 3428 1037 3480 2,
1057 3428 1131 3473 73.

236 3482 365 3528 cuius
402 3500 475 3527 ver
510 3499 532 3526 a
569 3499 654 3543 pro
695 3486 1024 3537 commentario
1058 3487 1131 3531 ad·

1188 1276 1412 1322 scribam:
1445 1273 1528 1329 Ἐξ
1542 1273 1772 1336 Ἀραβίης,
1804 1277 1977 1338 inquit,
2006 1278 2088 1340 ὅρ-

1187 1332 1435 1395 μεώμενον
1485 1335 1530 1384 ἐς
1562 1335 1614 1380 τὸ
1660 1335 1768 1394 ἱρὸν
1810 1340 1891 1382 τοῦ
1927 1335 2090 1383 Ἡλίου

1189 1395 1396 1455 κομίζειν
1416 1390 1499 1437 τὸν
1525 1394 1726 1454 πατέρα,
1759 1395 1823 1440 ἐν
1855 1393 2087 1457 σμύρνῃ

1189 1446 1648 1511 ἐμπλάσσοντα,
1697 1455 1775 1496 καὶ
1804 1451 2006 1498 θάπτειν
2036 1455 2088 1498 ἔν

1190 1510 1274 1554 τοῦ
1311 1507 1472 1552 ιΗλίου
1515 1511 1579 1565 τῷ
1619 1512 1720 1566 ἱρῷ.
1792 1514 1996 1571 κομίζειν
2034 1513 2087 1557 δὲ

1194 1565 1340 1612 οὕτω·
1395 1568 1583 1625 πρῶτον
1625 1570 1704 1622 τῆς
1741 1581 1771 1613 σ
1812 1566 1947 1638 ύρνης
1993 1569 2090 1614 ὠὸν

1191 1623 1442 1681 πλάσσειν,
1501 1621 1615 1669 ὅσον
1663 1641 1711 1670 τε
1786 1642 1951 1678 υνατος
1995 1629 2093 1672 ἐστι

1193 1686 1380 1743 φέρειν·
1430 1681 1551 1743 μετὰ
1595 1682 1648 1728 δὲ
1683 1687 1935 1745 πειρᾶσθαι
1976 1685 2090 1730 αὐτὸ

1193 1744 1454 1802 φορέοντα·
1510 1739 1654 1786 ἐπεὰν
1685 1741 1739 1787 δὲ
1779 1738 2089 1804 ἀποπειρηθῇ,

1194 1797 1316 1845 οὕτω
1357 1797 1414 1855 δὴ
1448 1795 1727 1855 κοιλήναντα
1756 1799 1808 1846 τὸ
1844 1801 1964 1858 ὠὸν,
2011 1803 2095 1848 τὸν

1194 1860 1374 1916 πατέρα
1398 1846 1581 1907 ἐςάὐτὸ
1602 1857 1857 1903 &uagum-
1910 1857 2094 1921 σμύρνῃ

1194 1916 1247 1961 δὲ
1278 1913 1392 1976 ἄλλῃ
1419 1911 1709 1974 ἐμπλάσσειν
1730 1920 1894 1974 τοῦτο,
1929 1915 2096 1963 καθότι

1192 1975 1275 2018 τοῦ
1302 1973 1398 2019 ὠοῦ
1420 1969 1691 2034 ἐγκοιλῄνας
1716 1975 1852 2031 susan
1887 1974 1970 2020 τὸν
2000 1992 2093 2020 πα-

1193 2034 1325 2089 τέρα·
1357 2033 1472 2082 ἐςκει
1512 2033 1618 2075 ένου
1638 2033 1690 2077 δὲ
1716 2035 1798 2077 τοῦ
1824 2033 1999 2090 πατρὸς
2017 2033 2093 2092 ‘yt-

1193 2094 1360 2136 νεσθαι
1395 2088 1544 2135 τωυτὸ
1573 2086 1740 2148 βάρος·
1793 2089 2097 2149 ἐμπλάσαντα

1195 2149 1249 2194 δὲ
1294 2151 1499 2207 κομίζειν
1539 2162 1624 2207 μιν
1665 2147 1732 2193 ἐπ’
1767 2147 2014 2207 Αἰγύπτου
2052 2150 2098 2200 ἐς

1195 2207 1279 2250 τοῦ
1297 2203 1458 2250 ‘HI-lov
1484 2203 1536 2250 τὸ
1561 2201 1680 2263 ἱρόν.
1754 2207 1849 2251 Iam
1883 2213 1986 2253 ver‘o
2014 2222 2097 2251 no·

1197 2273 1355 2309 strates
1385 2280 1482 2308 non
1517 2262 1776 2308 debuissent
1807 2265 1980 2310 dicere:
2024 2267 2099 2309 ein

1202 2322 1410 2365 Gewicht
1441 2320 1672 2378 Myrrhen
1722 2321 1795 2366 vel
1837 2326 1937 2367 eine
1966 2324 2096 2379 Myr·

1196 2382 1438 2428 rlzenlast,
1480 2378 1559 2421 sed
1583 2381 1657 2421 die
1678 2379 1833 2423 Masse
1854 2396 1946 2423 von
1966 2382 2098 2437 lisyr-

1196 2439 1327 2478 rhen.
1381 2435 1612 2493 ‘Loquitur
1638 2437 1805 2480 Noster
1844 2438 1900 2481 de
1930 2438 2015 2482 hac
2047 2455 2097 2482 re

1196 2499 1248 2535 ut
1273 2493 1327 2536 de
1358 2492 1616 2543 notissima,
1649 2510 1762 2550 quae
1786 2511 1880 2538 non
1902 2495 2101 2554 indigeat

1195 2550 1404 2607 longiore
1427 2549 1739 2606 explicatione.

1254 2626 1524 2676 tentatoque
1541 2634 1632 2672 per
1651 2622 1846 2674 longum
1859 2622 1964 2667 iter.
2007 2623 2098 2667 Int.

1193 2681 1422 2733 pondere.
1489 2675 1615 2720 Bene
1645 2677 1710 2720 sic
1739 2676 1924 2736 Bipont.
1985 2679 2102 2724 Fru-

1199 2743 1292 2778 stra
1313 2733 1548 2777 Heinsius:
1595 2741 1866 2793 tentatoque
1880 2753 1971 2793 per
1991 2741 2097 2783 lon-

1201 2807 1315 2848 gum
1334 2793 1516 2835 itinere.

1256 2862 1429 2906 subire.
1489 2861 1735 2908 Salmasius
1764 2863 1820 2907 ad
1838 2863 1986 2917 Solin,
2007 2866 2040 2910 l.
2065 2866 2099 2912 l.

1200 2918 1535 2965 coniectaverat
1555 2921 1776 2965 subiicere
1789 2935 1805 2963 .·
1823 2923 1927 2967 satis
1951 2932 2100 2969 tamen

1200 2977 1255 3020 ab
1280 2976 1378 3020 aliis
1400 2978 1619 3021 refutatus
1648 2987 1728 3022 est.

1255 3053 1396 3103 atque
1430 3051 1642 3093 adolere.
1702 3048 1778 3094 Sc.
1805 3050 2011 3095 flammae
2032 3053 2100 3097 in-

1199 3104 1398 3149 iiciendo
1434 3107 1508 3151 vel
1542 3107 1694 3165 ignem
1726 3108 1910 3166 corpori
1942 3109 2100 3153 admo-

1200 3162 1365 3206 vendo.
1425 3163 1554 3207 Idem
1584 3165 1829 3208 Salmasius
1857 3181 2004 3222 neque
2034 3167 2099 3211 fe-

1208 3219 1363 3263 licius:
1417 3234 1562 3278 neque
1600 3225 1806 3264 adolere.
1891 3223 2014 3267 Male
2055 3234 2101 3268 et

1204 3275 1430 3336 Ryckiusz
1463 3288 1608 3336 atque
1629 3282 1837 3323 avolare.

1265 3361 1467 3409 CAP.29.
1519 3362 1800 3417 Pomponius
1813 3363 1983 3415 Labeo.
2027 3366 2101 3415 De

1206 3420 1303 3462 eius
1327 3420 1462 3464 caede
1481 3419 1568 3464 vid.
1590 3420 1682 3464 Dio
1705 3421 1773 3470 58,
1796 3421 1866 3469 24,
1963 3450 1966 3451 ν

1266 3492 1437 3536 rettuli.
1497 3490 1557 3536 cf.
1584 3491 1626 3542 4,
1647 3489 1717 3536 47.

2212 1190 2222 1389 Ξ
