2222 4030
155 266 164 271 -
235 219 369 286 '326

162 982 166 984 ⁴
249 963 472 1027 patres:
531 951 633 1008 sed
681 957 1030 1006 manserunt
1074 945 1352 1002 occultati
1398 957 1455 1004 et
1491 945 1653 1005 editi.

1795 214 1849 252 A.
1863 215 1918 253 U.
1937 216 2020 252 778.

1795 260 1848 295 A.
1867 258 1915 297 C.
1959 261 2020 296 25.

909 217 1428 280 ANNALIUM

244 401 280 428 ‚‚
295 352 787 431 septuagesimum
810 362 947 411 ante
973 369 1199 409 annum
1230 347 1547 423 perempti,
1592 367 1709 424 quo
1742 350 1923 406 modo
1956 350 2109 407 ima-

245 486 279 511 „
293 439 529 514 ginibus
554 438 675 495 suis
695 448 1037 506 noscuntur,
1061 453 1206 511 quas
1231 452 1341 489 nec
1362 432 1554 492 victor
1574 433 1815 509 quidem
1835 434 2110 505 abolevit,

247 526 372 596 „sic
400 535 629 600 partem
654 523 970 581 memoriae
1011 519 1166 594 apud
1210 518 1522 594 scriptores
1554 518 1855 576 retinent?
1916 518 2109 577 Suum

246 610 503 687 „cuique
532 610 709 666 decus
729 608 1036 685 posteritas
1059 603 1357 678 rependit:
1395 623 1506 661 nec
1533 603 1812 674 deerunt,
1852 604 1903 661 si
1944 606 2114 661 dam-

247 695 457 766 „natio
486 693 741 769 ingruit,
783 694 888 771 qui
912 710 1037 748 non
1061 689 1239 746 modo
1265 686 1454 746 Cassii
1481 700 1538 746 et
1559 687 1766 760 Bruti,
1809 691 1911 747 sed
1939 690 2116 746 etiam

249 781 415 851 „mei
449 779 850 838 meminerint.
865 776 891 797 ”
972 771 1259 848 Egressus
1294 774 1436 831 dein
1471 786 1680 831 senatu
1714 775 1901 833 vitam
1932 775 2117 833 absti-

248 866 453 923 nentia
492 866 704 926 finivit.
799 864 986 920 libros
1028 879 1134 935 per
1182 859 1398 917 aediles
1446 861 1791 917 cremandos
1839 879 2117 918 censuere

1755 944 1893 1018 Quo
1929 945 2117 1020 magis

253 1037 585 1094 socordiam
619 1055 824 1092 eorum
861 1032 1123 1088 inridere
1153 1031 1329 1101 libet,
1380 1031 1486 1108 qui
1520 1031 1818 1106 praesenti
1853 1032 2119 1106 potentia

253 1124 504 1180 credunt
528 1119 819 1193 exstingui
846 1137 1017 1194 posse
1046 1116 1221 1173 etiam
1249 1116 1546 1193 sequentis
1585 1115 1716 1172 aevi
1751 1116 2119 1176 memoriam.

253 1227 394 1264 nam
443 1219 645 1267 contra
692 1204 921 1281 punitis
969 1201 1225 1277 ingeniis
1270 1202 1463 1275 gliscit
1519 1201 1860 1259 auctoritas:
1928 1221 2121 1278 neque

253 1293 417 1350 aliud
457 1291 680 1350 externi
700 1309 891 1364 reges,
927 1300 1030 1346 aut
1056 1287 1160 1365 qui
1185 1288 1389 1344 eadem
1425 1287 1665 1345 saevitia
1684 1287 1780 1345 usi
1802 1298 1968 1358 sunt,
2003 1287 2123 1344 nisi

256 1379 509 1436 dedecus
537 1377 652 1433 sibi
680 1387 856 1452 atque
880 1374 1000 1430 illis
1025 1373 1276 1449 gloriam
1299 1393 1597 1450 peperere.

422 1456 725 1521 XXXVI.'
773 1459 1053 1518 Ceterum
1089 1459 1461 1535 postulandis
1491 1458 1608 1515 reis
1645 1471 1767 1517 tam
1803 1457 2124 1516 continuus

255 1568 446 1605 annus
480 1547 623 1618 fuit,
681 1557 750 1604 ut
786 1546 1071 1603 feriarum
1103 1543 1459 1602 Latinarum
1505 1544 1715 1602 diebus
1765 1545 2125 1621 praefectum

254 1633 422 1692 urhis
473 1631 740 1692 Drusum
773 1631 1148 1708 ‘auspicandi
1205 1630 1391 1705 gratia
1459 1629 1727 1688 tribunal
1795 1620 2125 1705 ingressum

279 1832 282 1837 Α
314 1840 728 1895 septuagesimum.
789 1837 1058 1884 Ceciderant
1078 1854 1154 1882 an.

257 1912 303 1941 u.
323 1898 424 1942 712.
486 1898 635 1941 Verus
664 1896 802 1954 igitur
835 1912 1051 1940 numerus
1082 1912 1159 1940 es-

259 1963 325 1999 set
344 1956 417 1999 66.
473 1954 692 1999 Rotundo
718 1970 915 1998 numero
948 1954 1092 1997 utitur
1115 1963 1159 1999 et

260 2013 445 2070 quidem
478 2012 677 2066 maiore,
716 2012 933 2071 quoniam
969 2011 1015 2055 id
1038 2019 1104 2055 est
1135 2028 1160 2056 e

259 2087 338 2115 sua
361 2087 426 2115 re.

317 2156 400 2185 nec
420 2141 565 2185 victor
583 2141 789 2197 quidem.
837 2140 915 2184 Sic
935 2140 1040 2184 edd.
1055 2140 1160 2183 Ber.

260 2213 359 2258 sqq.
396 2198 514 2242 haud
542 2198 676 2242 dubie
707 2215 730 2242 e
756 2198 857 2241 cod.
881 2197 984 2241 MS.
1026 2199 1059 2242 l.
1081 2199 1158 2242 Fr.

262 2255 504 2302 Gronovio
536 2263 718 2299 auctore
746 2255 978 2300 Ernestius
1009 2264 1161 2300 muta-

261 2314 345 2358 vitz
383 2328 445 2356 ne
470 2328 514 2358 v.
541 2329 609 2371 q.,
651 2329 787 2370 quem
818 2313 979 2356 deinde
1003 2330 1160 2368 omnes

261 2371 424 2416 imitati
456 2380 576 2416 sunt.
636 2371 730 2414 Sed
762 2385 845 2412 nec
873 2369 946 2414 hie
972 2371 1162 2429 ponitur

261 2437 313 2473 ut
334 2431 373 2482 1,
392 2428 463 2474 32.
499 2428 608 2482 (vid.
641 2428 703 2471 ibi
734 2431 852 2484 not.)
885 2436 936 2470 ut
967 2442 1052 2470 nec
1078 2458 1089 2470 .
1113 2460 1124 2471 .
1149 2458 1162 2470 .

263 2488 449 2544 quidem
473 2485 530 2530 sit
550 2488 671 2529 auch
687 2487 818 2529 nicht
833 2485 1034 2536 einmal,
1064 2501 1160 2528 ma-

260 2545 358 2588 iore
383 2545 428 2590 vi
497 2560 599 2586 uam
631 2557 693 2586 ne
727 2575 738 2586 .
762 2573 775 2586 .
800 2574 812 2586 .
841 2543 1042 2598 quidem.
1102 2542 1162 2586 cf.

262 2611 361 2646 not.
401 2602 456 2646 ad
532 2601 602 2644 ist.
642 2603 680 2650 1,
711 2601 782 2644 66.
826 2600 869 2651 2,
900 2600 970 2643 82.
1013 2601 1053 2647 4,
1086 2597 1160 2643 38.

266 2659 424 2704 Germ.
447 2676 492 2704 c.
517 2659 561 2702 7.
623 2658 807 2702 Ramsh.
836 2657 918 2702 Gr.
951 2674 994 2717 p.
1017 2658 1117 2702 598.

321 2732 466 2774 vitam
515 2731 805 2773 abstinentia
838 2729 1019 2785 finivit.
1100 2726 1163 2772 cf.

265 2789 437 2833 Seneca
459 2788 514 2831 ad
525 2787 673 2831 Marc.
698 2803 739 2831 c.
755 2788 828 2830 22.
888 2786 980 2829 Dio
1004 2785 1072 2838 57,
1093 2787 1164 2829 24.

265 2843 405 2896 αὐτός
424 2861 475 2890 τε
496 2843 719 2900 ἀπέθανε,
754 2843 903 2889 καὶτὰ
919 2841 1163 2903 συγγράμ-

265 2920 393 2963 ματα
424 2902 569 2948 αὐτοῦ
606 2898 708 2947 τότε
739 2903 830 2961 μὲν
866 2904 917 2947 ἓν
948 2906 1001 2962 τῇ
1035 2899 1168 2947 πόλει

266 2959 516 3018 εὑρεθέντα
560 2959 677 3021 πρὸς
720 2963 816 3006 τῶν
856 2956 1169 3020 ἀγορανόμων

267 3019 431 3064 καὶτὰ
465 3020 550 3071 ἔξω
589 3017 704 3075 πρὸς
744 3021 838 3064 τῶν
885 3015 1170 3076 ἑκασταχόθι

267 3074 509 3149 ἀρχόντων
529 3074 705 3134 ἐκαύθη
723 3092 733 3102 ·
780 3074 975 3133 ὕστερον
997 3077 1047 3121 δὲ
1071 3078 1167 3128 ἒξε-

269 3136 392 3191 δοθη
435 3150 482 3179 τε
527 3129 665 3185 αὖθις
704 3131 854 3189 (ἄλλοι
887 3150 934 3179 τε
970 3134 1060 3192 γὰρ
1092 3137 1171 3178 καὶ

268 3189 471 3254 μάλιστα
501 3190 527 3247 ἡ
563 3190 774 3266 θυγάτηρ
807 3191 950 3237 αὐτοῦ
974 3194 1170 3249 Μαροὲίοι

269 3253 559 3308 συνέκρυψεν
591 3249 727 3304 αυτὰ)
773 3253 852 3295 καὶ
892 3250 1013 3295 πολὺ
1041 3250 1167 3302 ἀξιο-

270 3305 652 3365 σπούδαστότερα
685 3306 778 3354 ὑπὸ
814 3310 892 3366 τῆς
928 3310 1011 3354 τοῦ
1044 3305 1172 3370 Κόρ-

273 3367 362 3412 dou
384 3366 852 3427 συμφορᾶς“ἒγένετο.

710 3438 770 3483 cf.
814 3439 889 3491 14,
923 3438 995 3483 50.
1065 3439 1175 3498 Agr.

333 3440 631 3483 cremandos.

307 3528 319 3540 .
340 3496 384 3540 2.

278 3511 302 3541 e
335 3569 418 3611 sed
451 3572 726 3610 manserunt
779 3564 882 3609 edd.
913 3565 1032 3623 Lips.
1076 3582 1175 3624 sqq.

1227 1844 1274 1881 et
1297 1843 1578 1879 manserunt
1599 1833 1702 1879 edd.
1722 1833 1827 1879 Ber.
1852 1833 1953 1879 Alc.
1979 1832 2126 1878 Rhen.

1227 1894 1338 1939 Ald.
1371 1893 1550 1952 Micyll.

1288 1953 1412 1996 editi.
1483 1949 1745 1994 Vertranius
1777 1948 1993 1994 malebam
2041 1950 2128 1992 ab-

1228 2011 1329 2054 diti.
1380 2008 1612 2054 Refutavit
1630 2007 1823 2066 Lipsius.
1868 2006 2002 2060 „Non
2022 2022 2127 2051 mo-

1231 2069 1293 2112 ris
1316 2066 1474 2111 Tacito
1506 2066 1612 2110 bina
1643 2066 1779 2112 verba
1810 2081 1980 2124 ponere
2007 2065 2131 2109 eius-

1233 2126 1337 2171 dem
1360 2123 1476 2168 rei.”

1233 2183 1401 2228 frustra
1434 2181 1525 2225 duo
1561 2182 1699 2226 verba
1731 2179 1929 2224 eiusdem
1955 2180 2020 2224 rei
2042 2195 2130 2238 po·

1234 2249 1477 2292 nerentur3
1506 2238 1614 2283 alias
1646 2254 1742 2281 non
1772 2246 1894 2281 caret
1922 2253 2127 2298 synony-
2206 2259 2217 2298 ’ᾗ

1233 2300 1335 2344 mis.
1395 2297 1647 2341 Ernestius:
1680 2296 1878 2345 redditi,
1910 2294 2133 2352 quoniam
2211 2311 2217 2338 s

1235 2357 1409 2401 dudum
1431 2364 1533 2399 ante
1557 2354 1660 2397 editi
1683 2352 1874 2397 fuerant.
1919 2353 2010 2396 Sed
2032 2360 2133 2396 ante
2210 2350 2217 2398 Ῐ

1235 2415 1378 2458 editos
1410 2412 1454 2456 h.
1480 2431 1517 2457 e.
1556 2412 1762 2471 vulgatos
1798 2418 2135 2464 cremaverant3
2210 2415 2211 2418 ’

1234 2471 1340 2515 dein
1367 2487 1524 2514 rursus
1553 2469 1837 2512 describendi
1865 2468 1995 2527 copia
2016 2468 2134 2510 facta
2209 2493 2214 2515 ;

1863 2524 2133 2570 Aecuratius
2211 2526 2217 2576 ζ

1234 2536 1300 2572 est
1338 2528 1385 2571 h.
1429 2544 1468 2570 e.
1512 2526 1620 2568 editi
1656 2534 1775 2569 sunt.

1233 2586 1355 2630 idem
1381 2583 1490 2628 dicit
1511 2583 1603 2627 Dio
1628 2583 1661 2626 l.
1687 2581 1716 2625 l.

1292 2643 1388 2688 CAP
1429 2641 1501 2685 36.
1551 2640 1843 2697 praefectum
1867 2639 2010 2683 urbis.
2058 2637 2136 2683 Sic

1234 2701 1336 2745 cod.
1361 2674 1464 2743 MS.
1498 2698 1599 2768 edd.
1622 2699 1726 2740 Ber.
1750 2697 1852 2764 Alc.-
1871 2696 2016 2741 Rhen.
2037 2713 2134 2796 εψὶ.
2207 2712 2210 2745 ;

1233 2759 1525 2868 fizszgfgtf
1563 2753 2038 2867 &exactrix
2060 2772 2138 2856 22:
2203 2784 2213 2840 :-

1239 2876 1449 2918 hortium
1480 2870 1749 2927 praefectus
1775 2869 1865 2912 An.
1898 2872 1934 2922 1,
1956 2869 1999 2911 7.
2055 2886 2135 2914 ca-

1240 2941 1448 2976 strorum
1473 2934 1509 2981 1,
1534 2931 1607 2973 20.
1630 2927 1702 2972 23.
1767 2928 1932 2972 classis
1956 2926 2072 2972 Hist.
2095 2926 2138 2980 3,

1239 2991 1310 3034 47.
1371 2988 1479 3031 Vid.
1504 2995 1597 3030 not.
1623 2986 1677 3029 ad
1700 2986 1741 3037 6,
1764 2987 1833 3028 10.

1296 3047 1525 3091 Drusum.
1583 3042 1846 3087 Germanici
1865 3041 2026 3103 filium.
2077 3042 2137 3088 cf.
2199 3063 2222 3087 a

1241 3122 1364 3164 supr.
1395 3121 1432 3150 c.
1456 3103 1497 3146 8.
1529 3110 1572 3145 et
1599 3117 1639 3144 e.
1660 3100 1702 3142 4.

1300 3161 1584 3217 auspicandi
1599 3159 1778 3213 gratia.
1838 3156 1895 3201 H.
1919 3173 1958 3200 e.
1976 3163 2027 3200 ut
2047 3156 2139 3200 ini-

1241 3220 1355 3264 tium
1375 3219 1546 3262 faceret
1566 3213 1862 3272 capessendae
1883 3213 2139 3273 praefectu-

1241 3294 1333 3320 rae.
1402 3273 1622 3318 Solebant
1664 3272 1787 3315 enim
1829 3273 2140 3330 magistratum
2192 3279 2201 3319 ,’

1242 3335 1450 3378 ineuntes
1483 3347 1537 3375 eo
1570 3330 1665 3379 die,
1696 3345 1786 3387 quo
1818 3346 1984 3373 munus
2020 3329 2139 3373 inci-
2192 3321 2205 3358 ‚‘1

1245 3399 1428 3451 perent,
1467 3387 1650 3446 aliquod
1681 3386 1880 3430 officium
1914 3403 2140 3446 peragere,
2199 3394 2201 3396 '

1248 3465 1339 3508 quo
1382 3445 1618 3506 publicum
1665 3445 1847 3489 ederent
1886 3444 2141 3488 documen-

1246 3516 1344 3551 tum
1365 3502 1566 3565 capessiti
1592 3501 1795 3546 honoris.
1840 3501 1902 3546 cf.
1915 3500 2141 3546 Asconius

1249 3564 1302 3608 ad
1339 3563 1437 3609 Cic.
1479 3560 1527 3605 in
1561 3561 1696 3605 Verr.
1733 3560 1772 3612 1,
1800 3559 1873 3604 40.
1953 3557 2141 3605 sueton.

1533 2122 1716 2167 Scilicet
1743 2138 1838 2166 non
1864 2121 2017 2182 ponit,
2050 2121 2130 2165 ubi
