2222 4030
1827 243 1892 287 A.,
1906 243 1956 280 U.
1971 243 2054 278 760.

1831 285 1884 323 A.
1904 286 1950 323 C.
1994 289 2054 322 16.

284 246 402 308 146
969 228 1475 307 ANNALI'UM

285 376 451 454 sequi
473 354 693 432 nomen
720 373 1165 451 imperatorium
1198 387 1253 432 et
1285 378 1594 450 deportare
1629 374 1892 433 lauream
1926 384 2138 454 posset.

204 536 208 542 ι
282 463 463 542 Haud
500 471 803 518 cunctatus
832 472 916 517 est
952 457 1107 517 ultra
1147 459 1565 529 GermanicUS,
1623 481 1964 537 quanquam
1995 466 2136 538 fingi

284 569 350 604 ea
376 567 550 623 seque
578 566 685 622 per
710 545 998 602 invidiam
1030 556 1198 621 parto
1229 544 1347 601 iam
1383 545 1583 602 decori
1617 542 1879 602 abstrahi
1914 547 2136 605 intelli-

287 643 464 706 geret.

451 766 708 828 XXVII.
793 767 918 826 Sub
972 767 1128 822 idem
1176 768 1405 842 tempus
1453 787 1483 823 e
1526 767 1751 824 familia
1793 768 2141 827 Scribonio-

284 872 418 912 rum
452 853 604 912 Libo
642 852 872 910 Drusus
913 852 1172 907 defertur
1205 851 1408 913 moliri
1443 872 1534 908 res
1575 874 1776 913 novas.
1877 854 2000 911 eius
2034 877 2139 911 ne-

282 939 427 1020 gotii
465 939 732 1008 initium,
777 937 1079 1004 ordinem,
1123 927 1598 994 finem'curatius
1642 939 1956 1011 disseram,
2001 942 2139 1016 quia

281 1030 410 1082 tum
433 1024 692 1100 primum
721 1034 947 1098 reperta
980 1032 1150 1088 sunt,
1197 1041 1344 1096 quae
1378 1042 1482 1096 per
1517 1034 1604 1078 tot
1641 1043 1828 1079 annos
1864 1044 1991 1086 rem
2026 1047 2138 1100 pu-

279 1111 496 1167 blicam
536 1111 794 1167 exederc.
904 1105 1164 1161 Firmius
1205 1104 1384 1162 Catus
1424 1118 1656 1163 senator
1690 1129 1756 1166 ex
1791 1109 2000 1165 intima
2016 1109 2140 1181 ‚Li-

279 1196 455 1252 bonis
480 1194 737 1250 amicitia
766 1193 1040 1248 iuvenem
1072 1191 1475 1266 improvidum
1511 1204 1564 1248 et
1594 1193 1825 1250 facilem
1861 1187 2139 1251 inanibus

279 1281 354 1337 ad
403 1276 838 1337 Chaldaeorum
888 1276 1211 1352 promissa,
1258 1278 1565 1350 magorum
1617 1269 1827 1346 sacra,
1877 1279 2140 1335 somnio-

278 1386 413 1422 rum
465 1365 641 1420 etiam
689 1364 1036 1438 interpretes
1089 1361 1358 1436 impulit,
1430 1363 1574 1418 dum
1624 1384 1917 1438 proavum
1961 1363 2141 1420 Pom—

277 1451 508 1526 peium,
575 1449 815 1505 amitam
865 1447 1265 1516 Scriboniam,
1342 1469 1490 1524 quae
1537 1450 1840 1524 quondam
1887 1445 2140 1523 Augusti

279 1536 538 1592 coniunx
571 1535 790 1602 fuerat,
835 1533 1222 1588 consobrinos
1247 1529 1550 1602 CaesareS,
1593 1534 1832 1608 plenam
1865 1534 2141 1608 imagini-

278 1621 387 1676 bus
430 1621 674 1676 domum
706 1630 960 1675 ostentat
1003 1613 1390 1695 hortaturque
1430 1619 1503 1674 ad
1541 1619 1745 1674 luxum
1782 1632 1834 1677 ct
1864 1640 1957 1675 aes
1997 1621 2138 1676 alie-

532 1822 556 1829 s

331 1865 504 1894 nomen
539 1850 917 1904 imperatorium.
983 1847 1038 1892 es.
1078 1858 1169 1892 noi.
1243 1849 1312 1900 48,
1348 1849 1419 1893 16.
1456 1857 1497 1891 et
1532 1849 1726 1908 Appian.
1761 1850 1812 1893 Β.
1846 1849 1898 1893 C.
1937 1852 1975 1901 5,
2009 1849 2139 1906 139.).

269 1909 329 1953 *ad
358 1913 394 1956 1,
418 1908 461 1951 S.
1241 1906 1305 1948 Ex
1327 1904 1393 1949 bis
1406 1906 1632 1962 Pompeia
1654 1908 1919 1966 desponsata
1935 1909 2003 1951 M.
2021 1908 2139 1951 Mar-

333 1970 583 2020 deportarc
615 1968 841 2007 lauream.
915 1963 1000 2006 lnt.
1035 1981 1168 2007 coro·
1244 1964 1360 2007 cello
1396 1970 1542 2020 neque
1582 1981 1690 2008 *cero
1733 1966 1944 2016 deducta,
2003 1981 2138 2033 quarn

1241 2029 1394 2079 postea
1444 2023 1688 2063 Scribonio
1735 2023 1908 2064 Liboni
1959 2023 2137 2066 cuidam

273 2040 393 2071 nam,
420 2039 532 2080 quae
551 2031 614 2065 est
638 2021 1026 2078 triumphantium,
1080 2021 1169 2063 So-

405 2081 415 2089 “
1243 2079 1443 2134 nupsisse
1477 2087 1519 2119 rt
1552 2080 1776 2137 peperisse
1805 2095 1908 2122 cum
1930 2080 1984 2122 L:
2008 2079 2135 2123 Scri-

275 2082 334 2124 let
382 2097 446 2124 sie
491 2078 765 2123 vocabulum
808 2093 987 2120 corona
1031 2079 1167 2121 modo

274 2138 419 2181 omitti
441 2136 580 2191 (Suet.
598 2136 701 2178 Ner.
724 2136 846 2179 c.13.
877 2136 1014 2177 Doni.
1040 2153 1078 2178 c.
1094 2136 1169 2190 6.),

272 2195 410 2238 modo
447 2195 547 2244 addi
582 2194 722 2248 (Suet.
754 2194 835 2235 lul.
873 2211 910 2234 c.
932 2195 987 2234 45
1023 2203 1062 2234 et
1098 2194 1169 2240 79.

271 2253 375 2296 Tib.
401 2252 561 2306 c.69.).
624 2250 765 2307 Igitur
787 2255 1039 2304 deportare
1063 2253 1167 2292 lma-

272 2325 407 2352 ream
430 2318 519 2359 est,
550 2310 670 2365 quod
695 2308 846 2365 Nepos
870 2309 939 2354 24,
962 2309 1001 2353 Ξ,
1027 2310 1065 2350 1.
1104 2309 1166 2349 ‹li-

272 2367 329 2411 eit
356 2369 644 2421 triumphum
660 2369 910 2420 deportare
935 2366 977 2407 h.
1001 2382 1038 2406 e.
1061 2363 1167 2408 nait-

272 2425 396 2468 cisci.

330 2494 441 2538 CAP.
470 2494 541 2536 27.
605 2509 627 2534 e
648 2492 857 2548 familia
893 2493 1165 2537 Scribonio-

269 2569 372 2596 rum
400 2554 511 2594 Libo
539 2551 741 2593 Drusus.
805 2550 863 2592 cf.
903 2552 1024 2593 Suet.
1064 2552 1165 2593 Tib.

270 2627 311 2656 c.
338 2611 407 2653 25.
468 2609 559 2652 Dio
584 2609 652 2659 57„
676 2607 744 2650 15.

325 2681 535 2736 defertur
555 2679 726 2720 moliri.
781 2677 1014 2720 structura
1043 2696 1163 2736 grae·

270 2754 337 2780 ca.
410 2736 581 2779 Similia
622 2744 726 2779 sunt
759 2735 862 2779 infr.
896 2737 936 2786 2,
968 2736 1038 2779 37.
1085 2739 1164 2777 ln-

267 2798 412 2838 lectus
442 2819 497 2828 -
532 2798 704 2836 ducere
751 2809 965 2837 uxorem.
1053 2794 1162 2836 Hist.

268 2851 310 2899 3,
345 2853 411 2895 58.
451 2867 531 2894 nec
563 2855 728 2892 deerat
758 2853 850 2904 ψει)
888 2879 945 2886 --
984 2854 1160 2894 elicere.

269 2910 327 2953 cf.
355 2919 448 2954 not.
476 2908 532 2953 ad
557 2908 667 2951 Hist.
690 2908 732 2956 4,
759 2911 796 2950 1.

324 2980 572 3021 disseram.
632 2977 692 3022 cf.
717 2976 899 3021 Sallust.
925 2976 1026 3022 Cat.
1061 2997 1099 3023 c.
1121 2981 1161 3023 5.

268 3033 360 3078 Liv.
381 3037 451 3087 41,
473 3037 517 3079 6.

321 3120 559 3163 proavum
600 3106 898 3160 Pompeium,
957 3108 1161 3149 amitam

269 3162 575 3208 Scriboniam.
633 3163 870 3206 Steminati
902 3179 948 3206 ex
970 3165 1160 3206 ›licando

269 3234 451 3278 operam
481 3219 643 3265 dedere
667 3219 842 3278 Lipsius
877 3230 919 3264 et
989 3220 1161 3279 yckius,

266 3292 525 3337 quanquam
554 3291 648 3318 non
672 3277 766 3319 sine
795 3279 1053 3321 coniectura
1078 3280 1160 3321 im-

215 3371 221 3375 ,
265 3335 399 3378 mixta
418 3333 587 3376 absolvi
605 3348 676 3376 res
704 3334 865 3389 potuit.
926 3335 982 3377 Et
1002 3352 1159 3378 secun-

267 3393 377 3435 dum
399 3390 600 3448 Lipsium
622 3389 678 3432 L.
703 3390 974 3434 Scribonius
1001 3394 1160 3437 consul

266 3463 370 3499 eum
398 3446 596 3491 Antonio
617 3463 688 3490 an.
709 3447 807 3490 719.
831 3452 967 3492 uxore
987 3450 1159 3493 incerta

266 3506 422 3564 genuit
460 3503 783 3552 Scriboniam,
845 3522 956 3561 quae
1004 3523 1064 3549 nu
1102 3508 1159 3549 sit

265 3565 363 3606 Sex.
395 3561 615 3620 Pompeio
645 3560 741 3605 filio
772 3561 931 3620 Magni
965 3564 1041 3617 (cf.
1086 3565 1155 3607 Mo

1241 2137 1435 2177 bonium
1463 2136 1687 2178 Libonem
1710 2137 1946 2185 consulem
1970 2154 2039 2181 an.
2054 2137 2138 2180 769

1243 2193 1320 2247 (cf.
1357 2207 1491 2249 supra
1525 2210 1563 2236 c.
1594 2196 1674 2248 1.),
1717 2202 1813 2236 tum
1840 2193 2136 2237 Scribonium

1241 2251 1468 2292 Libonem
1491 2251 1732 2301 Drusum,
1765 2254 1816 2301 de
1840 2268 1930 2310 quo
1954 2252 2026 2295 bic
2049 2269 2136 2296 ser·
2202 2263 2222 2283 «Γ

1241 2323 1318 2350 mo
1350 2317 1437 2358 est,
1472 2308 1659 2350 coniicit
1693 2309 1878 2367 Lipsius.
1938 2309 2136 2367 Ryckius

1239 2364 1287 2407 in
1319 2364 1404 2407 hac
1437 2366 1583 2422 genesi
1608 2364 1652 2408 id
1683 2382 1776 2409 non
1801 2368 1980 2424 probat,
2011 2366 2135 2425 quod

1239 2422 1464 2465 Libonem
1522 2422 1734 2466 Drusum
1802 2424 1973 2481 Lipsius
2028 2425 2132 2468 facit

1238 2481 1423 2522 fratrem
1456 2480 1511 2522 L.
1537 2481 1772 2523 Scribonii
1791 2481 1977 2524 Libonis
2006 2499 2129 2527 cons.

1239 2553 1310 2579 an.
1336 2537 1432 2579 769.
1469 2554 1602 2595 quem
1639 2539 1788 2596 potius
1821 2538 2027 2597 intelligit
2059 2556 2131 2583 ne·

1238 2603 1388 2652 potem
1417 2594 1466 2637 L.
1491 2595 1719 2638 Scribonii
1750 2611 1875 2639 cons.
1896 2596 1992 2640 720.
2025 2614 2047 2640 a
2079 2597 2130 2639 L.

1229 2651 1478 2694 *Scribonio
1504 2652 1673 2695 Libone
1707 2654 1869 2711 prioris
1893 2653 1986 2696 filio
2010 2656 2131 2712 geni-

1238 2717 1348 2751 tum.
1390 2736 1448 2743 —-
1525 2708 1768 2752 Scribonia
1809 2711 1856 2753 L.
1900 2711 2129 2755 Scribonii

1237 2768 1382 2820 (emis.
1417 2766 1538 2818 719.)
1577 2784 1707 2810 soror
1745 2784 1793 2809 ex
1819 2769 2023 2825 Augusto
2058 2786 2129 2826 pe-

1236 2822 1351 2881 perit
1404 2823 1606 2876 Iuliam,
1669 2825 1776 2868 Iulia
1832 2843 1879 2868 ex
1930 2827 2127 2885 Agrippa

1234 2882 1549 2934 Agrippinam
1603 2891 1789 2941 nuptam
1841 2881 2126 2926 Germanico-

1235 2939 1399 2980 Amita
1438 2937 1575 2996 igitur
1611 2949 1700 2990 est,
1760 2955 1897 2995 quam
1938 2941 2128 2985 dicimus

1235 2996 1479 3038 maiorem.
1569 2996 1646 3040 Sic
1681 3014 1723 3041 e.
1758 2995 1830 3041 43.
1875 3001 2129 3041 avunculus

1233 3068 1317 3110 pro
1340 3055 1560 3096 avunculo
1582 3055 1754 3097 maiori.

1276 3167 1461 3222 fuerat.
1520 3167 1728 3212 Heinsius
1758 3177 1925 3212 mutat:
1959 3170 2127 3226 fierit,

1232 3231 1447 3278 tanquam
1499 3242 1521 3268 e
1569 3225 1727 3268 Firmii
1774 3225 1871 3271 Cati
1922 3244 2124 3286 persona,

1232 3281 1353 3337 quod
1384 3281 1586 3338 ineptum
1613 3291 1693 3326 est.
1766 3283 1881 3327 Nam
1940 3285 2006 3328 uis
2032 3294 2125 3329 tan-

1232 3340 1336 3379 dem
1391 3337 1474 3381 sibi
1529 3339 1840 3398 persuadebit,
1947 3343 2127 3386 'rmium

1229 3394 1339 3438 haec
1374 3396 1618 3446 addidisse,
1659 3414 1801 3456 quum
1826 3401 2122 3444 Scriboniam

1229 3453 1433 3494 amicam
1483 3457 1759 3499 ostentaret?
1818 3457 1965 3499 Immo
2012 3455 2120 3499 haec

1230 3518 1332 3552 sunt.
1353 3509 1500 3559 Taciti
1530 3513 1693 3561 verba,
1724 3529 1809 3556 nec
1831 3523 1926 3556 toto
1949 3513 1994 3556 in
2017 3512 2120 3557 loco

1227 3566 1446 3610 orationis
1470 3568 1679 3626 obliquae
1704 3570 1934 3627 vestigium
1961 3578 2039 3613 est.
