2222 4030
1160 44 1170 64 Χ

1850 232 1903 269 Α.
1916 231 2063 270 Usta?-

1850 277 1903 312 A.
1921 274 1969 311 C.
2002 276 2062 311 u.

291 237 373 296 34
904 220 905 223 ‘
966 230 1478 309 ANNALIUM
1551 212 1558 214 “

290 366 376 425 tio
418 382 687 421 annuum
724 362 799 419 ad
837 374 1166 438 praetorem
1204 351 1517 434 translata,
1576 362 1674 420 cui
1708 362 1865 424 inter
1902 367 2058 425 cives
2094 378 2151 427 et

293 450 634 526 peregrinos
659 448 987 506 iurisdictio
1020 450 1324 508 evenisset.

458 556 625 619 XVI.
688 557 803 615 Hic
825 579 1025 616 rerum
1047 560 1413 616 urbanarum
1440 570 1623 616 status
1651 572 1802 631 erat,
1848 581 1981 618 cum
1995 560 2155 619 Pan-

293 644 536 702 nonicas
563 643 822 719 legiones
852 645 1058 701 seditio
1093 643 1345 713 incessit„
1388 645 1572 701 nullis
1597 646 1768 701 novis
1795 647 1999 717 causiS‚
2038 648 2156 703 nisi

293 731 455 806 quod
498 741 756 787 mutatus
790 730 1064 805 princeps
1101 727 1402 784 licentiam
1438 730 1749 786 turbarum
1791 742 1846 787 et
1891 752 1958 788 ex
1993 731 2155 788 civili

291 816 450 872 bello
477 835 636 891 spem
661 814 1062 889 praemiorum
1084 813 1444 872 ostendebat.
1531 812 1751 871 Castris
1777 817 2008 873 aestivis
2038 829 2156 873 tres

295 900 472 957 simul
497 899 756 973 legiones
782 895 1154 955 habebantur
1178 898 1546 971 praesidente
1572 897 1745 956 Iunio
1767 899 2004 958 Blaeso:
2052 903 2156 978 qui

293 986 409 1041 fine
465 980 719 1058 Augusti
770 996 826 1041 et
864 984 1051 1041 initiis
1093 981 1326 1038 Tiberii
1361 983 1576 1038 auditis
1613 985 1690 1040 ob
1724 985 2018 1042 iustitium
2057 997 2159 1044 aut

288 1070 574 1146 gaudium
600 1069 992 1126 intermiserat
1018 1068 1189 1124 solita
1219 1067 1444 1126 munia.
1528 1064 1621 1123 Eo
1660 1069 1952 1144 principio
1988 1071 2161 1127 lasci—

288 1156 421 1213 vire
472 1155 672 1223 mileS‚
739 1153 1104 1221 discordare,
1159 1151 1402 1226 pessimi
1456 1152 1739 1228 cuiusque
1789 1155 2159 1211 sermonibus

286 1240 577 1316 praebere
616 1257 816 1307 aureS‚
860 1238 1115 1313 denique
1142 1237 1351 1293 luxum
1386 1247 1443 1293 et
1471 1237 1660 1294 otium
1698 1258 1938 1314 cupere,
1962 1239 2160 1296 >disci-

288 1326 524 1402 plinam
562 1335 620 1382 et
651 1325 917 1380 laborem
958 1322 1277 1399 aspernari.
1386 1318 1534 1379 Erat
1569 1323 1635 1379 in
1673 1325 1873 1381 castris
1907 1323 2161 1382 Percen-

354 1515 565 1543 mmuum
605 1501 673 1540 ad
711 1505 995 1550 praetorem.
1074 1496 1190 1541 cod.
1265 1504 1421 1540 cutum
1443 1495 1501 1539 ob
1520 1495 1768 1540 discordias
1784 1493 1967 1539 interim
1989 1495 2160 1541 inrum·

295 1558 395 1602 MS.
424 1557 526 1600 edd.
545 1557 641 1599 Ber.
657 1556 798 1598 Rhen.
822 1571 998 1598 annum
1020 1559 1085 1598 ad
1106 1569 1194 1608 pr„

297 1615 419 1674 quod
457 1614 602 1656 Rhen.
642 1613 687 1655 in
728 1614 942 1671 castigatt.
983 1611 1193 1655 emendat

297 1687 534 1720 annuum,
589 1670 723 1728 idque
770 1670 909 1713 edidit
943 1670 1046 1714 Ald.
1092 1686 1194 1727 sqq.

292 1729 418 1772 ,Dein
471 1727 626 1770 locum
690 1727 886 1770 obtinuit
947 1743 1110 1769 annua
1170 1741 1195 1768 a

296 1787 416 1844 Lips.
454 1785 596 1843 prima
637 1799 779 1843 usque
825 1784 879 1827 ad
922 1783 1198 1834 Ernestium,

291 1845 374 1903 vqui
409 1842 603 1886 restituit
633 1856 867 1891 annuum,
899 1857 1094 1899 eumque
1125 1857 1199 1884 se-

300 1900 392 1944 cuti
434 1908 536 1942 sunt
570 1899 832 1942 Allemand.
873 1908 916 1942 et
950 1898 1198 1942 Broterius.

298 1956 515 2002 Wolfius
536 1965 687 1999 tamen
722 1956 915 1999 correxit
950 1956 1117 1998 iterum
1150 1955 1198 1997 in

302 2030 482 2058 annua.
559 2013 616 2055 Et
657 2013 743 2055 iam
783 2014 1068 2070 reposuimus
1109 2028 1201 2055 an-

300 2088 459 2116 nuum.
518 2070 635 2113 Nam
661 2086 821 2112 annua
843 2070 994 2128 inepta
1020 2080 1085 2113 est
1107 2079 1200 2112 tau-

301 2128 495 2187 tologia,
546 2127 762 2185 quoniam
797 2128 851 2170 de
879 2128 997 2171 ludis
1037 2127 1200 2170 annuis

304 2202 558 2231 sermonem
589 2201 680 2227 esse
702 2200 782 2242 per
805 2184 852 2226 id
882 2185 988 2227 satis
1011 2192 1201 2233 constat,

306 2244 429 2301 quod
456 2242 627 2286 tribuni
660 2241 829 2285 dixere:
854 2241 1004 2298 fastis
1037 2242 1199 2284 additi.

302 2304 502 2346 Annuus
547 2307 745 2354 praetor
784 2307 932 2342 autem
981 2307 1070 2351 est,
1123 2299 1200 2356 qui

304 2373 460 2426 graece
488 2357 653 2400 dicitur
676 2353 699 2399 ὃ
726 2354 795 2399 ἀεὶ
818 2353 1071 2414 στρατηγός
1096 2359 1204 2413 (der

296 2414 608 2470 Jedesmalige
633 2413 844 2470 I’rc'z'tor).
905 2415 982 2457 Sic
1010 2415 1100 2457 Dio
1121 2409 1205 2465 '54‚

306 2473 377 2517 34.
411 2473 652 2516 καὶ-τοῦτο
684 2471 795 2528 μὲν,
831 2476 980 2515 καίτοι,
1015 2471 1076 2527 μὴ
1107 2481 1207 2529 ψη·-

309 2533 506 2589 ‹pm-9612,
546 2530 607 2582 ,ἐν
645 2531 790 2572 πᾶσιν
829 2526 891 2579 ὡς
921 2533 1070 2574 εἰπεῖν
1111 2534 1208 2579 τοῖς

310 2590 460 2638 ἔτεσιν
489 2584 604 2644 πρός
635 2601 758 2636 τινος
788 2589 883 2631 τῶν
910 2585 981 2630 ἀεὶ
1007 2601 1206 2646 στρατη-

309 2644 523 2705 γούντων
545 2646 771 2702 ἐγίγνετο,
835 2645 896 2687 ld.
919 2645 988 2694 56,
1013 2646 1084 2688 28.
1113 2648 1208 2688 τῶν

310 2706 382 2748 ἀεὶ
403 2699 744 2749 ὑπατευόντων.
809 2701 932 2779 Sqet.
959 2703 1042 2745 lul.
1076 2719 1115 2745 c.
1138 2702 1207 2746 23.

312 2777 492 2805 annuos
554 2762 870 2815 magistratus.
964 2759 1207 2819 Kiessling.

315 2819 411 2861 vult
432 2833 596 2861 annua
618 2833 722 2860 eum
747 2820 812 2860 ad
826 2831 899 2871 pr.

371 2892 612 2932 evenisset.
686 2888 795 2930 Tac.
832 2886 941 2945 Agr.
973 2904 1012 2931 c.
1043 2888 1086 2931 6.
1126 2889 1210 2930 ob-

314 2944 508 2989 venerat
525 2979 536 2995 ‚
567 2947 620 2989 de
645 2945 797 2988 eadem
824 2961 888 2988 re.

374 3027 486 3072 CAP.
514 3030 582 3072 16.
643 3028 944 3071 Pannonicas
972 3031 1088 3083 legg.
1111 3031 1211 3071 sed.

317 3090 404 3131 inc.
466 3086 556 3128 Dio
581 3086 647 3134 57,
667 3087 709 3128 4.
742 3085 819 3142 qui
849 3084 1030 3128 brevius
1058 3086 1213 3128 cadein

316 3145 468 3246 ἷέίξτῒ.
527 3143 652 3187 Suet.
683 3143 785 3185 Tib.
821 3159 862 3186 c.
887 3142 959 3186 25.
1021 3141 1136 3187 Vell.
1169 3143 1214 3191 2,

378 3275 434 3314 ob
464 3272 685 3313 iustitium
717 3277 801 3311 aut
821 3271 1062 3323 gaudium.
1120 3268 1214 3311 Sci-

323 3330 425 3373 licet
452 3329 670 3371 iustitium
705 3326 762 3367 ob
795 3335 985 3368 mot-ten
1024 3327 1213 3383 Augusti

322 3386 547 3429 indictum
601 3385 686 3439 (cf.
741 3399 779 3425 c.
825 3383 887 3423 50,
946 3385 1115 3432 iustitio
1165 3385 1221 3424 ob

325 3447 547 3486 amissum
563 3443 725 3497 Aug.);
754 3440 984 3494 'gaudium
1013 3441 1071 3484 ob
1096 3439 1219 3483 initia

324 3500 494 3543 Tiberii
523 3499 644 3542 feriis
668 3498 942 3541 celebratum
968 3496 1221 3551 (Germani-

327 3574 401 3600 cas
435 3556 628 3616 legiones
656 3554 866 3612 gaudium
892 3569 987 3597 non
1014 3563 1076 3597 est
1101 3555 1221 3597 adse·

1266 1555 1455 1613 pentes).
1498 1553 1727 1596 Particula
1748 1562 1830 1604 aut
1847 1556 2004 1598 eodem
2028 1556 2161 1613 plane

1265 1612 1405 1666 niodo
1439 1611 1512 1654 hic
1543 1610 1754 1668 ponitur,
1804 1620 1852 1653 ut
1883 1629 2007 1670 supr.
2048 1629 2087 1655 c.
2119 1613 2161 1655 8.

1265 1668 1380 1712 Nam
1438 1668 1739 1712 intermiserat
1783 1667 1964 1712 Blaesus
2008 1669 2162 1713 munia

1268 1743 1372 1770 cum
1413 1726 1471 1768 ob
1513 1725 1760 1778 iustitium,
1814 1735 1911 1769 tum
1951 1727 2010 1770 ob
2051 1743 2165 1785 gau-

1271 1782 1421 1832 dium,
1455 1782 1467 1824 i
1501 1782 1592 1824 itur
1615 1785 1670 1824 ob
1692 1785 1913 1826 iustitium
1937 1793 2019 1827 aut
2045 1800 2167 1840 gau-

1270 1843 1415 1884 dium.
1465 1799 1708 1897 gerperam
1722 1841 1928 1884 Muretus
1948 1851 2032 1885 aut
2053 1858 2165 1897 gau-

1271 1900 1401 1941 dium
1436 1896 1552 1939 male
1584 1897 1784 1940 additum
1817 1899 2022 1956 putabat,
2071 1916 2167 1958 per-

1273 1973 1427 2016 peram
1449 1963 1491 1998 et
1503 1953 1718 1997 Wolfius
1737 1963 1880 1998 totum
1900 1956 1988 1998 hoc
2003 1955 2166 2015 glosse-

1264 2014 1403 2057 matis
1416 2011 1673 2069 suspicione
1687 2013 1919 2070 adgressus
1932 2021 2012 2056 est.
2045 2015 2168 2058 Bene

1272 2069 1452 2114 monuit
1476 2068 1698 2118 Ricklefs‚
1730 2069 1864 2111 verba
1895 2070 2169 2128 praeceden-

1272 2130 1357 2172 tia:
1409 2135 1454 2170 et
1484 2128 1621 2170 mitiis
1654 2127 1825 2168 Tiberii
1860 2142 2068 2186 poscere,
2119 2138 2180 2172 ut,
2220 2177 2222 2188 Ι

1276 2185 1488 2229 addaturt
1548 2191 1632 2226 aut
1673 2185 1929 2238 gaudium-¹
2006 2185 2169 2229 Fusius

1279 2252 1437 2287 contra
1459 2240 1702 2284 Wolfium
1735 2241 1979 2300 disputavit
2006 2242 2171 2287 Wolt-

1278 2315 1499 2351 mannus‚
1541 2298 1618 2356 qui
1660 2307 1811 2341 tamen
1845 2299 1978 2343 nimis
2008 2305 2172 2359 premit
2219 2310 2222 2316 ’

1273 2374 1371 2401 voc.
1397 2359 1624 2411 gaudium
1652 2365 1696 2398 et
1720 2357 1885 2414 cogitat
1915 2358 1969 2400 de
2000 2358 2170 2414 privato

1276 2415 1425 2458 Blaesi
1475 2413 1649 2472 gaudio.
1693 2414 1752 2456 ob
1799 2414 1931 2457 ⁴initia
1984 2415 2172 2460 Tiberii.
2215 2443 2220 2448 «

1279 2473 1423 2515 Immo
1469 2474 1655 2526 epulum
1688 2473 1816 2525 plebi
1843 2474 1899 2514 ob
1942 2475 2173 2515 laetitiam

1278 2531 1474 2572 recentis
1512 2529 1697 2582 imperii
1733 2532 1939 2572 oblatum
1986 2530 2174 2589 legimus

1281 2588 1413 2630 etiam
1432 2586 1547 2630 Hist.
1573 2589 1612 2636 1,
1634 2586 1706 2630 76.

1337 2685 1392 2711 eo
1419 2672 1655 2724 principio.
1731 2670 1847 2713 Sunt
1883 2671 1959 2728 qui
1997 2670 2177 2715 disiun-

1281 2735 1388 2784 gant
1418 2735 1659 2784 utrumque
1690 2728 1964 2777 vocabulum
1978 2760 1995 2777 „
2032 2737 2081 2771 ut
2121 2729 2177 2772 sit

1275 2798 1335 2827 eo
1355 2799 1439 2841 pro
1468 2783 1571 2827 ideo
1585 2817 1597 2836 ,
1616 2786 1840 2838 principio
1861 2795 2008 2834 autem
2029 2802 2110 2844 per
2125 2804 2177 2830 se

1284 2850 1472 2884 constet.
1520 2842 1578 2885 At
1600 2842 1819 2884 sententia
1841 2842 1991 2900 potius
2004 2852 2093 2886 est:
2131 2843 2177 2886 id

1282 2898 1558 2957 principium
1591 2899 1718 2941 miles
1743 2898 1894 2941 habuit
1914 2899 2178 2945 lasciviendi

1285 2964 1368 2999 etc.
1400 2957 1493 2999 velt
1533 2956 1637 2998 inde
1713 2955 1951 3014 rincipium
1992 2957 2179 3016 sumpsit

1285 3013 1467 3056 lascivia
1490 3020 1574 3055 etc.
1637 2973 1706 3055 cli,
1723 3015 1832 3070 Agr.
1867 3029 1906 3056 c.
1936 3015 2003 3056 18.
2038 3031 2179 3071 eoque

1286 3072 1413 3112 initio
1438 3078 1590 3112 erecta
1613 3072 1876 3124 prov1>1c1·a;
1915 3071 2002 3115 An.
2036 3073 2078 3124 4,
2109 3074 2180 3116 52.

1287 3143 1374 3184 quo
1395 3130 1523 3169 initio
1545 3129 1762 3169 invidiae.

1343 3211 1601 3262 aspernari.
1688 3210 1763 3254 Sic
1810 3209 1912 3253 edd.
1965 3210 2179 3258 Beroald.

1286 3267 1491 3310 Rhenan.
1515 3283 1613 3326 sqq.
1673 3268 1841 3310 Eadem
1864 3268 2018 3326 script.
2043 3269 2183 3312 utitur

1290 3325 1402 3368 Cod.
1449 3325 1549 3369 MS.
1595 3324 1718 3368 Flor.
1765 3325 1847 3367 litt.
1899 3326 2179 3388 Langobard.

1291 3383 1445 3440 script.
1578 3382 1902 3425 Recentiomm
1980 3384 2182 3443 plerique

1293 3455 1420 3482 nunc
1498 3439 1702 3482 scribunt
1779 3442 2059 3494 aspernari,
2134 3450 2184 3483 ut

1293 3513 1331 3538 c.
1366 3496 1459 3546 13„
1513 3511 1640 3541 nunc
1672 3499 1971 3554 adspernari,
2021 3506 2070 3540 ut
2111 3498 2185 3543 hic

1294 3562 1336 3598 et
1363 3569 1402 3598 e.
1432 3555 1502 3598 40.
