2222 4030
206 236 418 317 ᾒζῖἐζῗξξζ
610 239 784 302 LIB.
819 237 924 300 IV.
948 247 954 259 ⁹
1008 234 1211 301 CAP.
1243 236 1346 301 42.
1378 239 1482 302 43.
1852 241 1977 298 333

120 393 252 431 reos
302 369 743 428 inclementiam
791 389 860 426 eo
913 365 1275 445 pervicacius
1323 370 1625 446 amplexus
1669 364 1979 447 Aquiliam

40 530 47 541 Ι
117 458 399 516 adulterii
423 457 677 513 delatam
701 475 837 512 cum
849 452 1034 510 Vario
1043 450 1289 528 Ligure,
1325 474 1665 533 quanquam
1684 453 1978 513 Lentulus

120 542 467 601 Gaetulicus
501 539 707 598 consul
741 539 1077 613 designatus
1110 538 1237 612 lege
1274 534 1429 596 Iulia
1463 542 1823 612 damnasset,
1876 559 1979 596 ex-

117 630 250 686 silio
285 627 548 704 punivit:
590 622 999 702 Apidiumque
1029 621 1356 693 Merulam,
1393 626 1554 700 quod
1590 626 1656 682 in
1691 637 1819 685 acta
1851 624 1979 683 divi

117 712 371 789 Augusti
392 733 518 769 non
543 710 867 779 iuraverat,
909 711 1045 766 albo
1071 709 1365 767 senatorio
1394 710 1588 770 erasit.

286 795 506 856 XLIII.
591 790 851 853 Auditae
876 790 1092 853 dehinc
1109 793 1714 853 Lacedaemoniorum
1738 806 1795 854 et
1809 795 1977 854 Mes-

113 883 416 941 seniorum
460 881 780 955 legationes
817 881 890 937 de
927 881 1056 938 iure
1093 879 1303 957 templi
1337 877 1568 938 Dianae
1598 880 1976 952 LimnatidiS,

111 971 272 1047 quod
308 969 427 1026 suis
464 988 499 1024 a
534 967 859 1024 maioribus
887 986 1107 1042 suaque
1131 965 1197 1022 in
1224 977 1378 1023 terra
1403 965 1663 1024 dicatum
1680 964 1978 1024 Lacedae-

108 1055 301 1112 monii
331 1054 646 1111 firmabant
677 1052 984 1110 annalium
1018 1051 1307 1109 memoria
1338 1062 1660 1128 vatumque
1694 1053 1976 1109 carmini-

111 1143 251 1199 bus:
306 1142 405 1196 sed
438 1137 787 1196 Macedonis
811 1133 1114 1213 Philippi,
1157 1157 1293 1194 cum
1331 1158 1448 1214 quo
1480 1137 1827 1207 bellassent,
1877 1158 1976 1195 ar-

108 1227 222 1282 mis
248 1227 591 1300 ademptum
614 1245 682 1281 ac
703 1234 840 1299 post
863 1224 930 1284 C.
957 1221 1224 1280 Caesaris
1257 1234 1314 1279 et
1335 1221 1424 1282 M.
1449 1218 1704 1280 Antonii
1737 1234 1975 1280 senten-

107 1312 190 1368 tia
226 1311 545 1368 redditum.
631 1307 856 1386 Contra
892 1306 1181 1364 Messenii
1219 1321 1476 1366 veterem
1510 1308 1665 1366 inter
1695 1306 1976 1366 Herculis

105 1407 369 1473 posteros
413 1395 768 1452 divisionem
803 1392 1198 1468 Peloponnesi
1238 1395 1537 1469 protulere
1581 1413 1806 1472 suoque
1847 1394 1974 1469 regi

105 1477 546 1540 Dentheliatem
596 1499 835 1553 agrum,
898 1478 963 1535 in
1012 1500 1129 1556 quo
1182 1479 1245 1535 id
1294 1480 1642 1550 delubrum,
1707 1479 1970 1538 cessisse:

104 1568 587 1643 monimentaque
624 1566 750 1623 eius
782 1563 871 1622 rei
905 1565 1131 1641 sculpta
1169 1565 1320 1622 saxis
1362 1576 1419 1623 et
1451 1585 1583 1623 aere
1611 1565 1805 1642 prisco
1841 1586 1970 1624 ma-

1127 1787 1454 1844 Peloponnesi.
1541 1786 1620 1832 Sic
1676 1786 1779 1832 edd.
1844 1785 1965 1846 Lips.

1072 1846 1185 1890 1600
1207 1862 1304 1905 sqq.
1359 1846 1656 1901 Peloponessa·
1675 1844 1775 1888 edd.
1797 1853 1903 1889 vett.

1125 1919 1299 1961 suoque
1310 1904 1767 1958 regiDentkelmtem
1781 1917 1968 1958 agr-um.

1068 1961 1242 2006 Ferunt
1276 1961 1323 2005 in
1356 1962 1459 2005 cod.
1489 1961 1593 2006 MS.
1630 1961 1671 2005 le
1703 1960 1743 2004 i:
1792 1960 1968 2018 suoque:

1067 2021 1275 2063 recident
1288 2019 1552 2069 Heliatem,
1585 2034 1675 2077 quo
1729 2016 1971 2062 ediderunt

1070 2077 1173 2122 Ale.
1196 2086 1239 2120 et
1261 2077 1430 2125 Aldus,
1471 2085 1621 2136 aperta
1649 2074 1966 2134 corruptione.

1067 2134 1154 2180 Ed.
1177 2136 1283 2180 Ber.
1323 2137 1427 2189 regi
1452 2134 1822 2178 Dentheliatem.
1882 2132 1966 2176 Ed.

162 1789 448 1834 Gaetulicum
506 1787 585 1832 Sic
617 1786 720 1831 cod.
753 1785 855 1830 MS.
893 1786 997 1834 edd.

102 1847 190 1892 lac.
217 1848 431 1892 Gronov.
466 1863 486 1889 s
521 1862 566 1903 q.
630 1844 864 1887 Getulicus
894 1843 998 1888 edd.

100 1906 307 1949 Beroald.
333 1922 430 1963 sqq.
490 1862 628 1961 Rpud
641 1900 840 1946 Graecos
865 1901 999 1946 etiam

98 1964 342 2022 scriptores
392 1978 517 2005 nunc
568 1964 611 2003 Γ
607 1961 811 2008 nobam,
871 1975 998 2004 nunc

99 2023 343 2065 Γαιτοῦλοι
389 2021 612 2078 leguntur.
692 2018 752 2062 cf.
795 2017 994 2061 Reimar.

97 2080 151 2122 ad
176 2079 316 2122 Dion.
339 2076 409 2129 43,
431 2080 476 2120 4.
541 2076 735 2120 Getulic.
768 2076 898 2120 etiam
926 2074 993 2118 la-

96 2138 162 2196 pis
187 2136 370 2181 Gruter.
401 2152 446 2195 p.
468 2135 568 2179 382.
599 2151 670 2180 nr.
697 2134 739 2177 6.

1068 2193 1270 2237 Rhenan.
1306 2193 1409 2247 regi
1437 2195 1549 2236 dent
1581 2191 1840 2235 Heliatem.
1912 2193 1967 2235 ln
2028 2198 2034 2205 ‘

150 2241 253 2292 lege
277 2237 405 2282 Iulia
424 2239 717 2281 damnasset.
771 2233 874 2278 vid.
896 2241 992 2278 not.

94 2297 148 2340 ad
170 2297 213 2348 2,
233 2297 304 2339 50.

151 2397 203 2440 in
227 2404 337 2440 acea
355 2396 455 2439 divi
464 2396 584 2450 Aug.
606 2409 705 2438 non
726 2395 758 2439 ί.
812 2394 881 2437 De
903 2393 992 2438 hoc

93 2453 183 2498 ritu
209 2453 270 2500 cs.
294 2454 386 2497 Dio
409 2454 478 2507 57,
497 2454 540 2496 8.
573 2454 645 2502 60,
669 2455 737 2496 10.

147 2556 255 2597 albo
284 2555 543 2597 senatorio.
616 2554 675 2597 cf.
715 2552 807 2596 Dio
842 2553 912 2601 55,
944 2552 989 2596 3.

90 2611 234 2656 Paulo
258 2620 359 2656 ante
380 2628 470 2655 una
484 2611 649 2655 Aldina
672 2611 746 2656 dat
756 2611 990 2666 Apidum·

90 2685 177 2726 que
196 2686 280 2729 pro
302 2672 631 2726 Apidiumque.

147 2769 344 2817 CAPAS.
400 2768 708 2812 Limnatidls.
755 2766 869 2813 Cod.
884 2767 987 2812 MS.

92 2836 189 2872 test.
246 2829 335 2872 lac.
386 2826 592 2871 Gronov.
650 2826 987 2870 Limenan'dis.

89 2886 206 2930 Edsl.
234 2886 337 2929 Ber.
362 2885 462 2930 Alc.
490 2884 632 2928 Bhen.
653 2884 758 2928 Atd.
780 2899 879 2942 sqq.
904 2883 987 2927 Li-

88 2945 350 2987 menett'dis.
404 2942 494 2987 Sed
515 2949 872 3000 cognomentum
895 2939 987 2985 sive

86 3019 112 3046 a
144 3001 332 3044 Limata
371 3002 468 3045 vico
503 2998 754 3043 Messeniae
801 2998 984 3053 (secun-

87 3059 195 3103 dum
220 3059 367 3103 strab.
400 3060 451 3110 8,
486 3075 530 3116 p.
551 3056 674 3114 361.)
701 3056 791 3100 sive
814 3056 870 3099 sit
889 3054 985 3102 ἀπὸ

86 3119 166 3171 τῆς
195 3119 359 3176 λίμνης
395 3119 502 3171 (see.
539 3114 732 3159 Pausan.
764 3115 808 3162 4,
832 3114 903 3158 31.
945 3115 987 3167 7,

85 3173 158 3220 20.
218 3175 495 3220 Artemidor.
520 3173 564 3224 2,
584 3172 675 3228 35.)
705 3172 800 3216 sine
826 3188 851 3214 e
873 3171 942 3215 vel
970 3173 991 3215 ι’

88 3233 127 3276 le
159 3232 329 3276 endum
360 3232 470 3283 erit,
503 3231 566 3275 uti
600 3230 812 3275 suadente
833 3228 983 3297 Lipsio

86 3306 127 3330 c«
148 3292 268 3334 idere
281 3289 406 3334 Brot.
433 3289 593 3333 Obert.
620 3305 715 3347 sqq.
741 3295 784 3330 ct
807 3287 873 3332 sie
897 3303 983 3331 nam

85 3348 219 3391 habet
253 3347 324 3391 ed.
359 3345 535 3404 Micytt.
605 3345 824 3390 Similiter
859 3361 997 3404 supr..

84 3404 126 3456 3,
148 3406 221 3449 62.
255 3405 301 3448 in
337 3404 458 3447 aliud
494 3404 661 3449 Dianae
698 3421 754 3447 co
790 3419 982 3446 nomen-

86 3472 180 3508 tun·
210 3463 351 3505 littera
379 3478 405 3504 c
436 3462 697 3520 inrepserat.
801 3476 854 3503 cc
885 3459 978 3502 dis-

84 3519 231 3563 simile
268 3529 331 3563 est
374 3519 423 3566 3.
466 3520 538 3563 69.
590 3518 844 3575 Cythenum
897 3534 980 3573 pro

87 3579 328 3633 Cythnum.

1066 2252 1283 2309 castigatt.
1309 2249 1515 2294 Rhenan.
1550 2248 1762 2292 emendat
1791 2263 1970 2305 suoque

1065 2311 1168 2364 regi
1209 2307 1439 2350 Penthelo
1498 2306 1716 2350 Eleatem
1778 2321 1964 2363 agrum.

1064 2365 1294 2411 Meursius
1333 2364 1382 2408 in
1415 2365 1586 2409 Lacon.
1633 2364 1680 2416 1,
1711 2363 1752 2408 2.
1793 2380 1968 2422 suoque

1063 2424 1170 2479 regi
1183 2422 1552 2475 Delthemzzeem,
1582 2420 1861 2481 eStephano,
1888 2423 1966 2481 qui

1062 2481 1219 2526 habet:
1262 2476 1540 2537 Δελθᾶνιοι,
1583 2477 1718 2530 πόλις
1750 2483 1839 2540 μία
1870 2482 1967 2524 τῶν

1061 2534 1392 2599 περιμαχήτων
1427 2542 1713 2595 Μεσσηνίων
1749 2540 1827 2582 καὶ
1858 2542 1965 2582 Λα-

1062 2598 1394 2656 κεδαιμονίων.
1475 2596 1542 2640 lbi
1590 2605 1740 2640 tamen
1780 2595 1963 2641 Holste-

1061 2657 1165 2699 nius
1199 2655 1420 2713 probante
1457 2653 1632 2715 Ryckio
1667 2669 1718 2697 ex
1752 2654 1841 2698 hoc
1871 2654 1966 2698 'ra-

1063 2713 1139 2756 citi
1164 2710 1268 2756 loco
1294 2710 1505 2771 corrigit:
1537 2708 1808 2757 Δενθάλιοι.
1871 2713 1964 2756 lta-

1062 2786 1149 2836 que
1190 2768 1358 2812 tutiore
1397 2770 1713 2814 emendatione
1736 2787 1740 2789 ’
1763 2770 1962 2821 destituti

1064 2843 1160 2870 sine
1202 2826 1492 2871 cunctatione
1532 2841 1638 2872 cum
1669 2825 1820 2888 Lipsio
1864 2843 1962 2887 sqq.

1063 2884 1279 2943 legimus:
1353 2883 1735 2938 Denthaliatem¹
1771 2890 1960 2943 agrum.

1063 2941 1178 2985 Nam
1210 2957 1323 3002 quae
1364 2940 1449 2986 alia
1489 2941 1678 2992 dedere,
1732 2945 1960 2996 minorem

1063 2999 1197 3043 etiam
1232 2999 1430 3044 veritatis
1457 3001 1653 3057 speciem
1681 3001 1959 3061 praeferunt.

1062 3056 1212 3116 Lipsio
1248 3056 1371 3100 enim
1416 3058 1644 3117 placebat:
1694 3061 1801 3113 regi
1831 3060 1958 3104 Pen-

1060 3117 1178 3159 chilo
1201 3114 1415 3158 Eleatem
1439 3130 1634 3172 agrum,
1667 3117 1804 3161 citato
1828 3118 1956 3162 Stra-

1060 3173 1167 3216 bon.
1196 3170 1272 3224 18,
1300 3188 1343 3231 p.
1369 3172 1467 3217 582.
1504 3170 1678 3218 Velleio
1705 3176 1745 3224 1,
1767 3175 1811 3218 6.
1867 3175 1958 3220 Sed

1058 3230 1095 3274 is
1109 3229 1342 3274 penthilus
1364 3246 1457 3276 non
1481 3229 1568 3276 suit
1589 3245 1613 3276 e
1668 3234 1828 3276 esteris
1843 3233 1957 3276 Iler-

1059 3286 1190 3331 culis.
1252 3287 1370 3332 Hine
1393 3288 1565 3333 transiit
1598 3305 1621 3333 a
1683 3289 1817 3333 aliam
1840 3306 1956 3335 con-

1059 3346 1300 3389 iecturam:
1345 3360 1520 3403 suoque
1549 3348 1656 3402 regi
1682 3348 1791 3389 dein
1816 3349 1955 3392 Elea·

1057 3412 1151 3446 tem
1184 3417 1373 3457 agrum.
1446 3403 1703 3449 Mereerus:
1746 3405 1952 3450 Thuria-

1056 3469 1152 3503 tem
1197 3475 1383 3516 agrum.
1471 3460 1728 3507 Chitletius:
1781 3478 1954 3520 suoque

1054 3518 1160 3588 regi
1185 3522 1352 3563 datum
1377 3518 1615 3564 Heliulem
1652 3534 1821 3571 agrum
1855 3537 1952 3566 ces-

1053 3590 1177 3625 stsse.
1710 3596 1712 3598 ¹
