2222 4030
1835 181 1960 265 2:13:
1979 182 2064 264 ⁷32:

242 249 248 254 .
294 195 418 253 312
957 184 1472 247 ANNALIUM

293 320 431 378 fisco
463 318 831 393 petebantur.
916 336 985 375 ea
1016 317 1209 394 prima
1234 314 1477 371 Tiberio
1503 332 1636 387 erga
1669 317 1980 390 pecuniam
2005 317 2159 374 alie-“

295 424 437 462 nam
471 402 777 476 diligentia
814 401 944 462 fuit.
1037 401 1207 460 Sosia
1252 399 1317 454 in
1365 400 1635 455 exsilium
1682 402 1924 474 pellitur
1955 398 2154 458 Asinii

300 488 466 547 Galli
490 488 807 558 sententia,
849 487 953 564 qui
969 498 1195 563 partem
1219 485 1515 540 bonorum
1538 485 1986 559 publicandam,
2016 508 2152 562 pars

296 586 365 631 ut
395 572 598 629 liberis
638 573 1097 649 relinqueretur,
1140 581 1458 628 censuerat.
1546 581 1749 626 contra
1783 569 1871 629 M.
1892 571 2153 646 Lepidus

299 669 567 735 quartam
622 658 1051 715 accusatoribus
1093 655 1416 730 secundum
1458 655 1947 712 necessitudinem
1994 657 2156 730 legis,

299 754 489 800 cetera
510 743 713 800 liberis
739 741 1036 800 concessit.
1120 736 1298 796 Hunc
1334 759 1436 813 ego
1462 738 1758 816 Lepidum
1793 742 2157 816 temporibus

301 827 424 884 illis
454 840 689 902 gravem
726 840 783 885 et
817 826 1140 901 sapientem
1174 825 1370 881 virum
1401 825 1578 881 fuisse
1621 826 1933 901 comperio,
2018 847 2159 883 nam

300 913 581 992 pleraque
605 914 681 970 ab
704 913 887 969 saevis
908 909 1349 971 adulationibus
1366 910 1627 966 aliorum
1650 911 1715 966 in
1736 912 1946 968 melius
1969 911 2157 970 flexit:

303 1018 496 1075 neque
522 1009 719 1056 tamen
745 995 1188 1070 temperamenti
1212 995 1439 1068 egebat,
1481 1015 1615 1051 cum
1638 997 1934 1071 aequabili
1959 1009 2163 1054 aucto-

304 1083 476 1140 ritate
513 1095 570 1140 et
601 1082 783 1156 gratia
819 1081 976 1155 apud
1001 1078 1312 1137 Tiberium
1342 1079 1609 1153 viguerit.
1694 1081 1856 1136 unde
1891 1081 2163 1138 dubitare

306 1187 511 1242 cogor,
553 1168 672 1225 fato
712 1177 766 1223 et
802 1177 954 1221 sorte
990 1165 1270 1221 nascendi
1303 1176 1372 1221 ut
1395 1176 1583 1221 cetera
1604 1164 1686 1221 ita
1708 1165 2046 1241 principum
2068 1167 2165 1222 in·-

307 1253 547 1310 clinatio
570 1252 636 1307 in
660 1248 798 1321 hos,
835 1250 1081 1307 offensio
1107 1251 1172 1306 in
1196 1251 1330 1307 illos
1347 1296 1363 1320 ,
1407 1270 1484 1307 an
1508 1249 1583 1307 sit
1605 1250 1833 1326 aliquid
1859 1251 1924 1306 in
1948 1252 2166 1308 nostris

309 1338 572 1394 consiliis
618 1336 906 1412 liceatque
954 1336 1112 1392 inter
1147 1336 1459 1410 abruptam
1499 1336 1929 1392 contumaciam
1967 1347 2023 1393 et
2062 1338 2166 1394 de·-

306 1423 495 1479 forme
520 1416 870 1498 obsequium
893 1440 1132 1497 pergere
1159 1421 1270 1477 iter
1303 1421 1624 1477 ambitione
1661 1441 1726 1478 ac
1759 1421 2034 1496 periculis
2063 1443 2169 1478 va-

309 1528 504 1566 cuum.
589 1501 671 1564 At
694 1505 1074 1563 Messallinus
1095 1504 1267 1564 Cotta
1291 1502 1454 1563 haud
1487 1506 1686 1563 minus
1718 1506 1888 1562 claris
1923 1507 2170 1564 maiori-

307 1593 446 1662 bm,
490 1592 590 1648 sed
618 1592 816 1648 animo
842 1592 1107 1648 diversus
1132 1591 1356 1648 censuit
1393 1592 1724 1648 cavendum
1758 1602 1990 1648 senatus
2025 1613 2170 1648 con-

308 1677 496 1747 sult0,
537 1687 606 1734 ut
632 1697 971 1753 quanquam
1002 1677 1263 1734 insontes
1287 1676 1659 1749 magistratus
1693 1688 1751 1733 et
1786 1677 1990 1752 culpae
2027 1678 2172 1734 alie-

309 1782 422 1818 nae
476 1762 662 1818 nescii
713 1762 1180 1838 provincialibus
1227 1782 1480 1820 uxorum
1528 1761 1877 1819 criminibus
1927 1763 2172 1838 perinde

313 1867 492 1924 quam
513 1847 633 1903 suis
656 1849 1069 1923 plecterentur.

482 1930 648 1992 XXI.
690 1932 909 1990 Actum
942 1929 1158 1989 dehinc
1194 1932 1268 1987 de
1295 1929 1620 2007 Calpurnio
1644 1930 1861 1988 Pisone
1888 1933 2080 1989 nobili
2108 1954 2173 1990 ac

311 2017 494 2074 feroci
515 2017 664 2078 viro.
748 2017 799 2074 is
833 2038 1116 2095 namque,
1153 2029 1221 2075 ut
1243 2018 1470 2088 rettuli,
1514 2038 1813 2086 cessurum
1838 2037 1896 2073 se
1923 2020 2070 2074 urbe
2097 2020 2174 2075 ob

310 2103 593 2159 factiones
629 2115 1032 2160 accusatorum
1066 2103 1132 2158 in
1167 2114 1373 2159 senatu
1409 2103 1836 2171 clamitaverat,
1892 2113 1947 2159 et
1983 2116 2177 2178 spreta

313 2187 577 2262 potentia
613 2182 911 2261 Augustae
946 2183 1178 2245 trahere
1221 2187 1287 2243 in
1323 2187 1415 2244 ius
1453 2186 1844 2262 Urgulaniam
1882 2188 2177 2264 domoque

313 2271 600 2348 principis
640 2274 828 2328 excire
862 2293 1036 2330 ausus
1073 2285 1212 2332 erat.
1300 2293 1447 2349 quae
1486 2273 1552 2328 in
1585 2292 1860 2348 praesens
1895 2271 2177 2329 Tiberius

316 2356 571 2414 civiliter
605 2353 841 2415 habuit:
888 2358 988 2413 sed
1018 2357 1083 2412 in
1110 2354 1310 2413 animo
1347 2359 1688 2414 revolvente
1725 2358 1873 2427 iraS,
1917 2359 2095 2415 etiam
2130 2360 2181 2414 si

317 2440 569 2517 impetus
603 2441 946 2498 offensionis
981 2441 1316 2515 languerat,
1359 2443 1643 2498 memoria
1674 2443 1922 2500 valebat.
2007 2440 2181 2499 Piso-

317 2546 458 2586 nem
483 2524 558 2599 Q.
579 2524 841 2584 Granius
866 2526 1072 2584 secreti
1097 2527 1383 2583 sermonis
1409 2526 1700 2583 incusavit
1721 2528 2030 2583 adversum
2050 2549 2180 2585 ma-

377 2718 436 2746 ea
451 2703 626 2759 prima.
680 2700 799 2745 Nam
821 2700 925 2747 vide
946 2716 1071 2759 supr.
1085 2700 1126 2753 3,
1144 2701 1209 2744 18.

374 2769 563 2815 partem
582 2763 825 2803 bonorum.
868 2759 1036 2816 Accipe
1059 2759 1112 2802 de
1134 2761 1212 2802 bo-

320 2817 391 2866 nis
413 2817 585 2862 Sosiae.

376 2879 634 2918 secundum
665 2875 1051 2918 necessitudinem
1083 2875 1210 2928 legis.

322 2931 396 2975 Se.
423 2932 480 2975 de
503 2933 755 2986 maiestate3
776 2949 879 2976 nam
901 2941 1063 2975 cuncta
1084 2947 1213 2988 quae·

274 3022 280 3028 ι
321 2990 467 3033 stione
516 2991 754 3033 maiestatis
813 2989 1014 3033 exercita.
1110 2989 1213 3033 Vid.

323 3063 448 3104 supr.
482 3064 520 3091 c.
555 3047 625 3092 19.
660 3057 767 3090 extr.
827 3047 899 3090 De
931 3047 1050 3095 hisce
1083 3062 1215 3104 prae-

322 3105 437 3150 miis*-
469 3112 783 3148 accusatorum
831 3105 891 3149 cf.
937 3103 1062 3146 Suet.
1111 3103 1196 3146 Tib

325 3178 366 3206 c.
399 3161 472 3204 61.
544 3161 635 3206 Dio
668 3161 737 3214 57,
774 3162 840 3205 19.
909 3161 1074 3210 Noster
1110 3134 1216 3205 infr:

325 3218 676 3330 e⁸1331?'Lepidus,
739 3276 843 3319 Vid.
866 3284 961 3319 not.
985 3275 1040 3319 ad
1066 3277 1104 3324 1,
1121 3274 1190 3321 13.

381 3333 629 3388 comperio.
691 3331 768 3376 Sic
789 3333 888 3376 edd.
905 3333 1105 3376 Rhenan.
1120 3348 1220 3399 sqq.

325 3389 439 3434 Edd.
462 3389 669 3434 Beroald.
706 3390 807 3433 Alc.
843 3390 1118 3445 comperior.
1163 3399 1225 3435 ita

328 3456 371 3491 et
396 3448 578 3492 Sallust.
602 3447 697 3506 lug.
727 3462 766 3490 c.
784 3446 859 3490 45.
891 3448 1136 3490 Metellum
1168 3471 1225 3480 —-

1285 2702 1557 2755 comperior.
1618 2701 1731 2743 Ibid.
1760 2717 1799 2745 c.
1829 2701 1925 2745 108.
1968 2700 2065 2744 Sed
2099 2719 2181 2758 ego

1285 2762 1545 2813 comperior
1573 2759 1807 2801 Bocchum
1829 2791 1840 2802 .
1859 2790 1868 2800 .
1886 2791 1895 2801 .
1927 2762 2181 2803 attinuisse

1286 2826 1406 2916 ete.7
1435 2817 1604 2859 Verum
1639 2815 1696 2858 cf.
1723 2815 1847 2863 Cort.
1872 2816 1924 2859 ad
1948 2817 2056 2861 Sall.
2081 2819 2180 2876 lug.

1285 2890 1324 2918 α.
1346 2877 1522 2986 rigebat.
1585 2910 1667 2974 Gr.
1694 2929 1905 2989 ἀπορεῖν.
1983 2972 1987 2975 ,

1344 2995 1541 3031 senatus
1581 2991 1802 3031 consulto.
1875 2989 2100 3032 Victorius
2134 2989 2182 3031 in

1287 3047 1474 3104 exempl.
1505 3063 1584 3088 suo
1608 3046 1813 3088 Beroald.
1841 3048 2030 3089 correxit
2058 3048 2106 3089 S.
2134 3047 2182 3089 C.

1287 3104 1456 3147 Eodem
1485 3103 1756 3161 compendio
1782 3103 1921 3145 utitur
1943 3103 2044 3145 cod.
2061 3105 2182 3147 Flor.

1287 3161 1370 3203 litt.
1395 3161 1531 3218 Lang.
1558 3177 1669 3211 scr„
1702 3169 1751 3202 ut
1773 3158 1862 3202 suis
1887 3160 1995 3203 locis
2020 3161 2182 3203 videbi-

1292 3234 1462 3374 Ξξὲρ,
1495 3274 1567 3320 21.
1628 3281 1679 3315 ut
1723 3275 1895 3318 rettuli.
1955 3273 2017 3319 cf.
2055 3292 2179 3334 supr.

1324 3366 1336 3385 ⁹
1350 3364 1572 3431 Pisonem
1589 3388 1646 3446 Q.
1664 3387 1890 3431 Granius.
1950 3388 2012 3430 Ex
2035 3406 2182 3432 emen-

1297 3447 1474 3490 datione
1495 3445 1649 3503 Lipsii.
1711 3445 1838 3489 Olim
1862 3446 2080 3489 Beroaldo
2109 3464 2181 3489 au,

325 3521 552 3561 magnum
569 3513 616 3550 et
630 3505 894 3563 sapientem
918 3506 1069 3552 virum
1073 3505 1228 3566 fuisse
1298 3513 1424 3550 ctore
1453 3503 1688 3549 edebatur=
1728 3503 2036 3560 Pisonemque
2066 3520 2182 3561 gra-
