2222 4030
192 1134 206 1148 “
277 1130 579 1188 vidissent.

1826 232 1881 271 A.
1900 234 1953 268 U.
1966 234 2044 269 772.

1826 276 1877 312 A.
1898 277 1945 315 C.
1987 279 2046 314 19.

279 236 405 296 204
957 227 1462 295 ANNALIUM

282 377 472 442 cupat.
539 361 691 420 Nam
717 354 990 423 admixtis
1014 365 1408 421 desertoribus
1435 375 1491 420 et
1517 363 1715 422 tirone
1739 386 1928 443 nuper
1949 370 2133 427 inter-
2208 358 2219 405 ss·

280 462 446 525 cepto
470 449 704 524 suisque
731 459 785 507 et
806 447 1123 506 Plancinae
1149 450 1397 506 servitiis
1423 450 1637 505 auxilia
1659 448 1942 522 Cilicum,
1986 474 2134 531 quae

280 535 471 609 reguli
525 534 834 603 miserant,
901 535 966 591 in
1033 555 1348 589 numerum
1402 535 1648 608 legionis
1709 552 2131 612 composuerat.

279 619 656 695 Caesarisque
699 638 756 674 se
796 620 1048 692 legatum
1094 619 1413 676 testabatur
1464 621 1799 694 provincia,
1866 644 2043 699 quam
2083 624 2133 679 is

281 705 560 774 dedisset,
619 705 802 782 arceri
833 724 955 759 non
993 723 1025 758 a
1058 703 1387 775 legionibus
1429 701 1656 781 (earum
1695 707 1912 782 quippe
1948 709 2134 765 accitu

277 787 539 867 venire),
582 789 682 844 sed
724 809 756 844 a
783 788 985 845 Sentio
1021 788 1318 862 privatum
1355 790 1558 845 odium
1592 791 1752 846 falsis
1787 794 2135 850 criminibus

278 886 523 949 tegente.
610 874 992 930 consisterent
1021 873 1086 927 in
1111 873 1259 942 acie,
1303 894 1428 930 non
1456 877 1802 949 pugnaturis
1830 879 2134 947 militibus,

211 963 213 965 ’
277 961 386 1018 ubi
408 958 791 1033 Pisonemxab
820 957 961 1031 ipsis
994 969 1297 1032 parentem
1326 960 1627 1034 quondam
1657 963 2042 1035 appellatum,
2086 964 2136 1019 si
2160 1021 2162 1024 ,

279 1045 409 1102 iure
471 1055 764 1118 ageretur,
837 1041 1159 1116 potiorem,
1225 1043 1273 1097 si
1337 1044 1544 1112 armiS,
1621 1065 1745 1101 non
1807 1047 2136 1104 invalidum

668 1126 823 1182 Tum
851 1147 958 1201 pro
993 1127 1381 1184 munimentis
1416 1129 1637 1185 castelli
1670 1132 2005 1206 manipulos
2039 1153 2137 1189 ex-

277 1216 459 1292 plicat
490 1213 637 1270 colle
678 1212 862 1267 arduo
896 1224 951 1269 et
989 1213 1264 1286 derupto:
1310 1234 1449 1270 nam
1488 1225 1676 1271 cetera
1705 1217 1855 1271 mari
1888 1217 2139 1291 cingun-

280 1312 393 1360 tur.
489 1296 710 1355 Contra
759 1298 1025 1353 veterani
1075 1298 1386 1355 ordinibus
1421 1320 1486 1355 ac
1524 1301 1802 1356 subsidiis
1846 1301 2135 1362 instructi.

278 1382 419 1445 hinc
445 1384 732 1450 militum,
775 1382 916 1443 inde
943 1383 1209 1439 locorum
1236 1385 1532 1458 asperitas,
1605 1386 1706 1441 sed
1732 1407 1856 1442 non
1883 1388 2136 1457 animUS,

279 1491 403 1528 non
431 1488 559 1544 spes
576 1514 592 1537 ,
636 1487 711 1522 ne
740 1467 854 1522 tela
880 1468 1119 1543 quidem
1145 1468 1264 1523 nisi
1290 1470 1534 1541 agrestia
1564 1471 1639 1526 ad
1678 1472 1938 1528 subitum
1962 1493 2135 1529 usum

276 1565 602 1632 properata.
701 1564 769 1609 ut
805 1573 1018 1608 venere
1058 1553 1123 1607 in
1159 1574 1397 1624 manus,
1452 1575 1576 1611 non
1609 1556 1765 1612 ultra
1802 1558 2137 1615 dubitatum

278 1661 457 1717 quam
504 1640 647 1695 dum
680 1635 987 1711 Romanae
1024 1634 1292 1695 cohortes
1338 1640 1402 1695 in
1451 1660 1706 1716 aequum
1755 1642 2136 1702 eniterentur.

275 1735 515 1782 vertunt
544 1735 703 1796 terga
726 1721 938 1779 Cilices
966 1743 1140 1799 seque
1168 1725 1401 1780 castello
1429 1725 1729 1785 claudunt.
1957 1743 1965 1746 ⁷

442 1849 718 1912 LXXXI.
805 1848 1051 1907 Interim
1081 1850 1218 1909 Piso
1247 1855 1488 1909 classem
1522 1850 1683 1911 haud
1719 1857 1928 1931 procul
1957 1877 2138 1932 oppe-

274 1939 525 1996 rientem
548 1938 884 2011 adpugnare
919 1937 1132 1993 frustra
1168 1940 1437 1995 tentavit:
1483 1959 1894 2017 regressusque
1935 1953 1992 1998 et
2027 1962 2135 2016 pro

275 2025 466 2081 muris
499 2024 680 2080 modo
719 2033 902 2078 semet
938 2022 1325 2095 adflictandO,
1377 2026 1557 2082 modo
1597 2026 1860 2100 singulos
1883 2027 2136 2098 ‘nomine

1445 2245 1567 2289 Suet.
1598 2245 1682 2289 lul.
1726 2262 1764 2290 c.
1786 2246 1838 2289 61
1865 2253 1908 2288 et
1937 2246 2008 2290 78.
2045 2262 2136 2301 pro

1239 2306 1468 2358 gradibus
1502 2304 1687 2355 palatii.
1765 2304 1828 2346 ld.
1863 2303 1981 2346 Nero
2024 2320 2062 2347 c.
2091 2305 2133 2348 8.

1243 2363 1333 2404 Vit.
1376 2378 1416 2405 c.
1453 2361 1517 2404 15.
1545 2377 1636 2417 pro
1658 2361 1865 2417 foribus.
1936 2362 2001 2405 Id.
2033 2362 2134 2406 Tib.

1242 2435 1280 2462 e.
1303 2418 1373 2462 32.
1426 2418 1549 2462 Otho
1578 2435 1616 2462 c.
1645 2419 1687 2463 3.
1739 2419 1826 2461 Vit.
1859 2435 1897 2461 e.
1922 2420 1987 2462 16.
2039 2420 2137 2463 No-

1241 2485 1337 2519 ster
1368 2477 1434 2525 12,
1459 2477 1530 2518 29.
1561 2490 1654 2530 pro
1685 2477 1810 2531 ''12002‘
1861 2478 1925 2527 14,
1951 2477 2020 2519 30.
2048 2493 2136 2532 pro

1241 2536 1378 2575 litore
1391 2551 1406 2585 ;
1461 2535 1528 2585 12,
1562 2532 1630 2575 33.
1673 2548 1766 2588 pro
1808 2536 2111 2577 munimentis
2123 2552 2139 2586 ,-

1242 2593 1352 2648 Agr.
1389 2607 1426 2633 e.
1461 2590 1529 2632 35.
1561 2604 1651 2642 pro
1693 2592 1836 2632 vallo.
1921 2591 2013 2634 lam
2044 2607 2136 2646 pro

1242 2649 1391 2690 muris
1428 2649 1579 2705 accipe
1618 2648 1671 2690 de
1707 2647 1870 2690 Pisone
1903 2649 2019 2692 intra
2059 2666 2135 2692 ca-

1235 2704 1422 2748 ‘stellam
1448 2714 1548 2748 ante
1571 2721 1724 2748 muros
1747 2705 1791 2747 h.
1817 2722 1854 2747 e.
1888 2714 1988 2748 ante
2017 2707 2134 2748 muri

1220 2253 1226 2260 ‘
1241 2249 1373 2290 aede.

277 2261 300 2289 a
338 2244 398 2287 ud
438 2242 651 2286 Pellerin.
704 2242 751 2285 in
794 2241 925 2286 Asiae
971 2243 1060 2286 tab.
1097 2243 1168 2287 73.

274 2261 395 2347 Eque
416 2300 625 2345 Oberlin.
651 2299 857 2343 restituit.
918 2300 1006 2343 Res
1038 2301 1169 2345 levis-

275 2362 377 2405 simi
400 2357 634 2405 momenti.
1133 2356 1140 2364 '

335 2432 478 2475 quam
510 2418 566 2460 is.

276 2476 362 2520 vis.
701 2523 704 2527 ,

329 2538 593 2589 parentem.
651 2530 784 2588 Supr.
811 2547 849 2574 e.
870 2529 938 2572 55.

334 2593 483 2634 arduo
515 2597 561 2631 et
589 2591 797 2642 derupta.
858 2586 992 2632 Roth.
1026 2606 1070 2648 p.
1101 2589 1168 2633 14.

275 2649 395 2693 inter
435 2662 686 2705 synonyma
716 2643 880 2697 refert,
927 2663 1023 2689 non
1066 2649 1171 2690 satis

637 2414 721 2458 Ed.
752 2414 961 2457 Beroald.
995 2432 1170 2473 quom-

206 3398 211 3409 .
277 3375 395 3420 hosti
440 3389 660 3417 aversum.

276 2715 415 2751 recte.

335 2779 382 2820 in
409 2790 614 2832 aequum
630 2775 942 2817 eniterentur.
1010 2774 1077 2818 Ut
1111 2775 1170 2819 ita

276 2850 470 2935 {nequum
518 2848 624 2876 cum
668 2831 920 2876 Pisonianis
965 2841 1171 2875 tenerent

296 2908 442 2936 ocum.

337 2961 449 3006 CAP.
473 2962 542 3004 81.
601 2963 893 3014 adpugnare.
954 2958 1030 3003 Sic
1067 2961 1168 3004 cod.

276 3018 378 3062 MS.
401 3019 499 3064 edd.
524 3017 738 3060 Beroald.
759 3017 899 3060 Rhen.
923 3018 1023 3060 Ald.
1051 3018 1171 3076 Lips:

278 3077 404 3120 1574.
464 3076 581 3119 Dein
605 3075 852 3134 inrepserat
880 3076 1168 3130 oppugnrire.

275 3132 509 3178 Ernestius
541 3142 782 3190 praeeunte
819 3133 904 3176 lac.
934 3131 1168 3175 Gronovio

277 3190 473 3293 {Estitlugit
524 3193 813 3244 adpugnare.
905 3188 965 3232 cf.
999 3190 1050 3242 4,
1095 3191 1167 3233 48.

337 3330 674 3372 regressusque.
733 3317 843 3362 Scil.
878 3335 957 3377 per
986 3327 1169 3376 portum

750 3374 863 3419 Nam
905 3376 1172 3432 Κελένδερις

215 3452 218 3460 ’
278 3430 412 3482 πόλις
432 3433 596 3490 λιμένα
621 3431 805 3489 ἔχουσα.
866 3433 1026 3478 Strabo
1055 3434 1085 3476 l.
1110 3434 1140 3476 l.

331 3519 421 3560 pro
445 3502 614 3546 muris.
662 3502 759 3545 Pro
778 3512 827 3547 ut
849 3520 1060 3560 graecum
1081 3500 1170 3562 πρό

279 3561 401 3610 valet-
435 3562 490 3607 de
528 3559 658 3610 loeo.
693 3569 794 3605 ante
819 3577 979 3620 quem,
1008 3570 1057 3605 ut
1081 3577 1172 3618 pro

1244 2763 1430 2805 loricam
1458 2763 1516 2804 ita
1540 2761 1761 2812 adstante,
1793 2772 1843 2804 ut
1865 2779 1968 2806 cum
1992 2763 2138 2807 hosti-

1243 2821 1327 2862 bus
1364 2819 1563 2877 colloqui
1596 2830 1759 2877 posset.
1839 2820 2004 2863 Melius
2041 2837 2136 2865 rem

1243 2876 1488 2934 intelliges,
1531 2876 1567 2919 si
1602 2876 1808 2934 relegeris
1845 2878 1998 2936 Veget.
2027 2880 2067 2930 4,
2093 2879 2134 2922 3.

1243 2934 1322 2976 Sic
1353 2934 1464 2976 Hist.
1498 2933 1538 2982 3,
1572 2934 1640 2977 31.
1674 2938 1948 2976 velamenta
1983 2943 2027 2978 et
2060 2937 2134 2978 in-

1229 2992 1368 3049 sulas
1383 3007 1474 3045 pro
1498 2992 1649 3034 muris
1674 2999 1922 3035 ostentant.
1980 2994 2067 3036 An.
2093 2995 2136 3042 2,

1245 3049 1313 3092 18.
1344 3057 1592 3104 postquam
1629 3051 1816 3102 crebras
1841 3064 1934 3102 pro
1975 3053 2133 3094 muni-

1243 3108 1414 3148 mentis
1424 3109 1635 3149 cohnrtes
1652 3106 1784 3160 (intra
1802 3115 1942 3148 castra
1961 3124 2134 3151 versan-

1240 3167 1324 3218 tes)
1378 3171 1423 3204 εἰ
1473 3164 1598 3205 nihil
1637 3163 1886 3205 remissum
1933 3179 2135 3210 sensere.

1244 3220 1380 3275 Quod
1398 3219 1728 3262 Freinshemius
1750 3220 2000 3277 suspicatur
2017 3232 2136 3268 extra

1243 3277 1474 3320 castellum
1502 3293 1786 3335 progressum
1800 3277 2008 3321 Pisonem
2023 3313 2034 3330 ,
2061 3282 2134 3323 in-

1245 3343 1397 3392 eptum
1422 3342 1500 3376 est.
1562 3334 1677 3377 Nam
1702 3343 1801 3377 tuto
1834 3351 1930 3377 non
1965 3345 2135 3393 poterat

1244 3402 1286 3435 et
1326 3391 1613 3435 commodius
1649 3391 1758 3435 haec
1794 3392 1964 3435 invidia
2003 3393 2136 3438 fiebat

1244 3465 1296 3491 ex
1331 3448 1419 3492 alto
1450 3457 1493 3491 et
1528 3449 1613 3493 late
1640 3457 1882 3504 conspecto
1920 3448 2047 3502 loco,
2086 3461 2136 3496 ut

1244 3506 1359 3550 bene
1381 3508 1586 3551 observat
1602 3507 1636 3550 I.
1649 3507 1723 3550 Fr.
1739 3505 2011 3550 Gronovius.
2065 3505 2135 3552 Ne

1242 3572 1395 3608 tamen
1417 3563 1671 3623 germanice
1694 3571 1924 3608 convertas
1943 3566 2040 3622 auf
2046 3570 2136 3609 den
