2222 4030
189 193 417 275 {23:⁷33
611 190 928 256 LIBJVJ.
981 189 1210 255 'CAR
1240 192 1345 255 47.
1373 192 1478 255 48.
1850 183 1978 254 429
2003 248 2007 251 ,

35 326 40 329 ’
108 330 191 387 ad
225 335 493 385 senatum
529 325 696 381 missi
732 322 1028 392 ferebant,
1070 323 1390 400 nullaeque
1420 323 1485 379 in
1521 340 1621 380 eos
1660 322 1981 398 imperato-

99 416 199 471 'ris
228 415 459 470 litterae
493 410 892 486 suspicionem
918 409 1141 465 dabant
1166 408 1432 466 invalido
1455 404 1522 465 ac
1543 408 1788 466 fortasse
1810 407 1981 482 igna-

111 521 181 557 ro
228 499 361 554 ficta
405 497 687 573 pleraque
724 496 804 551 ob
839 493 1180 550 inimicitias
1219 491 1523 550 Macronis
1555 504 1727 552 notas
1759 492 1827 550 in
1860 490 1981 551 Ar-

112 583 403 641 runtium.
1567 627 1574 637 .
1680 631 1686 637 .

188 719 193 724 ,
284 664 568 727 XLVIII.
650 663 839 739 Igitur
874 661 1176 721 Domitius
1214 662 1623 721 defensionem
1665 663 1982 735 meditans,

112 752 384 822 Marsus,
424 763 708 826 tanquam
745 749 1007 807 inediam
1044 747 1476 818 destinavisset,
1526 749 1860 824 produxere
1887 750 1984 822 vi-

115 851 264 898 tam:
307 834 636 894 Arruntius
666 834 1104 893 cunctationem
1127 844 1184 891 et
1206 853 1402 893 moras
1424 834 1811 893 suadentibus
1832 835 1984 911 ami-

115 923 199 980 cis
223 942 350 980 non
368 923 580 983 eadem
602 921 884 978 omnibus
909 921 1123 976 decora
1147 918 1479 995 respondit:
1523 919 1639 976 sibi
1661 921 1801 979 satis
1825 928 1987 979 aeta-

116 1008 222 1078 tis,
266 1027 460 1083 neque
481 1007 646 1063 aliud
675 1006 1102 1082 poenitendum
1126 1024 1307 1083 quam
1337 1004 1498 1081 quod
1534 1004 1690 1062 inter
1721 1006 1987 1065 ludibria

118 1106 178 1151 et
222 1093 485 1168 pericula
527 1092 762 1149 anxiam
807 1101 1099 1148 senectam
1144 1089 1535 1160 toleravisset,
1598 1090 1704 1147 diu
1746 1090 1990 1165 Seiano,

117 1198 279 1235 nunc
317 1176 628 1247 Macroni,
690 1197 921 1252 semper
961 1175 1140 1232 alicui
1175 1175 1509 1251 potentium
1542 1175 1801 1247 invisus,
1860 1184 1989 1236 non

117 1264 323 1339 culpa,
375 1265 479 1320 sed
518 1274 586 1320 ut
618 1262 980 1335 flagitiorum
1014 1261 1348 1336 impatiens,
1457 1258 1615 1319 Sane
1665 1281 1885 1337 paucos
1932 1274 1991 1322 et

119 1367 426 1424 supremos
471 1347 763 1423 principis
813 1347 941 1404 dies
986 1366 1158 1421 posse
1210 1345 1414 1403 vitari:
1483 1348 1991 1423 quemadmodum

121 1454 432 1491 evasurum
460 1432 829 1489 imminentis
852 1431 1193 1490 iuventam?
1245 1451 1350 1501 an,
1391 1452 1528 1489 cum
1551 1430 1830 1492 Tiberius
1856 1445 1992 1511 post

104 1531 346 1578 ,tantam
385 1538 587 1575 rerum
625 1517 1047 1594 experientiam
1086 1517 1150 1572 vi
1196 1516 1625 1575 dominationis
1670 1520 1992 1578 convulsus

122 1617 182 1662 et
213 1615 477 1662 mutatus
503 1603 608 1673 sit,
649 1601 718 1663 C.
742 1601 1052 1661 Caesarem
1079 1602 1177 1659 vix
1200 1602 1367 1660 finita
1389 1603 1674 1678 pueritia,
1714 1604 1992 1678 ignarum

121 1690 395 1747 omnium
429 1700 532 1746 aut
563 1689 834 1764 pessimis
859 1688 1248 1757 innutritum,
1287 1688 1540 1746 meliora
1568 1682 1994 1765 capessiturum

120 1774 408 1835 Macrone
442 1774 629 1832 duce?
683 1775 790 1851 qui
827 1787 894 1833 ut
929 1773 1187 1831 deterior
1219 1774 1296 1830 ad
1332 1774 1794 1849 opprimendum
1826 1775 1996 1835 Seia-

123 1881 271 1920 num
299 1861 560 1918 delectus
595 1860 769 1935 plura
797 1880 904 1935 per
938 1859 1157 1916 scelera
1190 1878 1316 1915 rem
1351 1860 1654 1934 publicam
1689 1861 1995 1920 conflicta·-

124 1947 322 2007 visset.
408 1956 780 2021 prospectare
803 1946 920 2004 iam
948 1965 1008 2002 se
1029 1945 1224 2003 acrius
1245 1944 1553 2002 servitium
1581 1966 1769 2023 eoque
1791 1949 1994 2022 fugene

124 2032 301 2089 simul
325 2042 450 2089 acta
471 2042 539 2090 et
563 2030 862 2091 instantia.
948 2028 1110 2087 Haec
1150 2030 1300 2087 vatis
1333 2030 1399 2086 in
1436 2032 1685 2089 modum
1719 2033 1998 2092 dictitans

125 2137 305 2174 venas
330 2117 591 2176 resolvit.
673 2113 1048 2173 Documento
1071 2115 1374 2192 sequentia
1396 2125 1571 2174 erunt
1590 2117 1742 2174 bene
1757 2113 1998 2176 Arrun-

126 2203 277 2265 tium
302 2213 492 2259 morte
516 2221 710 2262 usum.
796 2197 1098 2259 Albucilla
1123 2200 1304 2259 inrito
1337 2200 1462 2259 ictu
1497 2220 1531 2258 a
1564 2212 1749 2260 semet
1783 2203 1999 2262 vulne-

130 2299 252 2345 rata
290 2287 454 2344 iussu
492 2299 728 2344 senatus
765 2286 830 2343 in
863 2306 1154 2345 carcerem
1187 2286 1393 2345 fertur.
1491 2295 1834 2362 stuprorum
1872 2290 1998 2348 eius

126 2373 415 2442 ministri,
471 2370 777 2429 Carsidius
816 2370 1102 2430 Sacerdos
1147 2371 1479 2449 praetorius
1520 2381 1589 2427 ut
1636 2372 1701 2428 in
1740 2372 2000 2451 insulam

130 2459 567 2535 deportaretur,
648 2455 900 2518 Pontius
946 2454 1329 2531 Fregellanus
1378 2454 1670 2516 amitteret
1724 2459 1999 2523 ordinem

188 2675 303 2719 Car.
331 2675 404 2717 48.
469 2686 648 2717 moras.
716 2672 795 2716 Sic
820 2672 922 2717 edd.
948 2673 1030 2715 Be·
1102 2671 1212 2716 haec
1243 2671 1404 2731 accipit
1431 2679 1480 2716 ut
1511 2672 1563 2718 ἓν
1585 2671 1664 2719 διὰ
1686 2674 1848 2733 δυοῖν,
1874 2692 1996 2736 pau-

133 2733 275 2776 roald.
314 2732 412 2776 Alc.
451 2730 595 2773 Rhen.
632 2746 733 2790 sqq.
805 2728 1029 2774 Nonnulli
1102 2744 1179 2773 cos
1198 2743 1447 2785 supremos
1466 2734 1580 2777 dies.

132 2790 235 2836 libri
270 2789 435 2834 habent
470 2803 674 2831 moram.
758 2786 1019 2831 Cunctaeto-
1162 2789 1522 2844 capessiturum.
1570 2789 1654 2836 Ed.
1669 2791 1774 2839 ΑΜ.
1797 2797 1999 2852 capesci-

131 2864 241 2891 nem
285 2855 330 2890 et
373 2860 549 2889 moras.
621 2845 900 2903 Synonyma.
970 2844 1030 2892 cs.
1103 2851 1278 2890 turum.
1851 2887 1854 2894 ,

135 2905 270 2950 noth.
304 2920 347 2963 p.
372 2906 415 2948 8.
1160 2918 1191 2944 a
1219 2910 1379 2947 semet.
1436 2902 1500 2948 Ex
1536 2907 1851 2955 emendatione
1883 2909 1999 2958 Rhe.

205 2989 416 3034 ‚cretata
473 2986 1030 3034 steedd.1xer021‹1.A1c.
1102 2958 1225 3005 '¹²⁰³-
1307 2959 1421 3005 ΕΜ·
1454 2960 1667 3010 Be‘fflffl·
1698 2965 1801 3014 ²⁸¹⁶·
1832 2967 1892 3013 σὺ
1918 2966 1995 3015 ἐ’-

738 3045 748 3054 .
896 3046 903 3055 .
1182 3024 1213 3063 l.

134 3045 649 3154 {32:⁶‚⁰²·.:¹.;.2‘¹:³;.2,‘‚³:::32
663 3044 1029 3159 {232155'222131
1102 3031 1404 3120 mam..
1433 3078 1682 3127 sm·-
1758 3081 1878 3130 ΕΜ·
1913 3069 1995 3135 1³2·

139 3163 223 3208 ein:
252 3164 464 3219 ..m-...10
486 3164 639 3206 vario·
1101 3132 1359 3234 'efflas-{Ji
1361 3133 1669 3239 ‘sffss'jssfflq’
1682 3155 1817 3243 5:13?
1817 3141 1996 3248 ἕὶέἔῗιὶ

194 3261 453 3303 supremos.
513 3244 590 3288 Sic
620 3243 723 3288 edd.
759 3242 902 3288 Rben.
930 3261 1027 3304 sqq.
1101 3262 1199 3351 stbq.
1226 3248 1467 3295 Canidius
1484 3252 1536 3298 S.
1598 3252 1711 3300 Vide
1736 3263 1832 3302 not.
1863 3257 1921 3303 ad
1949 3256 1995 3316 4,

141 3302 252 3347 ΕΜ.
279 3303 486 3347 Beroatd.
534 3300 634 3346 Alc.
666 3318 842 3356 paucos
871 3311 916 3345 ct
948 3318 1031 3346 su·
1107 3309 1126 3349 1
1165 3336 1177 3349 .

134 3377 306 3416 premo
323 3363 549 3415 principis
582 3362 704 3409 ἀίω,
735 3360 856 3418 quod
882 3359 1027 3404 Rhen.
1157 3366 1503 3420 deportaretur.
1562 3366 1639 3413 Sic
1666 3368 1766 3416 edd.
1787 3369 1991 3420 Rhenan.

138 3419 184 3463 in
210 3419 423 3477 castigant.
456 3419 632 3477 exponit
648 3432 662 3461 τ
703 3433 911 3477 „panton
935 3419 1028 3461 dies
1100 3437 1120 3463 ι
1154 3437 1197 3480 q.
1241 3425 1520 3478 ‹lepor-eatur
1543 3425 1867 3476 edd.Beronld.
1885 3430 1992 3478 Alc.

137 3484 178 3518 et
215 3493 321 3534 pro,
367 3476 412 3519 id
443 3485 506 3521 est
551 3491 758 3536 suprema
796 3476 1028 3535 principis.
1144 3479 1330 3525 ictor-ius
1354 3479 1401 3525 in
1424 3497 1460 3526 ι.
1483 3496 1548 3527 ex.
1572 3498 1692 3529 corr.
1717 3488 1991 3546 deportare-

138 3534 456 3592 Appositive.”
523 3534 659 3578 Mane.
722 3533 857 3578 Roth.
886 3550 930 3592 p.
957 3535 1026 3578 56.
1101 3543 1194 3581 tur.
