2222 4030
240 218 368 284 218

835 218 837 220 ’
911 217 1426 281 ANNALIUM

240 355 405 422 som,
446 351 751 407 laudatum
782 370 891 425 pro
923 351 1159 409 rostris:

241 451 346 496 aut
382 455 531 513 quae
565 435 787 510 posteri
820 434 1184 505 invenerint,
1228 435 1541 494 cumulata.

1792 219 1839 256 A&
1862 220 1916 256 U.
1936 217 2016 258 773.

1727 265 1741 297 Ι
1786 265 1841 303 A.
1863 264 1910 300 C.
1955 267 2017 300 20.

1204 362 1413 407 cuncta
1439 370 1473 405 a
1501 352 1827 410 maioribus
1851 369 2102 430 reperta,

1628 434 1710 495 At
1747 437 2102 499 Germanico

242 545 319 580 ne
363 522 566 579 solitos
590 521 839 597 quidem
878 533 934 578 et
973 522 1302 596 cuicunque
1338 521 1530 577 nobili
1574 523 1803 580 debitos
1847 521 2106 583 honores

231 600 570 681 contigisse.
622 626 759 662 sane
793 627 1004 681 corpus
1040 608 1116 662 ob
1154 606 1647 682 longinquitatem
1685 610 1967 667 itinerum
2007 633 2106 668 ex-

239 693 424 753 ternis
447 691 620 748 terris
643 708 880 768 quoquo
901 692 1077 746 modo
1103 702 1451 747 crematum:
1496 687 1596 748 sed
1619 705 1782 751 tanto
1804 698 1977 771 plura
2000 699 2106 752 de—

242 799 378 837 cora
404 798 540 834 mox
565 777 749 834 tribui
772 797 879 852 par
899 776 1107 844 fuisse,
1150 787 1369 851 quanto
1404 778 1596 851 prima
1615 781 1736 836 fors
1761 783 2103 855 negavisset.

240 885 367 922 non
387 864 629 920 fratrem
650 862 766 917 nisi
788 861 965 917 unius
991 860 1110 915 diei
1122 861 1236 930 via,
1261 882 1385 918 non
1406 875 1684 936 patruum
1709 867 1912 922 saltem
1935 880 2103 942 porta

239 963 413 1008 tenus
457 948 722 1006 obvium.
784 947 890 1002 ubi
930 946 1031 1000 illa
1065 957 1332 1003 veterum
1378 947 1674 1018 instituta,
1739 954 2102 1026 propositam

239 1047 371 1094 toro
397 1033 675 1107 effigiem,
713 1031 990 1087 meditata
1018 1031 1091 1086 ad
1113 1031 1462 1089 memoriam
1483 1034 1720 1090 virtutis
1754 1039 2013 1094 carmina
2049 1050 2104 1094 et

238 1119 608 1178 laudationes
632 1129 687 1173 et
712 1117 981 1172 lacrimas
1001 1117 1096 1172 vel
1117 1118 1342 1174 doloris
1367 1119 1772 1176 imitamenta?

243 1311 472 1358 adfinitate
494 1319 643 1353 tamen
669 1315 710 1351 et
734 1307 887 1354 Liviae
907 1308 1136 1351 matrimo-

238 1372 319 1415 nio
355 1368 576 1428 particeps
619 1366 781 1409 domus
824 1366 1137 1422 imperatoriae

240 1438 284 1474 et
313 1444 395 1486 pro
427 1440 606 1469 summo
629 1424 827 1466 eiusdem
855 1426 1015 1466 domus
1037 1424 1136 1466 viro

236 1486 438 1530 habitus:
474 1498 629 1532 nonne
651 1481 760 1524 haee
776 1489 1025 1539 potuerunt
1046 1481 1136 1524 suf·

235 1544 371 1587 ficere
405 1541 461 1585 ad
489 1539 707 1582 Iuliorum
742 1539 957 1597 imagines
989 1540 1035 1580 in
1069 1538 1135 1581 fu-

236 1601 425 1645 nebrem
462 1613 675 1657 pompam
717 1596 989 1640 eliciendas?
1049 1597 1135 1640 Ac·

239 1657 385 1710 cedit,
459 1655 582 1713 quod
642 1654 892 1712 imaginum
955 1653 1136 1696 illarum

236 1731 404 1775 pompa
437 1712 511 1757 hic
534 1711 731 1755 refertur
754 1713 871 1755 inter
893 1711 1065 1754 honora
1094 1719 1138 1754 et

236 1770 499 1829 magnifica,
539 1786 654 1829 quae
685 1770 910 1826 Augustus
938 1768 986 1811 in
1015 1769 1134 1811 Dru-

235 1846 340 1875 sum
358 1830 539 1873 fecerat.
601 1826 836 1884 Quidnam
861 1843 972 1871 vero
994 1826 1135 1869 hono·

237 1889 303 1932 ris
328 1896 404 1931 aut
428 1880 786 1953 magnificentiae
806 1901 898 1928 esse
919 1885 1067 1943 potuit
1086 1884 1134 1926 in

236 1945 474 1991 Liviorum
508 1942 806 2001 lmaginibus,
859 1958 973 2001 quae
1006 1942 1137 1985 dene·

238 2003 334 2063 gari
373 2002 528 2046 Druso
573 1999 853 2058 nequibant?
941 1999 999 2042 Et
1038 1999 1139 2059 quis

235 2061 423 2105 tandem
444 2059 526 2103 sibi
549 2057 865 2118 persuadebit,=
880 2058 1149 2124 Augustum,

235 2119 286 2163 in
310 2134 391 2170 eo,
430 2133 520 2176 quo
552 2125 650 2159 tum
683 2123 778 2158 erat
808 2132 914 2160 cum
939 2115 1139 2160 Claudiis

236 2191 472 2226 connexu,
502 2173 596 2217 sine
619 2172 839 2215 Iuliorum
866 2172 1138 2230 imaginibus

235 2234 440 2278 Drusum
456 2230 691 2276 extulisse?
719 2230 867 2274 Nimis
887 2230 1011 2275 anxie
1034 2247 1137 2289 pro-

235 2292 360 2337 fecto
393 2297 618 2337 statuunt,
657 2288 734 2343 qui
763 2288 897 2346 Lipsii
932 2287 1138 2346 opinioni

237 2349 485 2395 inhaerent.
558 2345 647 2389 Sed
679 2345 824 2404 pergit
860 2345 960 2388 ille:
1004 2360 1138 2396 „non

235 2405 569 2481 praeposuisset
600 2402 814 2447 Claudios
847 2403 969 2445 Iuliis
998 2402 1135 2445 Taci-

235 2463 351 2509 tus.’
423 2461 635 2506 Fallitur:
676 2476 781 2504 nam
812 2459 934 2518 quod
958 2468 1138 2518 postpo-

237 2531 414 2566 nuntur
460 2517 589 2569 Iulii,
652 2533 704 2560 ea
750 2533 800 2560 re
851 2517 1140 2575 significatur,

234 2587 415 2639 praeter
437 2575 737 2620 Claudiorum
753 2573 971 2632 imagines
986 2609 995 2625 ,
1025 2589 1138 2632 quae

236 2638 336 2682 sine
357 2635 495 2680 dubio
518 2642 569 2677 ut
590 2634 798 2692 propriae
821 2631 964 2691 gentis
982 2631 1138 2675 Druso

238 2694 596 2742 conveniebant,
650 2699 694 2734 et
725 2689 942 2733 Iuliorum
985 2689 1138 2732 hono-

238 2769 338 2797 rem
379 2749 632 2796 accessisse.
715 2748 794 2791 Est
838 2747 1042 2804 gradatio
1090 2746 1140 2788 in

237 2809 406 2854 verbis.
468 2807 678 2851 Ceterum
700 2804 809 2849 infr.
831 2805 872 2857 6,
888 2806 928 2848 8.
950 2806 1060 2848 item
1081 2804 1141 2847 le·

241 2869 389 2927 gimus
421 2864 648 2909 Claudiae
679 2871 724 2905 et
758 2862 913 2905 Iuliae
959 2866 1140 2904 domus.

239 2927 302 2970 ‘At
325 2923 633 2968 desiderantur
655 2920 885 2964 Liviorum
909 2919 1142 2977 imagines.

236 2982 467 3027 Nimirum
499 2978 802 3022 nobilissimae
834 2987 1005 3021 tantum
1026 2977 1145 3019 ima-

240 3040 368 3099 gines
408 3038 483 3081 hic
516 3053 596 3080 ore
636 3035 874 3094 magnifica
920 3033 1143 3078 admiran-

240 3098 359 3142 tium
394 3095 711 3145 nominantur,
765 3100 810 3135 et
842 3092 960 3138 Livii
999 3108 1141 3138 voca-

238 3155 355 3202 bulo
371 3151 670 3197 Claudiorum
691 3149 826 3194 simut
850 3149 1143 3215 compreben-

245 3214 439 3261 duntu'r3
470 3223 576 3250 nam
601 3208 896 3251 Claudiorum
927 3208 1145 3264 imagines

243 3277 375 3320 sunt,
406 3281 514 3325 quas
535 3264 709 3308 Claudii
730 3265 778 3306 in
799 3265 890 3307 suis
911 3264 1146 3307 funeribus

248 3326 486 3372 ostendere
534 3322 763 3373 solebant,
815 3325 933 3365 inter
968 3337 1024 3363 ue
1075 3337 1146 3364 eas

246 3394 348 3430 tum
378 3383 508 3427 etiam
529 3379 646 3426 Livii
676 3380 874 3423 fuerunt.
918 3396 944 3424 c
967 3411 978 3422 .
1002 3377 1146 3438 Ryck.

249 3442 307 3487 ad
334 3442 379 3487 h.
403 3441 457 3484 l.'

310 3505 499 3555 quanto.
604 3496 815 3541 Muretus
897 3495 1149 3552 corrigebat

255 3559 457 3614 quando.
516 3555 776 3612 Perperam.
834 3552 947 3595 Nam
973 3551 1147 3610 saepius

1208 1308 1267 1352 ita
1301 1318 1476 1367 quanto
1507 1311 1693 1369 ponitur
1722 1330 1806 1371 pro
1844 1318 1979 1370 quod.
2009 1311 2011 1314 ¹
2042 1314 2103 1360 cf.

1208 1367 1316 1411 infr.
1351 1369 1392 1419 4,
1423 1369 1496 1411 48.
1531 1377 1669 1412 tanto
1697 1372 1929 1427 infensius
1960 1374 2101 1429 caesi,

1209 1434 1388 1480 quanto
1449 1429 1676 1484 perfugae
1745 1437 1788 1471 et
1841 1433 2104 1484 proditores

1195 1489 1334 1539 serre
1376 1498 1518 1526 arma
1562 1489 1627 1527 ad
1657 1500 1792 1528 suum
1823 1488 2103 1545 patriaeque

1205 1542 1447 1583 servitium
1492 1546 1847 1588 incusabantur.
1935 1544 2106 1588 Contra

1208 1597 1395 1641 Sueton.
1410 1597 1566 1642 Claud.
1586 1603 1651 1644 11.
1679 1601 1832 1644 Tanto
1854 1603 2107 1658 impensius

1203 1663 1365 1710 petere
1384 1671 1455 1708 se,
1486 1665 1538 1699 ut
1560 1662 1770 1702 natalem
1789 1663 1944 1714 patris
1958 1661 2108 1704 Drusi

1208 1715 1520 1766 celebrarent,
1562 1721 1716 1771 quod
1747 1719 1874 1761 idem
1908 1727 2023 1762 esset
2059 1727 2104 1762 et

1208 1771 1290 1813 avi
1315 1772 1391 1814 sui
1411 1773 1624 1815 Antonii.

1263 1895 1359 1924 non
1372 1882 1599 1938 fratrem.
1661 1884 1739 1929 Sic
1759 1886 1860 1930 cod.
1878 1886 1981 1933 MS.
2005 1889 2104 1933 edd.

1210 1939 1421 1983 Beroald.
1445 1940 1646 1986 Rhenan.
1671 1959 1770 2002 sqq.
1831 1944 2008 2006 Lipsius
2043 1955 2106 1990 ta·

1210 2014 1316 2041 men
1342 1998 1470 2041 iussit
1492 1999 1625 2043 scribi
1649 2001 1848 2056 fratres.
1910 2005 2106 2048 Paruere

1210 2055 1485 2099 recentiores
1506 2058 1723 2108 editores,
1755 2060 1858 2119 quia
1881 2063 2104 2118 Muretus,

1211 2113 1455 2156 Salinerius
1489 2123 1531 2158 et
1561 2115 1846 2162 Boxhornius
1879 2120 1993 2164 male
2025 2120 2105 2163 de-

1209 2171 1448 2215 fenderant
1471 2180 1666 2215 veterem
1686 2175 1970 2234 scripturam.
2017 2177 2106 2221 Sed

1199 2228 1424 2272 audacter
1458 2246 1630 2288 repono
1666 2230 1816 2287 illam;
1866 2251 1970 2278 nam
2006 2249 2106 2277 non

1195 2285 1411 2343 fratrem
1426 2285 1597 2331 dictum
1621 2297 1685 2331 est
1706 2306 1788 2347 pro
1809 2295 1989 2336 nullum
1996 2293 2107 2350 fra-

1210 2351 1334 2386 trum
1350 2376 1363 2396 ,
1393 2361 1475 2388 nos
1499 2345 1606 2388 hein
1634 2347 1844 2394 Bruder.

1260 2456 1563 2510 propositam
1586 2465 1692 2500 toro
1715 2459 1932 2516 effigiem.
1990 2462 2107 2508 Edd.

1208 2511 1422 2556 Beroald.
1469 2513 1671 2558 Rhenan.
1716 2533 1813 2575 sqq.
1853 2523 2105 2575 praeposi-

1210 2577 1328 2612 tam.
1389 2570 1598 2623 Mureto,
1638 2572 1824 2627 Grotio,
1865 2577 2040 2636 Ryckio
2065 2589 2107 2622 et

1209 2627 1416 2670 Ernestio
1437 2629 1723 2674 suadentibus
1749 2632 1996 2679 Oberlinus
2020 2637 2108 2680 edi-

1211 2685 1277 2728 dit
1303 2687 1622 2740 propositam,
1664 2706 1778 2747 quae
1803 2707 1908 2736 vera
1926 2693 2108 2738 videtur

1213 2758 1306 2786 esse
1348 2745 1619 2788 emendatio.
1706 2747 1887 2792 Etenim
1926 2766 2018 2805 pro
2065 2761 2108 2796 et

1208 2814 1334 2856 prae
1384 2802 1443 2844 ob
1489 2805 1811 2862 compendium
1860 2808 2108 2867 scripturae

1213 2857 1459 2902 sexcenties
1492 2859 1540 2901 in
1571 2862 1707 2906 codd.
1740 2863 1875 2908 MSS.
1910 2868 2106 2910 consun-

1215 2915 1398 2958 duntur.
1458 2915 1517 2960 cf.
1561 2926 1654 2962 not.
1696 2921 1750 2963 ad
1792 2923 1880 2966 An.
1929 2925 1995 2976 15,
2035 2926 2107 2972 66.

1214 2972 1328 3017 Hist.
1351 2975 1395 3022 2,
1414 2975 1445 3016 2
1471 2983 1514 3016 et
1536 2975 1580 3019 4.
1608 2986 1651 3020 et
1671 2977 1796 3021 alibi.

1271 3092 1349 3133 vel
1395 3093 1574 3135 doloris
1623 3093 1936 3138 imitamenta.
2029 3096 2109 3140 Er-

1215 3148 1384 3191 nestius
1409 3148 1464 3190 ad
1490 3148 1530 3192 h.
1552 3150 1581 3192 l.
1605 3149 1780 3202 scribit,
1814 3155 1891 3194 vel
1908 3169 2002 3196 non
2023 3155 2108 3198 dis-

1216 3205 1404 3250 tinctive
1448 3222 1495 3247 se
1542 3222 1698 3264 capere
1738 3223 1839 3252 cum
1872 3210 2108 3255 Freinshe-

1218 3261 1340 3313 mio,
1384 3263 1462 3306 sed
1492 3279 1576 3322 pro
1612 3267 1798 3308 saltem.
1876 3268 1968 3311 lam
2003 3286 2108 3313 vero

1217 3328 1260 3362 et
1283 3318 1376 3378 ipse
1388 3320 1716 3366 Freinshemius
1740 3323 1797 3367 ita
1820 3325 1952 3383 cepit.
2017 3327 2113 3370 Uti-

1216 3385 1293 3420 tur
1313 3378 1495 3436 propria
1518 3395 1595 3422 sua
1621 3380 1683 3425 vi.
1746 3381 1974 3427 Sententia
1996 3384 2111 3429 inest

1218 3434 1350 3478 baem
1387 3437 1423 3479 si
1450 3453 1583 3480 verus
1606 3437 1742 3481 dolor
1765 3439 1897 3492 desit,
1940 3441 2109 3486 doloris

1218 3492 1495 3537 imitamenta
1532 3494 1686 3539 saltem
1720 3495 1870 3541 deesse
1902 3513 1996 3541 non
2029 3500 2111 3543 de·-

1220 3549 1384 3594 buisse.
