2222 4030
38 400 40 402 Ι
105 448 403 508 Secundo.

349 272 395 307 ,Α
649 226 834 304 Lm.
863 225 939 289 v,
1021 224 1218 292 CAP.
1262 230 1319 293 8.
1358 231 1419 294 9.
1845 236 1968 297 371

270 358 445 421 -VIIL
506 356 790 418 Relatum
830 357 973 414 inde
1014 356 1090 413 de
1135 355 1204 417 Ρ.
1232 355 1480 418 Vitellio
1526 372 1586 419 et
1631 359 1966 440 Pomponio

485 444 660 501 illum
683 442 911 501 indices
938 443 1263 516 arguebant
1297 446 1549 505 claustra
1587 449 1849 521 aerarii,'
1870 451 1970 508 cui

105 535 432 611 praefectus
463 540 616 599 erat,
658 540 718 586 et
740 529 1060 585 militarem
1087 529 1403 604 pecuniam
1437 533 1616 589 rebus
1649 534 1823 611 novis
1856 536 1969 593 ob-

103 620 334 678 tulisse:
399 613 543 674 huic
592 634 628 671 a
672 612 959 673 Considio
1004 626 1277 690 praetura
1316 614 1519 674 functo
1565 617 1971 677 obiectabatur

104 701 267 763 Aelii
298 702 465 762 Galli
496 698 782 770 amicitia,
825 700 931 776 qui
961 698 1174 777 punito
1199 697 1419 758 Seiano
1454 701 1519 758 in
1555 698 1764 761 hortos
1783 702 1969 762 Pom-

102 789 272 866 ponii
295 787 464 864 quasi
485 784 838 842 fidissimum
861 786 938 842 ad
959 784 1305 847 subsidth
1322 785 1688 860 perfugisset.
1771 809 1967 868 neque

101 874 267 932 aliud
304 870 775 949 periclitantibus
809 869 1016 927 auxilii
1050 890 1229 948 quam
1262 869 1330 927 in
1352 870 1610 928 fratrum
1637 875 1968 933 constantia

101 959 246 1029 fuit,
310 957 415 1036 qui
456 956 635 1013 vades
680 955 968 1016 exstitere.
1069 976 1209 1014 mox
1261 954 1482 1016 crebris
1531 958 1968 1031 prolationibus

102 1065 265 1123 spem
297 1064 365 1102 ac
397 1054 622 1100 metum
656 1041 819 1100 iuxta
854 1052 1127 1116 gravatus
1161 1039 1446 1114 Vitellius*
1473 1042 1658 1118 petito
1691 1065 1798 1119 per
1834 1065 1969 1122 spe-

100 1130 251 1188 ciem
275 1128 605 1188 studiorum
634 1127 861 1202 scalpro
885 1129 1076 1185 levem
1107 1126 1292 1184 ictum
1304 1126 1482 1184 ‘venis
1519 1127 1724 1185 intulit
1754 1130 1968 1188 vitam-

99 1235 217 1292 que
261 1212 631 1289 aegritudine
668 1212 871 1269 animi
922 1212 1134 1273 finivit.
1234 1223 1296 1270 at
1352 1210 1722 1288 Pomponius
1778 1216 1968 1273 multa

98 1321 336 1358 morum
369 1298 657 1372 elegantia
679 1309 739 1355 et
757 1297 998 1372 ingenio
1025 1297 1295 1367 inlustri,
1337 1297 1485 1356 dum
1505 1299 1815 1357 adversam
1838 1302 1966 1358 for-

99 1398 304 1444 tunam
331 1403 553 1462 aequus
577 1384 816 1454 tolerat,
861 1382 1106 1441 Tiberio
1132 1393 1422 1459 superstes
1443 1383 1577 1445 fuit.

270 1495 378 1556 IX.
434 1493 731 1553 Placitum
764 1491 1038 1571 posthac,
1082 1506 1152 1553 ut
1187 1495 1253 1551 in
1290 1495 1550 1572 reliquos
1575 1493 1780 1574 Seiani
1801 1497 1966 1561 libe-

98 1603 197 1641 ros
245 1582 650 1640 adverteretur
701 1591 1048 1638 vanescente
1107 1600 1448 1658 quanquam
1495 1580 1688 1656 plebis
1753 1578 1852 1640 im„
1899 1604 1966 1642 ac

97 1668 395 1747 plerisque
430 1686 538 1744 per
568 1666 772 1744 priora
803 1666 1090 1743 supplicia
1128 1665 1346 1728 lenitis.
1430 1666 1613 1741 igitur
1652 1678 1969 1744 portantur

153 1913 268 1959 Cn».
296 1914 340 1958 8.
399 1914 452 1957 Ρ.
487 1914 692 1958 Vitemo.
752 1912 876 1958 Suet.
899 1912 996 1962 Vit.

97 1987 138 2016 c.
168 1973 213 2016 2.
255 1971 481 2022 Publius.
525 1971 803 2015 Germanici
830 1984 995 2020 comes,

98 2029 184 2074 Cn.
216 2030 439 2073 Hsonem
483 2030 724 2073 inimicum
764 2035 811 2072 ee
847 2031 996 2073 inter-

81 2087 317 2145 fectorem
338 2088 440 2132 eius
462 2090 696 2130 accusavit
719 2089 993 2130 condemna·

92 2147 275 2204 vitque.-
296 2161 355 2188 ac
368 2152 478 2199 post
492 2153 753 2198 praeturae
766 2146 993 2188 honorem

93 2206 219 2248 inter
247 2204 414 2250 Seiam·
438 2202 647 2245 conscios
683 2211 909 2258 arreptus
948 2210 994 2246 et

93 2263 144 2306 in
166 2261 432 2306 wseodsbm
444 2259 603 2316 fratri
617 2262 760 2303 dotus
779 2269 865 2304 cte.

149 2331 405 2387 Pomponio
437 2329 665 2377 Secundo.
734 2330 820 2374 llic
851 2330 994 2375 frater

95 2388 431 2448 Q.Pompouii.
471 2384 529 2434 οἳ.
554 2387 595 2439 6,
618 2389 685 2445 lg.
724 2386 834 2447 'lpse
858 2388 991 2432 etiam

91 2446 225 2492 nobis
265 2444 467 2491 occurrit
509 2444 890 2506 apud'Nostrum
935 2446 992 2490 de

93 2502 225 2550 Orat.
256 2520 298 2551 c.
321 2502 391 2548 13.

146 2572 429 2633 4311'1'Galh'.
490 2572 608 2618 Edd.
623 2574 726 2619 Ber.
747 2573 849 2621 Alc.
871 2573 988 2619 Rhe-

90 2638 203 2678 nani
246 2629 355 2678 Ald.
407 2632 458 2675 V
453 2633 537 2675 elii
585 2632 730 2676 Galli.
817 2631 990 2691 Lipsius

90 2689 347 2735 emendavit
369 2690 514 2737 Aelii,
544 2689 657 2748 κ(μήθ
684 2690 846 2733 Aeliae
875 2706 987 2747 gen-

90 2746 148 2793 tis
170 2745 331 2792 Gallus
355 2761 612 2805 cognomen
635 2744 735 2790 suit.

136 2817 373 2875 fratrum.
440 2817 611 2861 Vitellii
643 2815 804 2859 fratres
836 2817 990 2860 nomi-

92 2883 260 2922 uantur
292 2875 416 2919 Suet.
441 2873 536 2919 Vit.
570 2890 612 2920 c.
645 2875 688 2918 2.
763 2873 850 2918 Hic
883 2890 988 2917 ven-o

89 2932 370 2989 intelligendi
403 2939 510 2975 sunt
533 2931 681 2975 Aulus
714 2931 860 2985 (cons.
890 2933 988 2976 ms-

90 2991 199 3036 sect.
222 3005 294 3034 an.
318 3005 364 3034 u.
389 2989 510 3046 785.)
533 2988 752 3033 etLucius
776 2990 847 3033 vel
871 3005 988 3033 unus

90 3048 143 3094 ei
161 3047 244 3093 hia.
300 3047 415 3091 Nam
436 3046 639 3102 Quintus
653 3055 812 3091 senatu
839 3056 988 3091 motus

93 3106 175 3162 (cs.
198 3122 323 3165 supr.
347 3106 494 3160 248.)
516 3105 576 3148 nil
594 3104 871 3148 auctoritatis
890 3114 987 3148 tum

90 3164 261 3208 habuit.
303 3162 479 3221 Lipsius
502 3164 545 3205 in
570 3179 623 3206 eo
641 3161 840 3210 offendit,
865 3162 988 3220 quod

89 3221 332 3265 Suetonius
374 3237 470 3263 rem
513 3228 662 3263 narrat
707 3228 755 3261 ut
797 3219 852 3262 de
895 3236 988 3262 nno

89 3280 244 3323 fratre.
325 3278 388 3322 At
419 3277 663 3322 Suetonius
709 3277 764 3319 de
803 3276 987 3320 Vitellio

90 3344 264 3381 tantum
298 3335 521 3394 loquitur,
574 3334 759 3378 Tacitus
799 3334 994 3393 fratrum

93 3392 280 3437 nomine
300 3392 540 3451 Pomponii
567 3402 610 3435 ct
635 3391 801 3435 Vino-itii
831 3393 987 3435 fratres

35 3485 38 3495 .
90 3451 215 3496 dicit.

35 3598 51 3703 S,

148 3523 264 3552 mox
302 3510 470 3552 crebris
507 3541 516 3548 .
546 3539 558 3551 .
588 3541 596 3551 .
627 3542 636 3550 .
663 3508 830 3561 finivit.
930 3508 985 3550 ct.

90 3566 277 3610 sueton.
299 3566 326 3609 1.
355 3565 385 3608 Ι.

40 3755 50 3831 Ξ
74 3789 80 3796 .

39 3850 65 4030 ἱ

1123 1914 1278 1956 multa
1300 1925 1490 1956 morum
1512 1913 1761 1969 elegantia.
1823 1912 1965 1958 Cuius

1065 1970 1308 2028 elegantiae
1359 1970 1614 2028 exemplum
1666 1978 1803 2016 exstat
1843 1972 1964 2032 apud

1063 2028 1205 2072 Dion.
1227 2027 1297 2077 59,
1318 2028 1391 2072 29.
1412 2024 1578 2087 ἑορτήν
1598 2042 1702 2072 τινα
1717 2028 1772 2074 ἐν
1794 2031 1858 2087 τῷ
1877 2045 1965 2073 πα-

1063 2087 1206 2142 λατίῳ
1229 2079 1313 2144 ἦγε
1339 2084 1576 2155 (Caligula)
1614 2089 1692 2129 καὶ
1715 2088 1836 2131 θέαν
1855 2088 1963 2132 ἒπε-

1063 2145 1195 2188 ma.
1263 2140 1355 2188 κᾶν
1403 2157 1551 2200 τουτῳ
1590 2145 1670 2186 καὶ
1707 2142 1849 2194 αὐτὸς
1886 2146 1967 2188 καὶ

1063 2199 1198 2258 ἤσθιε
1236 2203 1315 2245 καὶ
1347 2201 1503 2255 ἔπινε,
1547 2202 1626 2243 καὶ
1657 2201 1766 2252 τοὺς
1798 2199 1966 2253 ἄλλους

1065 2262 1226 2304 εἱστία.
1286 2255 1362 2303 ὅτε
1385 2256 1441 2315 δὴ
1465 2259 1542 2301 καὶ
1561 2256 1849 2318 Πομπώνιος
1869 2265 1965 2306 Σε-

1062 2317 1261 2366 κοῦνδος
1283 2313 1308 2362 ὁ
1330 2313 1434 2363 τότε
1454 2313 1701 2362 ὑπατεύων
1722 2319 1965 2377 ἐνεφορεῖ-

1063 2372 1116 2420 τό
1153 2388 1201 2418 τε
1238 2370 1339 2435 ἅμα
1379 2376 1475 2419 τῶν
1512 2379 1672 2419 σιτίων
1705 2375 1834 2435 παρὰ
1867 2381 1966 2428 τοῖς

1063 2435 1205 2478 ποσὶν
1246 2430 1393 2478 αὐτοῦ
1433 2430 1700 2506 καθήμενος
1739 2435 1820 2478 καὶ
1859 2434 1966 2479 ἔπι-

1062 2488 1253 2536 κὺπτων
1282 2493 1488 2550 συνεχῶς
1514 2490 1682 2541 αυτοὺς
1706 2493 1960 2593 anaglifo.

1062 2549 1150 2594 Sed
1173 2549 1246 2595 hic
1270 2549 1468 2593 diversus
1491 2548 1576 2592 fuit
1598 2565 1621 2592 a
1643 2558 1800 2594 nostro
1858 2566 1960 2596 om-

1062 2606 1225 2665 ponio,
1256 2606 1494 2665 quemDio
1517 2606 1588 2660 59,
1603 2606 1645 2650 6.
1673 2615 1799 2654 vocat
1818 2607 1962 2669 Quin·

1063 2672 1182 2707 tum.

1120 2733 1313 2789 ingenio
1342 2734 1551 2779 inlustri.
1613 2734 1686 2780 De

1061 2791 1238 2836 sulendi
1260 2790 1380 2836 Plin.
1403 2808 1425 2835 e
1461 2808 1503 2850 p.
1533 2791 1575 2841 7,
1601 2793 1668 2839 17.
1770 2793 1851 2838 lin·
1885 2811 1962 2840 se-

1064 2849 1167 2893 nior
1204 2848 1271 2900 14,
1300 2849 1343 2894 6.
1389 2809 1457 2898 Ῑὲ),
1491 2849 1562 2894 26.
1604 2849 1679 2907 qni
1713 2860 1756 2895 et
1787 2851 1843 2896 de
1869 2852 1962 2899 vita

1062 2907 1307 2965 Pomponii
1345 2905 1542 2951 Secundi
1588 2907 1675 2952 scri
1711 2907 1767 2954 sit
1819 2908 1961 2955 libros

1063 2965 1170 3017 duo,
1196 2963 1513 3009 testantePlin.
1536 2980 1638 3025 epp.
1689 2965 1759 3016 ,5.
1816 2966 1960 3025 Quin·

1061 3021 1204 3067 tilian.
1234 3025 1300 3074 10,
1325 3025 1365 3073 l,
1386 3021 1456 3066 98.
1766 3055 1780 3063 .
2038 3050 2040 3053 -

1121 3092 1233 3138 CAP.
1258 3091 1302 3136 9.
1363 3093 1595 3138 Placitum
1606 3124 1620 3139 .
1633 3123 1646 3139 .
1660 3126 1672 3140 .
1686 3098 1970 3141 aduertere--

1062 3158 1153 3194 tur.
1209 3149 1299 3193 Dio
1322 3151 1390 3203 58,
1409 3153 1474 3195 11.
1501 3153 1550 3196 in
1571 3153 1792 3209 reh‘quos,
1815 3153 1961 3199 filium

1063 3217 1168 3253 natu
1203 3207 1427 3253 minorem
1458 3218 1501 3257 et
1524 3208 1692 3262 filiam3
1731 3227 1833 3255 nam
1867 3220 1959 3257 tres

1064 3266 1188 3308 suere
1220 3266 1262 3315 4,
1285 3263 1327 3310 3.
1400 3265 1624 3314 Maiorem
1662 3267 1804 3311 mium
1843 3268 1959 3322 (sive

1064 3323 1217 3379 filiam)
1252 3322 1404 3368 statim
1425 3332 1527 3383 poet
1548 3325 1685 3382 patris
1710 3340 1865 3370 necem
1885 3325 1959 3373 vi-

1060 3380 1228 3481 ἰὶεῐιιωι·
1272 3380 1508 3428 occidisse.
1578 3382 1638 3426 cf.
1672 3381 1872 3439 Ryckius
1902 3383 1959 3429 ad

1077 3456 1105 3481 l·
1150 3468 1163 3482 ο

1116 3506 1267 3560 plebis
1290 3508 1382 3555 ita.
1444 3509 1514 3554 De
1540 3525 1627 3569 qua
1654 3510 1959 3557 eonsulendus

1065 3565 1151 3608 nio
1182 3565 1249 3616 58,
1273 3564 1342 3611 12.
1575 3567 1580 3571 ’

1256 3625 1350 3684 Aa
1400 3635 1439 3689 2

1751 2751 1811 2781 uo
1844 2752 1960 2782 con·
