2222 4030
1788 278 1839 312 A.
1851 277 1902 312 U.
1921 276 2002 313 76¹2.

1788 322 1838 355 A.
1857 319 1903 357 C,
1936 322 2003 360 u.
2028 356 2029 359 ,

234 284 327 342 68·
908 276 1414 339 ANNALIUM

234 398 520 467 muliebre
546 419 602 464 et
624 406 956 466 miserabile
980 428 1210 482 agmen:
1255 409 1501 484 profuga
1537 407 1701 464 ducis
1733 427 1907 480 uxor,
1947 432 2084 487 par-

231 495 439 551 vulum
465 493 602 548 sinu
624 493 811 550 filium
835 500 1067 567 gerenS,
1110 493 1493 550 lamentantes
1520 493 1741 549 circum
1762 495 2084 553 amicorum

233 578 534 651 coniugeS‚
599 597 748 654 quae
799 579 975 634 simul
1031 574 1440 634 trahebantur:
1498 598 1604 634 nec
1637 579 1835 635 minus
1873 580 2083 649 tristes,

232 663 335 739 qui
361 662 700 724 manebant.

397 770 555 832 XLI.
638 770 777 829 Non
812 773 1077 828 florentis
1102 769 1368 829 Caesaris
1403 795 1598 850 neque
1624 774 1745 831 suis
1774 774 1839 830 in
1865 773 2083 843 castriS‚

230 859 330 914 sed
359 858 521 914 velut
557 857 622 913 in
655 859 803 914 urbe
838 858 1021 926 victa,
1062 856 1262 913 facies:
1308 859 1672 936 gemitusque
1708 881 1773 916 ac
1813 858 2083 934 planctus

229 943 411 998 etiam·
441 942 700 998 militum
738 962 905 999 aures
947 961 1167 1017 oraque
1203 943 1524 1004 advertere.
1609 943 2087 1018 Progrediunturv

226 1027 653 1084 contuberniis:
702 1027 834 1103 quis
872 1027 972 1082 ille
1005 1026 1221 1082 flebilis
1261 1029 1479 1085 sonus?
1518 1031 1695 1104 'quod
1733 1041 1853 1084 tam
1876 1028 2082 1085 triste?

224 1111 470 1168 feminas
516 1112 821 1181 inlustreS,
884 1126 1010 1167 non
1051 1113 1458 1170 centurionem
1496 1116 1571 1169 ad
1618 1113 1905 1181 tutelam,
1957 1132 2081 1168 non

223 1197 500 1265 militem,
545 1193 699 1252 nihil
739 1195 1148 1271 imperatoriae
1188 1199 1389 1255 uxoris
1427 1210 1529 1255 aut
1562 1199 1870 1255 comitatus
1905 1196 2083 1265 soliti,

220 1301 459 1356 pergere
497 1283 570 1337 ad
606 1280 897 1337 Treveros
931 1293 990 1336 et
1026 1291 1293 1339 externae
1335 1284 1491 1342 fidei.
1597 1282 1811 1340 Pudor*
1846 1282 1986 1338 inde
2025 1291 2085 1338 et'

221 1367 544 1436 miseratio,
611 1379 667 1423 et
712 1365 895 1441 patris
930 1361 1255 1442 Agrippae,
1323 1365 1575 1442 Augusti
1628 1371 1722 1426 avi
1767 1367 2077 1423 memo-ria:

217 1542 337 1586 hem.
392 1549 434 1584 et
474 1540 679 1599 Ruperti.
768 1539 978 1598 Namque
1028 1555 1115 1584 nec

219 1615 356 1642 curru
382 1614 468 1643 nec
503 1615 613 1642 nave
636 1597 883 1649 inceditur,
928 1598 1003 1641 sed
1039 1614 1113 1656 pe-

218 1657 364 1700 dibus.
423 1655 611 1713 Decepti
631 1656 735 1697 s'unt
755 1655 1022 1754 interpretes
1044 1670 1113 1703 eo,

215 1713 338 1770 quod
363 1722 482 1757 extra
507 1720 648 1766 castra
671 1711 877 1763 miserabi
900 1729 924 1755 e
951 1728 1111 1771 agmen

216 1771 430 1814 incedens
475 1769 745 1827 cogitabant.
837 1769 924 1812 Sed
966 1769 1112 1826 cogita

216 1827 366 1886 potius
388 1844 466 1886 per
491 1835 635 1869 castra
657 1827 870 1869 abeuntes
893 1835 936 1869 et
962 1826 1016 1869 ad
1039 1842 1114 1868 na·

214 1901 319 1929 vem
349 1894 426 1928 aut
448 1882 650 1927 vehicula
679 1883 938 1932 tendentes,
970 1882 1114 1942 etqui

216 1943 482 1992 manebant,
535 1956 729 1984 uxorum
768 1955 931 1998 agmen
973 1940 1113 1984 comi·

217 2006 377 2041 tantes.

274 2055 499 2098 muliebre
544 2062 590 2096 et
622 2055 882 2096 miserabile
922 2067 1108 2108 agmen.

215 2111 352 2156 Notat
372 2111 480 2155 haec
495 2109 626 2154 Roth.
641 2111 703 2181 (p.
718 2111 806 2166 56.)
827 2111 945 2153 inter
966 2126 1110 2152 exem·

214 2169 313 2229 pla,
345 2184 458 2227 quae
478 2167 696 2213 ferantfsv
720 2167 796 2211 διὰ
821 2168 980 2223 δυοῖν,
1014 2167 1042 2210 i.
1066 2182 1109 2224 q.

214 2225 467 2270 miserabile
491 2240 653 2284 agmen
682 2224 918 2268 muliebre.

272 2283 383 2328 CAP.
407 2281 479 2326 41.
538 2285 644 2326 Non
660 2283 886 2339 florentis
910 2312 922 2325 .
947 2312 961 2325 .
986 2313 998 2325 .
1016 2282 1111 2337 sa-

213 2344 317 2385 cies.
397 2338 602 2397 intellige
634 2354 741 2382 ¹non
764 2338 985 2395 florentis
1018 2370 1031 2382 .
1055 2369 1068 2382 .

211 2403 295 2442 sed
319 2400 444 2440 velut
465 2397 516 2438 in
540 2398 655 2439 urbe
677 2399 798 2439 victa
831 2393 859 2440 ὅ
871 2411 932 2440 ντ
946 2413 970 2441 ο
984 2413 1005 2446 ς
1017 2397 1122 2452 faa

212 2459 314 2500 cies.
375 2453 436 2498 cf.
463 2453 680 2499 Matthiae
708 2453 788 2499 Gr.
814 2453 896 2499 Gr.
934 2459 978 2510 §.
1008 2453 1107 2498 563.

215 2513 349 2557 Nota.

267 2570 552 2626 gemitusque
584 2583 639 2609 ac
665 2572 900 2625 planctus.
983 2569 1108 2613 Inter

212 2641 465 2686 synonyma
504 2624 614 2668 haee
646 2625 783 2669 refert
815 2627 949 2670 Roth.
984 2643 1030 2694 p.
1060 2626 1104 2670 7.

214 2684 302 2727 Sed
335 2683 487 2727 eadem
524 2681 756 2742 utriusque
791 2684 999 2728 vocabuh
1038 2700 1106 2727 ra-

212 2741 276 2784 tio
316 2749 406 2791 est,
459 2755 574 2798 quae
615 2740 663 2783 in
703 2742 887 2784 habitus
932 2744 1105 2785 cultus-

213 2812 300 2854 que
339 2813 380 2842 c.
409 2799 477 2840 10.
536 2797 639 2841 Vid.
672 2799 734 2843 ib.
767 2807 864 2842 not.
943 2799 1106 2842 Gemi-

215 2865 291 2898 tus
318 2864 363 2898 et
386 2857 604 2910 planctus
639 2855 853 2901 diversae·
873 2864 979 2899 sunt
1017 2872 1107 2904 res.

214 2913 365 2955 solent
396 2920 547 2955 autem
581 2913 798 2970 coniungi
833 2913 883 2956 in
919 2912 1108 2967 dolore;

213 2968 322 3012 hinc
355 2968 487 3012 etiam
520 2969 569 3011 in
601 2969 774 3013 doloris
807 2970 1108 3027 descriptione

214 3034 458 3082 utrumque
511 3026 804 3071 vocabulum.
896 3027 1107 3071 Ceterum

213 3082 405 3142 pleniori
442 3081 806 3140 interpunctione
839 3084 950 3129 haec
981 3101 1005 3127 a
1035 3102 1106 3128 su-

214 3139 465 3198 perioribus
485 3148 611 3182 erant
634 3140 968 3199 distinguenda;
999 3158 1106 3186 nam

214 3196 416 3252 gemitus
427 3198 702 3248 aeplanctus
716 3199 770 3241 ad
783 3208 928 3242 totum
945 3216 1103 3258 agmen

213 3254 464 3313 pertinent,
493 3267 589 3295 non
615 3254 670 3296 ad
690 3254 945 3299 Caesarem:
996 3257 1103 3300 Vul-

214 3310 530 3368 gowirgulam
554 3321 727 3367 ponunt
757 3321 858 3370 post
876 3314 1030 3369 sacz‘c’s
1059 3322 1103 3357 et

214 3375 314 3425 post
333 3370 565 3420 planctus.
866 3391 870 3396 ,

259 3428 392 3480 quod
432 3431 536 3466 tam
582 3425 749 3468 troekte?
821 3426 987 3471 Triste.
1018 3444 1102 3487 pro

215 3483 352 3523 subst.
378 3480 588 3540 ponitur,
616 3489 669 3523 ut
698 3483 820 3540 Virg.
857 3483 939 3529 ecl.
969 3486 1010 3538 3,
1029 3488 1101 3531 80.

214 3547 257 3580 et
272 3537 380 3581 Tac.
405 3540 495 3584 An.
521 3539 587 3582 15.
613 3538 683 3582 34.
745 3538 899 3595 Quare
927 3543 1102 3586 adden-

213 3594 319 3638 dum
352 3603 443 3639 erat
474 3599 616 3651 quod,
662 3611 754 3639 uon
793 3599 914 3652 quid.
982 3600 1097 3644 -Nam

1187 1546 1319 1586 tracte
1358 1543 1529 1603 aliquid
1563 1560 1657 1588 esse
1689 1543 1790 1588 satis
1825 1544 1914 1587 iam
1950 1543 2078 1586 intel-

1187 1599 1408 1656 lexerant3
1469 1618 1593 1645 nunc
1652 1611 1896 1660 quaerunt,
1957 1604 2079 1656 quod

1185 1658 1295 1701 illud
1348 1659 1419 1703 sit.
1520 1658 1623 1702 Non
1684 1659 1818 1716 igitur
1866 1657 2077 1703 audiendi

1185 1724 1292 1759 sunt
1315 1717 1592 1775 interpretes,
1622 1718 1700 1771 qui
1716 1719 1827 1774 quid
1848 1733 1931 1776 pro
1955 1718 2078 1773 quod

1185 1774 1476 1817 substituunt.

1230 1855 1451 1911 seminas
1470 1859 1690 1900 inlustres
1713 1889 1724 1901 .
1739 1889 1752 1902 .
1766 1890 1778 1902 .
1796 1890 1809 1904 .
1834 1859 1879 1900 T
1874 1873 2074 1902 reveros.

1186 1912 1263 1956 Est
1297 1922 1523 1958 structura
1555 1931 1737 1973 graeca,
1778 1933 1864 1974 qua
1900 1932 2074 1975 ponun-

1185 1979 1258 2013 tur
1300 1971 1541 2017 accusativi
1582 1972 1812 2017 intellecto
1843 1974 1964 2031 ἔχων
1997 1990 2076 2016 ex-

1182 2027 1394 2086 plicandi.
1476 2029 1643 2073 Herod.
1680 2031 1728 2082 2,
1757 2033 1829 2075 41.
1868 2029 1974 2081 τοὺς
1996 2030 2075 2089 ἔρ-

1181 2098 1318 2134 σενας
1349 2087 1492 2142 (βοῦς)
1522 2083 1857 2147 κατορύσσουσι
1890 2089 2073 2133 ἕκαστοι

1182 2144 1233 2186 ἐν
1264 2146 1382 2186 τοῖσι
1403 2149 1741 2202 προαστείοισι,
1770 2145 1836 2192 ’τὸ
1865 2149 1998 2201 κέρας
2021 2146 2071 2191 τὸ

1180 2200 1337 2261 ἕτερον
1361 2198 1386 2256 ἢ
1408 2205 1486 2246 καὶ
1509 2199 1754 2261 ἀμφότερα
1791 2202 2073 2263 ὑπερέχοντα

1180 2274 1244 2302 sc.
1278 2259 1483 2316 ἔχοντας.
1558 2260 1667 2304 ibid.
1703 2263 1798 2306 134.
1831 2263 2074 2322 πυραμίδα

1225 2346 1277 2362 ..
1318 2320 1464 2362 εἴκοσι
1521 2319 1686 2362 ποδῶν
1736 2321 2070 2377 καταδέουσαν,

1179 2375 1331 2417 κῶλον
1363 2374 1561 2420 ἕκαστον
1594 2379 1734 2436 τριῶν
1761 2380 1978 2437 πλέθρων
2008 2395 2071 2423 sc.

1179 2432 1394 2489 ἔχουσαν.
1478 2434 1615 2478 Plura
1657 2435 1759 2481 vide
1808 2437 1922 2496 apud
1956 2437 2071 2480 Mat-

1178 2491 1295 2533 thiae
1319 2489 1400 2535 Gr.
1423 2490 1506 2535 Gr.
1537 2495 1580 2548 §.
1607 2491 1704 2536 427.
1726 2494 1771 2536 b.
1842 2492 1918 2538 Sic
1944 2493 2070 2538 Taci-

1178 2555 1277 2591 tus:
1309 2564 1404 2591 non
1425 2554 1736 2593 centurionem
1749 2561 1832 2595 etc.
1858 2568 1919 2596 sc.
1936 2551 2072 2608 ἔχον-

1179 2621 1273 2655 τας.
1343 2607 1419 2649 Nil
1454 2607 1590 2664 igitur
1631 2625 1744 2667 opus
1781 2617 1845 2651 est
1879 2608 2070 2657 lineolis,

1178 2660 1341 2721 quibus
1373 2665 1648 2708 recentiores
1674 2665 1772 2710 edd.
1797 2674 2068 2710 structuram

1178 2719 1359 2763 mollire
1398 2721 1580 2765 student
1619 2722 1703 2766 ita:
1755 2725 1974 2766 inlustres
2011 2751 2070 2761 --

1178 2792 1278 2820 non
1324 2781 1640 2822 centurionem
1672 2812 1683 2823 .
1712 2810 1729 2824 .
1760 2813 1771 2823 .
1802 2813 1814 2824 .
1848 2781 1974 2823 soliti
2010 2802 2070 2815 -

1173 2849 1370 2889 pergere
1400 2843 1487 2879 etc.
1567 2835 1782 2880 Ceterum
1826 2838 1926 2880 edd.
1963 2837 2066 2883 Ber.

1177 2891 1321 2936 Rhen.
1350 2891 1456 2937 Ald.
1500 2891 1751 2950 Treviro„
1812 2894 1916 2938 edd.
1946 2894 2066 2953 Lips-

1178 2965 1277 3008 sqq.
1310 2950 1564 3000 Treveros,
1611 2960 1654 2995 et
1690 2952 1756 2997 sic
1797 2953 1900 2997 cod.
1944 2952 2065 2996 Flor-

1177 3007 1260 3051 litt.
1284 3007 1422 3067 Lang.
1450 3025 1536 3053 scr.
1562 3010 1652 3053 suis
1676 3009 1805 3054 locis.

1232 3098 1278 3133 et
1302 3099 1527 3135 externae
1537 3094 1666 3149 fidei.
1711 3094 1948 3139 Genitivus
1962 3109 2064 3151 pen-

1178 3147 1252 3190 det
1277 3162 1300 3190 e
1322 3150 1511 3192 notione
1530 3151 1771 3193 hominum
1805 3151 1871 3194 vel
1901 3153 2066 3207 gemite,

1176 3219 1288 3262 quae
1320 3203 1424 3249 latet
1456 3207 1500 3248 in
1532 3206 1770 3252 Treveros.
1840 3208 1918 3252 Sic
1948 3209 2063 3257 Hist,

1173 3263 1215 3311 2,
1253 3263 1319 3304 15.
1361 3263 1618 3306 Othoniani
1640 3266 1954 3320 Albigaunum
1981 3263 2064 3310 inss

1175 3321 1359 3362 terioris
1377 3321 1600 3374 Liguriae
1620 3323 1700 3377 (sc.
1729 3323 1963 3381 oppidum)
1984 3339 2064 3366 re·

1175 3385 1364 3420 vertere.
1435 3387 1481 3421 et
1514 3380 1844 3438 ἔπεξηγητοκῶς
1886 3381 2063 3424 additur

1175 3442 1325 3492 estque
1353 3435 1427 3479 hic
1459 3453 1509 3481 ea
1538 3438 1704 3496 figurae
1736 3438 1787 3481 ἓν
1817 3437 1895 3482 διὰ
1928 3439 2064 3482 δυοῖν

1174 3493 1362 3549 species,
1393 3509 1504 3551 quae
1526 3495 1573 3538 in
1596 3495 1747 3539 locum
1772 3496 2063 3555 adpositionis

1173 3550 1386 3593 succedit.
1456 3551 1518 3596 cf.
1551 3552 1683 3596 Roth.
1728 3568 1771 3610 p.
1803 3553 1875 3597 45.
1951 3554 2060 3596 Ex-

1171 3613 1308 3651 terna
1318 3608 1445 3664 fides
1465 3623 1568 3668 opp.
1591 3609 1837 3660 Romanae.
