2222 4030
1854 210 1971 251 A0U.
1991 211 2074 249 773.

1853 258 1904 291 A.
1925 254 1972 292 C.
2010 256 2073 293 20.

301 214 428 274 240
985 208 1510 270 AJNNALIUM·

300 363 529 402 morem
551 352 858 417 cuperent,
899 337 1056 398 nihil
1083 361 1189 417 per
1210 350 1433 395 metum
1457 340 1826 404 vetabantur.
1876 348 1878 351 ’
1913 358 1971 404 at
1997 358 2158 422 post-
2218 343 2222 360 ²

298 450 481 508 quam
505 428 638 484 exui
664 426 981 503 aequalitas
1015 438 1071 484 et
1095 445 1202 500 pro
1231 422 1518 481 modestia
1553 445 1619 483 ac
1651 430 1879 500 pudore
1913 433 2156 489 ambitio

299 528 362 573 -et
409 514 500 570 vis
557 513 894 579 incedebat,
960 529 1283 586 provenere
1334 510 1770 569 dominationes
1825 516 2159 594 multosque
2219 506 2222 531 ³

300 600 459 676 apud
501 598 751 674 populos
794 607 1096 652 aeternum
1141 614 1428 654 mansere.
1529 595 1791 668 Quidam
1828 601 2023 656 statim
2059 613 2161 659 aut

298 697 612 762 postquam
635 701 839 756 regum
874 692 1205 756 pertaesum
1237 679 1391 752 leges
1426 681 1781 743 maluerunt.
1866 683 1995 741 Hae
2034 686 2162 762 pri...

298 791 398 827 mo
435 769 684 826 rudibus
717 764 1031 824 hominum
1063 763 1277 820 animis
1314 765 1606 840 simplices
1642 780 1832 825 erant:
1875 771 2162 827 maxime..

301 876 416 933 que
442 855 596 910 fama
621 851 938 910 celebravit
962 846 1364 919 Cretensium,
1401 871 1544 926 quas
1566 851 1798 923 Minos,
1835 852 2162 931 Spartano-

300 961 465 1009 rum,
502 959 649 1016 ¹quas
686 937 1020 1013 Lycurgum,
1063 955 1128 991 ac
1166 955 1304 990 mox
1340 931 1806 995 Atheniensibus
1843 942 2161 1016 quaesiti-o-

298 1045 393 1083 res
427 1026 546 1082 iam
579 1035 635 1081 et
669 1023 866 1097 plures
893 1019 1081 1077 Solon
1114 1020 1471 1095 perscripsit.
1556 1020 1742 1078 Nobis
1763 1021 2059 1081 Romulus
2095 1038 2163 1084 ut

299 1111 538 1168 libitum
562 1106 1022 1182 imperitaverat:
1069 1105 1209 1161 dein
1233 1103 1424 1161 Numa
1456 1106 1844 1180 religionibus
1860 1121 1927 1165 ¹et
1954 1110 2159 1167 divino

299 1197 428 1254 iure
460 1193 750 1270 populum
783 1190 1072 1247 devinxit:
1117 1202 1466 1266 repertaque
1503 1194 1805 1268 quaedam·
1829 1215 1861 1250 a
1886 1193 2067 1251 Tullo
2106 1206 2163 1253 et

299 1276 496 1339 Anco:
566 1279 666 1334 sed
711 1275 1062 1351 praecipuus
1110 1274 1350 1332 Servius
1399 1274 1640 1334 Tullius
1689 1291 1923 1336 sanctor
1964 1281 2162 1354 legum

299 1367 441 1435 fuit,
486 1363 616 1440 quis
643 1362 823 1418 etiam
850 1380 1011 1434 reges
1039 1361 1526 1434 obtemperarent.

466 1444 722 1506 XXVII.
807 1444 987 1502 Pulso
1038 1445 1372 1522 Tarquinio
1427 1448 1739 1504 adversum
1794 1462 2030 1524 patrum
2071 1450 2163 1507 fa-

298 1535 520 1594 ctiones
560 1533 745 1589 multa
789 1532 1047 1606 populus
1090 1532 1319 1606 paravit
1355 1534 1605 1588 tuendae
1645 1534 1933 1591 libertatis
1972 1548 2027 1592 et
2060 1537 2163 1592 fir-

295 1621 546 1677 mandae
612 1617 988 1675 concordiae:
1068 1617 1362 1692 creatique
1428 1619 1774 1689 decemviri,
1838 1616 1906 1678 'et
1966 1621 2162 1693 accitis

298 1726 450 1784 quae
501 1724 751 1781 usquam
805 1703 1059 1777 egregia,
1127 1702 1483 1777 compositae
1541 1705 1853 1761 duodecim
1894 1706 2163 1777 tabulae,

298 1791 433 1875 finis
491 1788 664 1866 aequi
719 1787 883 1848 iuris,
988 1807 1127 1843 nam
1185 1799 1413 1846 secutae
1467 1788 1622 1862 leges
1676 1790 1783 1848 etsi
1841 1790 2163 1868 aliquando

297 1996 367 2041 rio
397 2010 504 2040 cum
533 1992 741 2039 Acidalio
776 1991 1066 2037 scribendum
1103 2000 1198 2037 erat

293 2061 505 2111 peterent
515 2070 541 2109 ,χ
569 2053 659 2095 iam
679 2068 786 2095 vero
810 2051 986 2109 egregie
1008 2051 1197 2095 falleba-

298 2111 633 2177 turinterp1·eS‚
670 2125 810 2166 quum
839 2110 978 2152 alium
1008 2108 1195 2152 exeundi

298 2168 487 2213 modum
513 2166 734 2210 invenisse
756 2184 801 2210 se
826 2175 1017 2224 putaret.

353 2225 591 2268 modestia
614 2241 668 2266 ac
689 2228 885 2280 pudore.
947 2224 1079 2267 Prius
1102 2240 1196 2266 cer-

297 2282 422 2328 nitur
450 2282 496 2325 in
529 2297 608 2332 eu,
653 2282 774 2338 qnod
811 2281 988 2325 animus
1034 2281 1195 2325 altiora

296 2341 482 2400 cupiens
504 2339 650 2392 abest;
680 2338 870 2381 alterum
892 2340 937 2381 in
955 2355 1192 2396 aspernan-

299 2399 371 2443 dis·
387 2396 579 2456 flagitiis.
641 2395 796 2451 Quare
819 2412 913 2439 non
945 2398 1048 2439 satis
1072 2404 1194 2438 recte

295 2455 436 2500 Roth.
468 2470 514 2513 p.
544 2453 588 2497 7.
627 2453 740 2496 haee
781 2453 896 2496 inter
938 2469 1193 2511 synonyma

295 2511 516 2567 rettulisse,
538 2510 734 2558 videtur.

310 2620 313 2622 ,
353 2571 606 2615 incedebat.
675 2567 894 2610 Nostrum
937 2567 1191 2624 austreten.

294 2628 360 2680 cf.
384 2635 479 2671 not.
500 2627 554 2669 ad
578 2627 614 2677 1,
628 2625 697 2669 35.
722 2625 764 2668 h.
786 2641 824 2667 e.
847 2625 986 2676 oris-i,
1017 2633 1066 2667 ut
1087 2625 1194 2668 infr.

295 2686 337 2738 3,
359 2685 430 2731 36.
465 2684 531 2732 15,
553 2683 621 2727 37.
683 2682 891 2726 Ceterum
919 2691 962 2725 et
987 2680 1060 2725 bie
1084 2691 1195 2727 vett.

297 2743 398 2788 edd.
423 2742 530 2786 dant
549 2741 784 2784 incidebat
793 2755 808 2791 ‚·
837 2740 940 2783 edd.
957 2739 1073 2798 Lips.
1095 2756 1194 2799 sqq.

295 2801 548 2845 incedebat.
605 2797 665 2842 cf.
687 2806 782 2841 not.
810 2800 863 2841 ad
889 2798 929 2850 2,
952 2798 1021 2840 55.

349 2870 626 2913 provenere.
696 2855 772 2898 Sic
806 2855 909 2899 edd.
946 2855 1064 2913 Lips.
1095 2871 1195 2913 sqq.

292 2914 543 2972 provenire
565 2913 665 2957 edd.
691 2913 901 2956 Beroald.
927 2912 1192 2957 Rhen.Ald.

296 2970 477 3031 Micyll.
503 2969 625 3030 quod
647 2986 697 3012 ae
732 2987 788 3013 ue
808 2970 982 3013 honum
1009 2978 1090 3014 est.

320 3057 323 3063 ·
353 3029 517 3082 Solon,
577 3025 654 3070 Sic
676 3043 698 3070 e
735 3028 779 3070 d.
822 3028 936 3071 Solo
968 3027 1068 3071 cod.
1093 3027 1195 3071 MS.

298 3093 341 3130 et
363 3101 508 3153 nuper
528 3083 838 3143 Kiesslingius.

354 3143 658 3197 relzgiom'bus
674 3149 718 3184 et
737 3144 892 3185 divt'no
917 3142 1031 3185 iure.
1075 3142 1195 3185 Haec

329 3216 480 3257 uoque
500 3198 633 3242 Roth.
661 3199 690 3242 l.
719 3200 749 3243 l.
784 3215 1037 3267 synonyma
1068 3200 1190 3242 dicit.

299 3217 465 3303 ‹britur
486 3272 590 3299 sane
614 3259 684 3299 ius
713 3258 924 3299 divmum
956 3273 980 3300 e
1010 3256 1193 3315 religio-

299 3315 458 3366 nibus;
515 3321 751 3371 propterea
805 3323 956 3357 tamen
1006 3323 1194 3372 utraque

298 3387 557 3432 synonyma
609 3385 703 3412 non
756 3371 957 3414 dixerim.
1046 3371 1195 3415 Semel

302 3431 530 3475 monuisse
557 3426 770 3479 sufficiat,
800 3444 894 3472 non
923 3428 1072 3471 omnia
1101 3444 1196 3471 esse

302 3502 582 3546 synonyma,
633 3499 747 3542 quae
788 3494 947 3530 natura
994 3503 1071 3530 sua
1104 3494 1197 3530 arte

301 3544 544 3590 coniuncta
570 3558 664 3588 esse
684 3543 843 3586 solent.

1325 1991 1438 2037 οη.
1467 1993 1538 2037 27.
1598 1974 1858 2050 factiones.
1931 1994 2014 2052 Ed·
2054 1994 2163 2040 Au.

1255 2051 1501 2109 factionis.

1326 2112 1531 2152 tuendae
1561 2110 1791 2153 liber-tans
1818 2118 1862 2153 et
1880 2111 2164 2167 firmandae

1269 2168 1560 2267 ggncordiae.
1622 2168 1683 2212 cf.
1715 2177 1814 2212 not.
1845 2168 1903 2211 ad
1928 2185 1968 2212 c.
1991 2169 2033 2212 7.
2057 2179 2100 2213 et
2121 2170 2164 2222 2,

1311 2282 1429 2337 finis
1459 2285 1603 2338 aequi
1629 2283 1759 2326 iuris.

1266 2355 1466 2395 aequum
1509 2341 1582 2383 ius
1619 2340 1960 2398 interpretatur:
2008 2359 2163 2393 „eon-

1265 2412 1398 2440 sensu
1422 2397 1632 2440 ordinum
1655 2397 2017 2442 introductum.'’
2059 2401 2163 2444 Ma-

1269 2454 1431 2496 luerim
1484 2454 1670 2512 intelligi
1732 2454 1882 2512 legum
1931 2453 2076 2511 σύστη
2115 2474 2161 2514 α,

1267 2527 1380 2569 quae
1440 2511 1662 2569 aequitate
1706 2512 1948 2556 nituntur.
2091 2532 2163 2559 am

1267 2584 1471 2624 aequum
1513 2571 1586 2610 ius
1619 2568 1865 2635 opponitur
1900 2571 2073 2616 iuribus
2106 2573 2165 2616 ita

1829 2283 2164 2329 Freinshemius

1269 2625 1411 2676 dit-tis,
1439 2641 1551 2682 quae
1577 2642 1656 2684 per
1681 2643 1776 2670 vim
1832 2637 2029 2672 arantur.
2085 2630 2164 2673 Fi-

1266 2685 1344 2726 m's
1386 2683 1698 2726 Freinshemio
1749 2644 1862 2727 nillil
1915 2686 2035 2730 aliud
2085 2695 2167 2739 est,

1268 2752 1401 2797 quam
1437 2750 1686 2783 extremum
1721 2749 1919 2800 tempus,
1961 2753 2009 2786 ut
2036 2761 2163 2803 supr.

1265 2799 1307 2849 2,
1326 2798 1396 2841 34.
1423 2806 1465 2839 et
1487 2797 1592 2842 infr.
1621 2800 1686 2849 15‚·
1709 2799 1776 2842 50.
1837 2798 1954 2844 Cum
1975 2802 2163 2846 Freins-

1266 2855 1418 2898 hemio
1446 2857 1668 2899 consentit
1693 2856 1889 2900 Hillerus
1910 2858 1956 2901 in
1978 2858 2161 2904 Racem.

1265 2913 1337 2956 23.
1393 2912 1608 2955 'Ernestio
1641 2923 1789 2956 autem
1815 2915 1915 2958 finis
1946 2915 2164 2984 accipitur

1270 2974 1323 3013 de
1349 2969 1635 3013 absolutione
1659 2979 1701 3013 et
1725 2971 2004 3029 perfectione
2037 2975 2162 3019 nuris.

1269 3028 1327 3070 cf.
1356 3026 1619 3071 Cie.Planc.
1647 3029 1715 3071 25.
1734 3061 1747 3080 ,
1780 3029 1856 3072 ubi
1889 3033 2164 3074 consulatus

1267 3085 1433 3128 dicitur
1449 3084 1566 3138 finis
1595 3087 1829 3128 honorum
1855 3088 2031 3140 populi.
2093 3088 2160 3132 ld.

1267 3142 1402 3185 Tusc.
1437 3142 1478 3192 2,
1511 3144 1550 3184 1.
1584 3142 1663 3185 ubi
1686 3144 1807 3198 finis
1841 3146 2072 3198 sperandi
2099 3154 2164 3189 est

1266 3215 1510 3249 summum,
1541 3199 1662 3256 quod
1687 3198 1785 3256 quis
1801 3215 1982 3257 sperare
2002 3211 2162 3260 potest.

1266 3258 1439 3299 Verum
1473 3255 1527 3297 ad
1560 3264 1735 3315 tempus
1769 3258 1991 3316 respicere
2026 3274 2162 3302 voca-

1266 3313 1424 3356 bulum
1446 3313 1589 3368 finis,
1631 3314 1734 3356 satis
1759 3323 1877 3372 patet
1903 3333 1951 3358 ex
1975 3316 2159 3375 opposi—

1267 3372 1347 3414 tis:
1399 3385 1518 3412 nom
1557 3379 1802 3415 secutae
1841 3375 1982 3426 leges.
2061 3372 2161 3415 Hoc

1267 3428 1351 3471 sibi
1374 3427 1498 3476 vult,
1529 3428 1649 3485 leges
1680 3437 1782 3485 post
1817 3429 2059 3473 duodecim
2091 3438 2162 3474 ta—

1267 3485 1479 3529 bularum
1501 3485 1837 3529 confectionem
1861 3494 2035 3529 secutas
2065 3502 2161 3530 non

1267 3542 1535 3602 pertinuisse
1574 3543 1630 3587 ad
1666 3557 1858 3599 aequum
1897 3542 1990 3591 iu's,
2035 3543 2162 3588 illas-
