<?xml version="1.0" encoding="UTF-8"?>
<!DOCTYPE html PUBLIC "-//W3C//DTD XHTML 1.0 Transitional//EN"
    "http://www.w3.org/TR/xhtml1/DTD/xhtml1-transitional.dtd">
<html xmlns="http://www.w3.org/1999/xhtml" xml:lang="en" lang="en">
 <head>
  <title>
</title>
<meta http-equiv="Content-Type" content="text/html;charset=utf-8" />
  <meta name='ocr-system' content='tesseract 3.04.00' />
  <meta name='ocr-capabilities' content='ocr_page ocr_carea ocr_par ocr_line ocrx_word'/>
</head>
<body>
  <div class='ocr_page' id='page_1' title='image "./operarecensuitet01taciuoft/operarecensuitet01taciuoft_0134.png"; bbox 0 0 2222 4030; ppageno 0'>
   <div class='ocr_carea' id='block_1_1' title="bbox 1805 253 2030 334">
    <p class='ocr_par' dir='ltr' id='par_1_1' title="bbox 1805 253 2030 334">
     <span class='ocr_line' id='line_1_1' title="bbox 1806 253 2028 290; baseline 0 -2"><span class='ocrx_word' id='word_1_1' title='bbox 1806 253 1855 288; x_wconf 83' lang='lat' dir='ltr'><strong>A.</strong></span> <span class='ocrx_word' id='word_1_2' title='bbox 1875 253 1929 288; x_wconf 89' lang='lat' dir='ltr'><strong>U.</strong></span> <span class='ocrx_word' id='word_1_3' title='bbox 1948 254 2028 290; x_wconf 74' lang='lat'><strong>76⁸.</strong></span> 
     </span>
     <span class='ocr_line' id='line_1_2' title="bbox 1805 297 2030 334; baseline 0.009 -2"><span class='ocrx_word' id='word_1_4' title='bbox 1805 300 1856 332; x_wconf 80' lang='lat' dir='ltr'><strong>A.</strong></span> <span class='ocrx_word' id='word_1_5' title='bbox 1878 297 1925 334; x_wconf 86' lang='lat' dir='ltr'><strong>C.</strong></span> <span class='ocrx_word' id='word_1_6' title='bbox 1970 299 2030 334; x_wconf 71' lang='lat'><strong>15.</strong></span> 
     </span>
    </p>
   </div>
   <div class='ocr_carea' id='block_1_2' title="bbox 262 250 2125 1740">
    <p class='ocr_par' dir='ltr' id='par_1_2' title="bbox 266 250 2125 1395">
     <span class='ocr_line' id='line_1_3' title="bbox 272 250 1634 338; baseline -0.002 -21"><span class='ocrx_word' id='word_1_7' title='bbox 272 257 354 317; x_wconf 87' lang='lat'><strong>84</strong></span> <span class='ocrx_word' id='word_1_8' title='bbox 901 311 906 318; x_wconf 86' lang='grc'><strong><em>,</em></strong></span> <span class='ocrx_word' id='word_1_9' title='bbox 935 250 1446 338; x_wconf 80' lang='lat' dir='ltr'><strong>ANNALIUM</strong></span> <span class='ocrx_word' id='word_1_10' title='bbox 1605 279 1634 314; x_wconf 59' lang='lat' dir='ltr'>x</span> 
     </span>
     <span class='ocr_line' id='line_1_4' title="bbox 272 382 2120 463; baseline 0.001 -19"><span class='ocrx_word' id='word_1_11' title='bbox 272 398 341 444; x_wconf 92' lang='lat' dir='ltr'><strong>ut</strong></span> <span class='ocrx_word' id='word_1_12' title='bbox 388 386 548 463; x_wconf 88' lang='lat' dir='ltr'><strong>quod</strong></span> <span class='ocrx_word' id='word_1_13' title='bbox 599 383 963 441; x_wconf 86' lang='lat' dir='ltr'><strong>imbecillum</strong></span> <span class='ocrx_word' id='word_1_14' title='bbox 1002 394 1184 441; x_wconf 89' lang='lat' dir='ltr'><strong>aetate</strong></span> <span class='ocrx_word' id='word_1_15' title='bbox 1221 397 1285 441; x_wconf 83' lang='lat' dir='ltr'><strong>ac</strong></span> <span class='ocrx_word' id='word_1_16' title='bbox 1320 404 1460 441; x_wconf 86' lang='lat' dir='ltr'><strong>sexu</strong></span> <span class='ocrx_word' id='word_1_17' title='bbox 1515 382 1711 440; x_wconf 88' lang='lat' dir='ltr'><strong>statim</strong></span> <span class='ocrx_word' id='word_1_18' title='bbox 1751 399 1984 462; x_wconf 89' lang='lat' dir='ltr'><strong>captum</strong></span> <span class='ocrx_word' id='word_1_19' title='bbox 2018 399 2120 446; x_wconf 88' lang='lat' dir='ltr'><strong>aut</strong></span> 
     </span>
     <span class='ocr_line' id='line_1_5' title="bbox 271 464 2122 545; baseline 0 -16"><span class='ocrx_word' id='word_1_20' title='bbox 271 473 630 529; x_wconf 81' lang='lat' dir='ltr'><strong>trucidatum</strong></span> <span class='ocrx_word' id='word_1_21' title='bbox 665 469 769 539; x_wconf 90' lang='lat' dir='ltr'><strong>sit,</strong></span> <span class='ocrx_word' id='word_1_22' title='bbox 814 469 1087 526; x_wconf 89' lang='lat' dir='ltr'><strong>iuventus</strong></span> <span class='ocrx_word' id='word_1_23' title='bbox 1114 470 1337 525; x_wconf 89' lang='lat' dir='ltr'><strong>flumen</strong></span> <span class='ocrx_word' id='word_1_24' title='bbox 1359 464 1665 526; x_wconf 78' lang='lat' dir='ltr'>Adranam</span> <span class='ocrx_word' id='word_1_25' title='bbox 1695 473 1895 528; x_wconf 90' lang='lat' dir='ltr'><strong>nando</strong></span> <span class='ocrx_word' id='word_1_26' title='bbox 1917 474 2122 545; x_wconf 81' lang='lat' dir='ltr'><strong>trami-</strong></span> 
     </span>
     <span class='ocr_line' id='line_1_6' title="bbox 274 553 2122 630; baseline 0 -17"><span class='ocrx_word' id='word_1_27' title='bbox 274 556 429 614; x_wconf 88' lang='lat' dir='ltr'><strong>serit.</strong></span> <span class='ocrx_word' id='word_1_28' title='bbox 526 553 948 630; x_wconf 83' lang='lat' dir='ltr'><strong>Romanosque</strong></span> <span class='ocrx_word' id='word_1_29' title='bbox 992 566 1231 629; x_wconf 88' lang='lat' dir='ltr'><strong>pontem</strong></span> <span class='ocrx_word' id='word_1_30' title='bbox 1261 555 1591 628; x_wconf 44' lang='lat' dir='ltr'><strong>*coeptantis</strong></span> <span class='ocrx_word' id='word_1_31' title='bbox 1631 556 1928 612; x_wconf 79' lang='lat' dir='ltr'>arcebant:</span> <span class='ocrx_word' id='word_1_32' title='bbox 1983 559 2122 613; x_wconf 88' lang='lat' dir='ltr'><strong>dein</strong></span> 
     </span>
     <span class='ocr_line' id='line_1_7' title="bbox 270 639 2122 715; baseline -0.001 -17"><span class='ocrx_word' id='word_1_33' title='bbox 270 640 580 698; x_wconf 89' lang='lat' dir='ltr'><strong>tormentis</strong></span> <span class='ocrx_word' id='word_1_34' title='bbox 606 640 942 715; x_wconf 79' lang='lat' dir='ltr'><strong>sagittisque</strong></span> <span class='ocrx_word' id='word_1_35' title='bbox 966 639 1144 714; x_wconf 88' lang='lat' dir='ltr'><strong>pulsi,</strong></span> <span class='ocrx_word' id='word_1_36' title='bbox 1185 639 1419 694; x_wconf 85' lang='lat' dir='ltr'><strong>tentatis</strong></span> <span class='ocrx_word' id='word_1_37' title='bbox 1443 642 1657 696; x_wconf 84' lang='lat' dir='ltr'><strong>frustra</strong></span> <span class='ocrx_word' id='word_1_38' title='bbox 1685 641 2122 697; x_wconf 89' lang='lat' dir='ltr'><strong>conditionibus</strong></span> 
     </span>
     <span class='ocr_line' id='line_1_8' title="bbox 271 721 2123 802; baseline -0.001 -20"><span class='ocrx_word' id='word_1_39' title='bbox 271 726 461 802; x_wconf 86' lang='lat' dir='ltr'><strong>paciS,</strong></span> <span class='ocrx_word' id='word_1_40' title='bbox 507 745 641 781; x_wconf 90' lang='lat' dir='ltr'><strong>cum</strong></span> <span class='ocrx_word' id='word_1_41' title='bbox 678 725 919 801; x_wconf 88' lang='lat' dir='ltr'><strong>quidam</strong></span> <span class='ocrx_word' id='word_1_42' title='bbox 956 725 1030 779; x_wconf 90' lang='lat' dir='ltr'><strong>ad</strong></span> <span class='ocrx_word' id='word_1_43' title='bbox 1067 721 1490 780; x_wconf 87' lang='lat' dir='ltr'><strong>Germanicum</strong></span> <span class='ocrx_word' id='word_1_44' title='bbox 1520 726 1939 800; x_wconf 84' lang='lat' dir='ltr'><strong>perfugissent,</strong></span> <span class='ocrx_word' id='word_1_45' title='bbox 1981 726 2123 782; x_wconf 90' lang='lat' dir='ltr'><strong>reli-</strong></span> 
     </span>
     <span class='ocr_line' id='line_1_9' title="bbox 272 807 2125 888; baseline -0.001 -20"><span class='ocrx_word' id='word_1_46' title='bbox 272 812 377 888; x_wconf 87' lang='lat' dir='ltr'><strong>qui</strong></span> <span class='ocrx_word' id='word_1_47' title='bbox 413 809 640 867; x_wconf 89' lang='lat' dir='ltr'><strong>omissis</strong></span> <span class='ocrx_word' id='word_1_48' title='bbox 673 809 836 885; x_wconf 89' lang='lat' dir='ltr'><strong>pagis</strong></span> <span class='ocrx_word' id='word_1_49' title='bbox 867 809 1128 884; x_wconf 76' lang='lat' dir='ltr'><strong>vicisque</strong></span> <span class='ocrx_word' id='word_1_50' title='bbox 1166 807 1230 863; x_wconf 91' lang='lat' dir='ltr'><strong>in</strong></span> <span class='ocrx_word' id='word_1_51' title='bbox 1258 808 1433 865; x_wconf 89' lang='lat' dir='ltr'><strong>silvas</strong></span> <span class='ocrx_word' id='word_1_52' title='bbox 1456 810 1889 886; x_wconf 87' lang='lat' dir='ltr'><strong>disperguntur.</strong></span> <span class='ocrx_word' id='word_1_53' title='bbox 1975 809 2125 868; x_wconf 89' lang='lat' dir='ltr'><strong>Cae—</strong></span> 
     </span>
     <span class='ocr_line' id='line_1_10' title="bbox 272 891 2123 972; baseline -0.001 -20"><span class='ocrx_word' id='word_1_54' title='bbox 272 917 366 952; x_wconf 90' lang='lat' dir='ltr'><strong>sar</strong></span> <span class='ocrx_word' id='word_1_55' title='bbox 389 895 626 952; x_wconf 91' lang='lat' dir='ltr'><strong>incenso</strong></span> <span class='ocrx_word' id='word_1_56' title='bbox 653 893 867 952; x_wconf 89' lang='lat' dir='ltr'><strong>Mattio</strong></span> <span class='ocrx_word' id='word_1_57' title='bbox 896 891 983 971; x_wconf 85' lang='lat' dir='ltr'><strong>(id</strong></span> <span class='ocrx_word' id='word_1_58' title='bbox 1010 892 1169 966; x_wconf 87' lang='lat' dir='ltr'><strong>genti</strong></span> <span class='ocrx_word' id='word_1_59' title='bbox 1191 891 1389 972; x_wconf 87' lang='lat' dir='ltr'><strong>caput)</strong></span> <span class='ocrx_word' id='word_1_60' title='bbox 1428 907 1626 970; x_wconf 88' lang='lat' dir='ltr'><strong>aperta</strong></span> <span class='ocrx_word' id='word_1_61' title='bbox 1651 898 1966 972; x_wconf 90' lang='lat' dir='ltr'><strong>populatus</strong></span> <span class='ocrx_word' id='word_1_62' title='bbox 1989 916 2123 951; x_wconf 87' lang='lat' dir='ltr'><strong>ver-</strong></span> 
     </span>
     <span class='ocr_line' id='line_1_11' title="bbox 270 971 2123 1052; baseline -0.002 -13"><span class='ocrx_word' id='word_1_63' title='bbox 270 980 342 1039; x_wconf 90' lang='lat' dir='ltr'><strong>tit</strong></span> <span class='ocrx_word' id='word_1_64' title='bbox 377 983 450 1038; x_wconf 91' lang='lat' dir='ltr'><strong>ad</strong></span> <span class='ocrx_word' id='word_1_65' title='bbox 472 975 785 1048; x_wconf 85' lang='lat' dir='ltr'>Rhenum,</span> <span class='ocrx_word' id='word_1_66' title='bbox 829 999 954 1034; x_wconf 89' lang='lat' dir='ltr'><strong>non</strong></span> <span class='ocrx_word' id='word_1_67' title='bbox 991 997 1130 1034; x_wconf 88' lang='lat' dir='ltr'><strong>auso</strong></span> <span class='ocrx_word' id='word_1_68' title='bbox 1170 971 1339 1033; x_wconf 89' lang='lat' dir='ltr'><strong>hoste</strong></span> <span class='ocrx_word' id='word_1_69' title='bbox 1370 990 1534 1052; x_wconf 88' lang='lat' dir='ltr'><strong>terga</strong></span> <span class='ocrx_word' id='word_1_70' title='bbox 1571 981 1916 1038; x_wconf 89' lang='lat' dir='ltr'><strong>abeuntium</strong></span> <span class='ocrx_word' id='word_1_71' title='bbox 1937 982 2123 1043; x_wconf 11' lang='lat' dir='ltr'><strong>*laces-</strong></span> 
     </span>
     <span class='ocr_line' id='line_1_12' title="bbox 269 1062 2122 1142; baseline -0.001 -19"><span class='ocrx_word' id='word_1_72' title='bbox 269 1086 422 1135; x_wconf 90' lang='lat' dir='ltr'><strong>sere,</strong></span> <span class='ocrx_word' id='word_1_73' title='bbox 466 1066 626 1142; x_wconf 85' lang='lat' dir='ltr'><strong>quod</strong></span> <span class='ocrx_word' id='word_1_74' title='bbox 651 1064 743 1119; x_wconf 90' lang='lat' dir='ltr'><strong>illi</strong></span> <span class='ocrx_word' id='word_1_75' title='bbox 765 1064 976 1132; x_wconf 81' lang='lat' dir='ltr'><strong>moriS,</strong></span> <span class='ocrx_word' id='word_1_76' title='bbox 1015 1062 1287 1138; x_wconf 89' lang='lat' dir='ltr'><strong>quotiens</strong></span> <span class='ocrx_word' id='word_1_77' title='bbox 1311 1075 1440 1119; x_wconf 90' lang='lat' dir='ltr'><strong>astu</strong></span> <span class='ocrx_word' id='word_1_78' title='bbox 1461 1065 1648 1137; x_wconf 88' lang='lat' dir='ltr'><strong>magis</strong></span> <span class='ocrx_word' id='word_1_79' title='bbox 1670 1087 1848 1142; x_wconf 86' lang='lat' dir='ltr'><strong>quam</strong></span> <span class='ocrx_word' id='word_1_80' title='bbox 1869 1086 1973 1140; x_wconf 92' lang='lat' dir='ltr'><strong>per</strong></span> <span class='ocrx_word' id='word_1_81' title='bbox 1997 1068 2122 1121; x_wconf 85' lang='lat' dir='ltr'><strong>for-</strong></span> 
     </span>
     <span class='ocr_line' id='line_1_13' title="bbox 266 1144 2120 1208; baseline -0.001 0"><span class='ocrx_word' id='word_1_82' title='bbox 266 1151 554 1208; x_wconf 89' lang='lat' dir='ltr'><strong>midinem</strong></span> <span class='ocrx_word' id='word_1_83' title='bbox 577 1150 761 1207; x_wconf 85' lang='lat' dir='ltr'><strong>cessit.</strong></span> <span class='ocrx_word' id='word_1_84' title='bbox 848 1147 1065 1204; x_wconf 80' lang='lat' dir='ltr'><strong>Fuerat</strong></span> <span class='ocrx_word' id='word_1_85' title='bbox 1089 1148 1322 1203; x_wconf 90' lang='lat' dir='ltr'><strong>animus</strong></span> <span class='ocrx_word' id='word_1_86' title='bbox 1343 1144 1656 1206; x_wconf 86' lang='lat' dir='ltr'><strong>Cheruscis</strong></span> <span class='ocrx_word' id='word_1_87' title='bbox 1679 1151 1880 1207; x_wconf 85' lang='lat' dir='ltr'><strong>iuvare</strong></span> <span class='ocrx_word' id='word_1_88' title='bbox 1894 1148 2120 1206; x_wconf 89' lang='lat' dir='ltr'><strong>Cattos:</strong></span> 
     </span>
     <span class='ocr_line' id='line_1_14' title="bbox 267 1228 2122 1306; baseline -0.002 -12"><span class='ocrx_word' id='word_1_89' title='bbox 267 1237 369 1294; x_wconf 90' lang='lat' dir='ltr'><strong>sed</strong></span> <span class='ocrx_word' id='word_1_90' title='bbox 403 1234 681 1292; x_wconf 81' lang='lat' dir='ltr'><strong>exterruit</strong></span> <span class='ocrx_word' id='word_1_91' title='bbox 716 1232 968 1293; x_wconf 87' lang='lat' dir='ltr'><strong>Caecina</strong></span> <span class='ocrx_word' id='word_1_92' title='bbox 1003 1228 1120 1289; x_wconf 91' lang='lat' dir='ltr'><strong>huc</strong></span> <span class='ocrx_word' id='word_1_93' title='bbox 1155 1233 1298 1289; x_wconf 89' lang='lat' dir='ltr'><strong>illuc</strong></span> <span class='ocrx_word' id='word_1_94' title='bbox 1330 1235 1524 1290; x_wconf 87' lang='lat' dir='ltr'><strong>ferens</strong></span> <span class='ocrx_word' id='word_1_95' title='bbox 1557 1255 1752 1306; x_wconf 89' lang='lat' dir='ltr'><strong>arma,</strong></span> <span class='ocrx_word' id='word_1_96' title='bbox 1797 1246 1854 1302; x_wconf 87' lang='lat' dir='ltr'><strong>et</strong></span> <span class='ocrx_word' id='word_1_97' title='bbox 1888 1233 2122 1291; x_wconf 81' lang='lat' dir='ltr'><strong>Marsos</strong></span> 
     </span>
     <span class='ocr_line' id='line_1_15' title="bbox 267 1315 1612 1395; baseline 0.002 -18"><span class='ocrx_word' id='word_1_98' title='bbox 267 1320 546 1395; x_wconf 85' lang='lat' dir='ltr'><strong>congredi</strong></span> <span class='ocrx_word' id='word_1_99' title='bbox 571 1338 742 1381; x_wconf 76' lang='lat' dir='ltr'><strong>ausos</strong></span> <span class='ocrx_word' id='word_1_100' title='bbox 765 1337 1048 1393; x_wconf 91' lang='lat' dir='ltr'><strong>prospero</strong></span> <span class='ocrx_word' id='word_1_101' title='bbox 1073 1318 1300 1393; x_wconf 90' lang='lat' dir='ltr'><strong>proelio</strong></span> <span class='ocrx_word' id='word_1_102' title='bbox 1329 1315 1612 1381; x_wconf 86' lang='lat' dir='ltr'><strong>cohibuit.</strong></span> 
     </span>
    </p>

    <p class='ocr_par' dir='ltr' id='par_1_3' title="bbox 262 1402 2123 1740">
     <span class='ocr_line' id='line_1_16' title="bbox 433 1402 2123 1482; baseline -0.002 -19"><span class='ocrx_word' id='word_1_103' title='bbox 433 1402 623 1463; x_wconf 88' lang='lat' dir='ltr'><strong>LVII.</strong></span> <span class='ocrx_word' id='word_1_104' title='bbox 656 1402 883 1479; x_wconf 68' lang='lat' dir='ltr'><strong>rNeque</strong></span> <span class='ocrx_word' id='word_1_105' title='bbox 918 1403 1106 1482; x_wconf 80' lang='lat' dir='ltr'><strong>multo</strong></span> <span class='ocrx_word' id='word_1_106' title='bbox 1142 1415 1275 1478; x_wconf 89' lang='lat' dir='ltr'><strong>post</strong></span> <span class='ocrx_word' id='word_1_107' title='bbox 1305 1405 1482 1478; x_wconf 84' lang='lat' dir='ltr'><strong>legati</strong></span> <span class='ocrx_word' id='word_1_108' title='bbox 1516 1419 1548 1460; x_wconf 79' lang='lat' dir='ltr'><strong>a&#39;</strong></span> <span class='ocrx_word' id='word_1_109' title='bbox 1572 1406 1806 1480; x_wconf 85' lang='lat' dir='ltr'><strong>Segeste</strong></span> <span class='ocrx_word' id='word_1_110' title='bbox 1833 1417 2123 1462; x_wconf 86' lang='lat' dir='ltr'><strong>venerunt</strong></span> 
     </span>
     <span class='ocr_line' id='line_1_17' title="bbox 264 1488 2123 1567; baseline -0.002 -19"><span class='ocrx_word' id='word_1_111' title='bbox 264 1491 549 1553; x_wconf 82' lang='lat' dir='ltr'><strong>auxilium</strong></span> <span class='ocrx_word' id='word_1_112' title='bbox 586 1500 820 1545; x_wconf 86' lang='lat' dir='ltr'><strong>orantes</strong></span> <span class='ocrx_word' id='word_1_113' title='bbox 856 1489 1134 1545; x_wconf 85' lang='lat' dir='ltr'><strong>adversus</strong></span> <span class='ocrx_word' id='word_1_114' title='bbox 1170 1488 1294 1544; x_wconf 87' lang='lat' dir='ltr'><strong>vim</strong></span> <span class='ocrx_word' id='word_1_115' title='bbox 1326 1490 1733 1565; x_wconf 85' lang='lat' dir='ltr'><strong>popularium,</strong></span> <span class='ocrx_word' id='word_1_116' title='bbox 1777 1512 1810 1548; x_wconf 90' lang='lat' dir='ltr'><strong>a</strong></span> <span class='ocrx_word' id='word_1_117' title='bbox 1842 1492 1972 1567; x_wconf 90' lang='lat' dir='ltr'><strong>quis</strong></span> <span class='ocrx_word' id='word_1_118' title='bbox 2009 1491 2123 1564; x_wconf 79' lang='lat' dir='ltr'><strong>cir-</strong></span> 
     </span>
     <span class='ocr_line' id='line_1_18' title="bbox 264 1571 2123 1655; baseline -0.002 -21"><span class='ocrx_word' id='word_1_119' title='bbox 264 1575 739 1644; x_wconf 83' lang='lat' dir='ltr'><strong>cumsedebatur,</strong></span> <span class='ocrx_word' id='word_1_120' title='bbox 773 1573 1067 1636; x_wconf 74' lang='lat' dir='ltr'><strong>validiore„</strong></span> <span class='ocrx_word' id='word_1_121' title='bbox 1087 1575 1245 1650; x_wconf 87' lang='lat' dir='ltr'><strong>apud</strong></span> <span class='ocrx_word' id='word_1_122' title='bbox 1272 1594 1370 1631; x_wconf 91' lang='lat' dir='ltr'><strong>eos</strong></span> <span class='ocrx_word' id='word_1_123' title='bbox 1385 1571 1688 1649; x_wconf 80' lang='lat' dir='ltr'><strong>Arminio,</strong></span> <span class='ocrx_word' id='word_1_124' title='bbox 1732 1578 1968 1655; x_wconf 85' lang='lat' dir='ltr'><strong>quando</strong></span> <span class='ocrx_word' id='word_1_125' title='bbox 1994 1577 2123 1632; x_wconf 89' lang='lat' dir='ltr'><strong>bel-</strong></span> 
     </span>
     <span class='ocr_line' id='line_1_19' title="bbox 262 1657 2120 1740; baseline -0.001 -23"><span class='ocrx_word' id='word_1_126' title='bbox 262 1663 390 1737; x_wconf 87' lang='lat' dir='ltr'><strong>lum</strong></span> <span class='ocrx_word' id='word_1_127' title='bbox 443 1660 741 1719; x_wconf 80' lang='lat' dir='ltr'><strong>suadebat.</strong></span> <span class='ocrx_word' id='word_1_128' title='bbox 848 1657 1002 1715; x_wconf 89' lang='lat' dir='ltr'><strong>Nam</strong></span> <span class='ocrx_word' id='word_1_129' title='bbox 1051 1659 1345 1731; x_wconf 76' lang='lat' dir='ltr'><strong>barbaris,</strong></span> <span class='ocrx_word' id='word_1_130' title='bbox 1409 1676 1630 1737; x_wconf 90' lang='lat' dir='ltr'><strong>quanto</strong></span> <span class='ocrx_word' id='word_1_131' title='bbox 1687 1664 1819 1740; x_wconf 90' lang='lat' dir='ltr'><strong>quis</strong></span> <span class='ocrx_word' id='word_1_132' title='bbox 1879 1661 2120 1718; x_wconf 86' lang='lat' dir='ltr'><strong>audacia</strong></span> 
     </span>
    </p>
   </div>
   <div class='ocr_carea' id='block_1_3' title="bbox 261 1742 2121 1825">
    <p class='ocr_par' dir='ltr' id='par_1_4' title="bbox 261 1742 2121 1825">
     <span class='ocr_line' id='line_1_20' title="bbox 261 1742 2121 1825; baseline -0.001 -21"><span class='ocrx_word' id='word_1_133' title='bbox 261 1757 598 1823; x_wconf 69' lang='lat' dir='ltr'><strong>promptim,</strong></span> <span class='ocrx_word' id='word_1_134' title='bbox 627 1755 792 1804; x_wconf 87' lang='lat' dir='ltr'><strong>tanto</strong></span> <span class='ocrx_word' id='word_1_135' title='bbox 818 1745 1004 1819; x_wconf 86' lang='lat' dir='ltr'><strong>magis</strong></span> <span class='ocrx_word' id='word_1_136' title='bbox 1028 1745 1178 1801; x_wconf 86' lang='lat' dir='ltr'><strong>fidus</strong></span> <span class='ocrx_word' id='word_1_137' title='bbox 1198 1747 1489 1824; x_wconf 85' lang='lat' dir='ltr'><strong>rebusque</strong></span> <span class='ocrx_word' id='word_1_138' title='bbox 1512 1750 1689 1807; x_wconf 89' lang='lat' dir='ltr'><strong>motis</strong></span> <span class='ocrx_word' id='word_1_139' title='bbox 1717 1747 1914 1825; x_wconf 87' lang='lat' dir='ltr'><strong>potior</strong></span> <span class='ocrx_word' id='word_1_140' title='bbox 1936 1742 2121 1803; x_wconf 54' lang='lat' dir='ltr'><strong>habe*—</strong></span> 
     </span>
    </p>
   </div>
   <div class='ocr_carea' id='block_1_4' title="bbox 235 1950 2120 2024">
    <p class='ocr_par' dir='ltr' id='par_1_5' title="bbox 235 1950 2120 2024">
     <span class='ocr_line' id='line_1_21' title="bbox 235 1950 2120 2024; baseline 0.001 -16"><span class='ocrx_word' id='word_1_141' title='bbox 235 1995 251 2007; x_wconf 56' lang='grc'><em>,</em></span> <span class='ocrx_word' id='word_1_142' title='bbox 320 1968 591 2011; x_wconf 78' lang='lat' dir='ltr'><strong>tramiserit.</strong></span> <span class='ocrx_word' id='word_1_143' title='bbox 638 1967 702 2011; x_wconf 83' lang='lat' dir='ltr'><strong>Ex</strong></span> <span class='ocrx_word' id='word_1_144' title='bbox 724 1950 1155 2012; x_wconf 76' lang='lat' dir='ltr'><strong>emendatione&#39;Aci&#39;·</strong></span> <span class='ocrx_word' id='word_1_145' title='bbox 1286 1968 1397 2014; x_wconf 73' lang='lat' dir='ltr'><strong>CAP.</strong></span> <span class='ocrx_word' id='word_1_146' title='bbox 1435 1966 1507 2011; x_wconf 88' lang='lat'><strong>57.</strong></span> <span class='ocrx_word' id='word_1_147' title='bbox 1559 1971 1744 2024; x_wconf 82' lang='lat' dir='ltr'><strong>quando</strong></span> <span class='ocrx_word' id='word_1_148' title='bbox 1783 1967 1956 2012; x_wconf 83' lang='lat' dir='ltr'><strong>bellum</strong></span> <span class='ocrx_word' id='word_1_149' title='bbox 1985 1970 2120 2013; x_wconf 80' lang='lat' dir='ltr'><strong>suad.</strong></span> 
     </span>
    </p>
   </div>
   <div class='ocr_carea' id='block_1_5' title="bbox 254 2023 1158 3619">
    <p class='ocr_par' dir='ltr' id='par_1_6' title="bbox 254 2023 1158 3619">
     <span class='ocr_line' id='line_1_22' title="bbox 262 2023 1156 2082; baseline -0.003 -14"><span class='ocrx_word' id='word_1_150' title='bbox 262 2023 368 2068; x_wconf 72' lang='lat' dir='ltr'><strong>datii</strong></span> <span class='ocrx_word' id='word_1_151' title='bbox 391 2024 526 2068; x_wconf 86' lang='lat' dir='ltr'><strong>hodie</strong></span> <span class='ocrx_word' id='word_1_152' title='bbox 548 2025 651 2070; x_wconf 89' lang='lat' dir='ltr'><strong>edd.</strong></span> <span class='ocrx_word' id='word_1_153' title='bbox 671 2042 828 2070; x_wconf 88' lang='lat' dir='ltr'><strong>omnes</strong></span> <span class='ocrx_word' id='word_1_154' title='bbox 847 2026 1034 2082; x_wconf 84' lang='lat' dir='ltr'><strong>vulgant</strong></span> <span class='ocrx_word' id='word_1_155' title='bbox 1058 2032 1156 2067; x_wconf 83' lang='lat' dir='ltr'><strong>tra·</strong></span> 
     </span>
     <span class='ocr_line' id='line_1_23' title="bbox 261 2082 1156 2136; baseline -0.001 -12"><span class='ocrx_word' id='word_1_156' title='bbox 261 2085 483 2136; x_wconf 80' lang='lat' dir='ltr'><strong>miserat,</strong></span> <span class='ocrx_word' id='word_1_157' title='bbox 545 2085 702 2128; x_wconf 85' lang='lat' dir='ltr'><strong>scabra</strong></span> <span class='ocrx_word' id='word_1_158' title='bbox 745 2082 995 2125; x_wconf 87' lang='lat' dir='ltr'><strong>verborum</strong></span> <span class='ocrx_word' id='word_1_159' title='bbox 1048 2096 1156 2125; x_wconf 86' lang='lat' dir='ltr'><strong>con·</strong></span> 
     </span>
     <span class='ocr_line' id='line_1_24' title="bbox 261 2138 1156 2198; baseline -0.002 -15"><span class='ocrx_word' id='word_1_160' title='bbox 261 2138 526 2184; x_wconf 68' lang='lat' dir='ltr'><strong>struc‘tione.</strong></span> <span class='ocrx_word' id='word_1_161' title='bbox 592 2141 697 2184; x_wconf 91' lang='lat' dir='ltr'><strong>Non</strong></span> <span class='ocrx_word' id='word_1_162' title='bbox 721 2139 841 2183; x_wconf 90' lang='lat' dir='ltr'><strong>enim</strong></span> <span class='ocrx_word' id='word_1_163' title='bbox 872 2140 1038 2198; x_wconf 83' lang='lat' dir='ltr'><strong>patitur</strong></span> <span class='ocrx_word' id='word_1_164' title='bbox 1061 2140 1156 2181; x_wconf 86' lang='lat' dir='ltr'><strong>ele-</strong></span> 
     </span>
     <span class='ocr_line' id='line_1_25' title="bbox 261 2197 1158 2256; baseline -0.003 -16"><span class='ocrx_word' id='word_1_165' title='bbox 261 2198 408 2256; x_wconf 82' lang='lat' dir='ltr'><strong>gantia</strong></span> <span class='ocrx_word' id='word_1_166' title='bbox 431 2197 655 2242; x_wconf 90' lang='lat' dir='ltr'><strong>scribendi</strong></span> <span class='ocrx_word' id='word_1_167' title='bbox 677 2198 813 2241; x_wconf 84' lang='lat' dir='ltr'><strong>illud:</strong></span> <span class='ocrx_word' id='word_1_168' title='bbox 833 2201 1042 2240; x_wconf 83' lang='lat' dir='ltr'><strong>iuventus</strong></span> <span class='ocrx_word' id='word_1_169' title='bbox 1063 2203 1158 2237; x_wconf 85' lang='lat' dir='ltr'><strong>tra·</strong></span> 
     </span>
     <span class='ocr_line' id='line_1_26' title="bbox 261 2254 1155 2309; baseline -0.002 -12"><span class='ocrx_word' id='word_1_170' title='bbox 261 2257 455 2298; x_wconf 78' lang='lat' dir='ltr'><strong>miserat</strong></span> <span class='ocrx_word' id='word_1_171' title='bbox 495 2263 539 2297; x_wconf 82' lang='lat' dir='ltr'><strong>et</strong></span> <span class='ocrx_word' id='word_1_172' title='bbox 576 2258 840 2309; x_wconf 72' lang='lat' dir='ltr'><strong>arcebant„</strong></span> <span class='ocrx_word' id='word_1_173' title='bbox 879 2263 928 2296; x_wconf 89' lang='lat' dir='ltr'><strong>ut</strong></span> <span class='ocrx_word' id='word_1_174' title='bbox 959 2254 1018 2296; x_wconf 78' lang='lat' dir='ltr'><strong>ita</strong></span> <span class='ocrx_word' id='word_1_175' title='bbox 1049 2270 1155 2296; x_wconf 86' lang='lat' dir='ltr'><strong>ver-</strong></span> 
     </span>
     <span class='ocr_line' id='line_1_27' title="bbox 260 2311 1154 2369; baseline 0 -15"><span class='ocrx_word' id='word_1_176' title='bbox 260 2313 369 2356; x_wconf 87' lang='lat' dir='ltr'><strong>bum</strong></span> <span class='ocrx_word' id='word_1_177' title='bbox 407 2311 523 2369; x_wconf 82' lang='lat' dir='ltr'><strong>sing.</strong></span> <span class='ocrx_word' id='word_1_178' title='bbox 559 2329 686 2356; x_wconf 87' lang='lat' dir='ltr'><strong>num.</strong></span> <span class='ocrx_word' id='word_1_179' title='bbox 731 2321 773 2355; x_wconf 86' lang='lat' dir='ltr'><strong>et</strong></span> <span class='ocrx_word' id='word_1_180' title='bbox 809 2313 995 2354; x_wconf 76' lang='lat' dir='ltr'><strong>aiterum</strong></span> <span class='ocrx_word' id='word_1_181' title='bbox 1034 2312 1154 2369; x_wconf 89' lang='lat' dir='ltr'><strong>plur.</strong></span> 
     </span>
     <span class='ocr_line' id='line_1_28' title="bbox 260 2369 1154 2424; baseline -0.002 -12"><span class='ocrx_word' id='word_1_182' title='bbox 260 2376 389 2413; x_wconf 73' lang='lat' dir='ltr'><strong>nusn.</strong></span> <span class='ocrx_word' id='word_1_183' title='bbox 424 2369 557 2412; x_wconf 86' lang='lat' dir='ltr'><strong>simul</strong></span> <span class='ocrx_word' id='word_1_184' title='bbox 588 2387 692 2413; x_wconf 84' lang='lat' dir='ltr'><strong>cum</strong></span> <span class='ocrx_word' id='word_1_185' title='bbox 729 2372 939 2412; x_wconf 79' lang='lat' dir='ltr'><strong>iuventus</strong></span> <span class='ocrx_word' id='word_1_186' title='bbox 968 2369 1154 2424; x_wconf 77' lang='lat' dir='ltr'><strong>coniun-</strong></span> 
     </span>
     <span class='ocr_line' id='line_1_29' title="bbox 261 2426 1155 2484; baseline -0.001 -16"><span class='ocrx_word' id='word_1_187' title='bbox 261 2436 391 2484; x_wconf 78' lang='lat' dir='ltr'><strong>gatur</strong></span> <span class='ocrx_word' id='word_1_188' title='bbox 435 2426 483 2469; x_wconf 87' lang='lat' dir='ltr'><strong>in</strong></span> <span class='ocrx_word' id='word_1_189' title='bbox 517 2428 669 2471; x_wconf 86' lang='lat' dir='ltr'><strong>eadem</strong></span> <span class='ocrx_word' id='word_1_190' title='bbox 705 2427 835 2470; x_wconf 89' lang='lat' dir='ltr'><strong>serie.</strong></span> <span class='ocrx_word' id='word_1_191' title='bbox 917 2427 1027 2469; x_wconf 87' lang='lat' dir='ltr'><strong>Edd.</strong></span> <span class='ocrx_word' id='word_1_192' title='bbox 1060 2426 1155 2468; x_wconf 87' lang='lat' dir='ltr'><strong>Be-</strong></span> 
     </span>
     <span class='ocr_line' id='line_1_30' title="bbox 258 2484 1154 2542; baseline -0.001 -16"><span class='ocrx_word' id='word_1_193' title='bbox 258 2484 402 2527; x_wconf 80' lang='lat' dir='ltr'><strong>roald.</strong></span> <span class='ocrx_word' id='word_1_194' title='bbox 420 2491 461 2526; x_wconf 80' lang='lat' dir='ltr'><strong>et</strong></span> <span class='ocrx_word' id='word_1_195' title='bbox 474 2484 617 2528; x_wconf 86' lang='lat' dir='ltr'><strong>Rben.</strong></span> <span class='ocrx_word' id='word_1_196' title='bbox 635 2501 734 2542; x_wconf 86' lang='lat' dir='ltr'><strong>sqq.</strong></span> <span class='ocrx_word' id='word_1_197' title='bbox 761 2501 782 2527; x_wconf 89' lang='lat' dir='ltr'><strong>e</strong></span> <span class='ocrx_word' id='word_1_198' title='bbox 799 2484 1023 2528; x_wconf 80' lang='lat' dir='ltr'><strong>cod.MS.</strong></span> <span class='ocrx_word' id='word_1_199' title='bbox 1051 2493 1154 2526; x_wconf 80' lang='lat' dir='ltr'><strong>tra-</strong></span> 
     </span>
     <span class='ocr_line' id='line_1_31' title="bbox 261 2541 1158 2600; baseline 0 -17"><span class='ocrx_word' id='word_1_200' title='bbox 261 2543 464 2596; x_wconf 80' lang='lat' dir='ltr'><strong>miserit,</strong></span> <span class='ocrx_word' id='word_1_201' title='bbox 497 2550 546 2583; x_wconf 87' lang='lat' dir='ltr'><strong>ut</strong></span> <span class='ocrx_word' id='word_1_202' title='bbox 569 2543 758 2600; x_wconf 84' lang='lat' dir='ltr'><strong>pendeat</strong></span> <span class='ocrx_word' id='word_1_203' title='bbox 782 2560 804 2585; x_wconf 85' lang='lat' dir='ltr'><strong>e</strong></span> <span class='ocrx_word' id='word_1_204' title='bbox 832 2541 1057 2600; x_wconf 84' lang='lat' dir='ltr'><strong>superiori</strong></span> <span class='ocrx_word' id='word_1_205' title='bbox 1082 2550 1158 2584; x_wconf 83' lang='lat' dir='ltr'><strong>ut:</strong></span> 
     </span>
     <span class='ocr_line' id='line_1_32' title="bbox 262 2598 1157 2659; baseline -0.002 -17"><span class='ocrx_word' id='word_1_206' title='bbox 262 2600 385 2659; x_wconf 78' lang='lat' dir='ltr'><strong>quod</strong></span> <span class='ocrx_word' id='word_1_207' title='bbox 408 2614 503 2642; x_wconf 88' lang='lat' dir='ltr'><strong>non</strong></span> <span class='ocrx_word' id='word_1_208' title='bbox 529 2599 734 2658; x_wconf 86' lang='lat' dir='ltr'><strong>ineptum</strong></span> <span class='ocrx_word' id='word_1_209' title='bbox 757 2610 845 2652; x_wconf 78' lang='lat' dir='ltr'><strong>est3</strong></span> <span class='ocrx_word' id='word_1_210' title='bbox 888 2615 993 2642; x_wconf 84' lang='lat' dir='ltr'><strong>nam</strong></span> <span class='ocrx_word' id='word_1_211' title='bbox 1034 2598 1157 2655; x_wconf 84' lang='lat' dir='ltr'><strong>quod</strong></span> 
     </span>
     <span class='ocr_line' id='line_1_33' title="bbox 254 2655 1155 2715; baseline -0.003 -15"><span class='ocrx_word' id='word_1_212' title='bbox 254 2655 712 2715; x_wconf 83' lang='lat' dir='ltr'><strong>improvisusCaesar</strong></span> <span class='ocrx_word' id='word_1_213' title='bbox 736 2657 924 2707; x_wconf 84' lang='lat' dir='ltr'><strong>advenit,</strong></span> <span class='ocrx_word' id='word_1_214' title='bbox 955 2657 1000 2698; x_wconf 89' lang='lat' dir='ltr'><strong>id</strong></span> <span class='ocrx_word' id='word_1_215' title='bbox 1024 2656 1155 2698; x_wconf 83' lang='lat' dir='ltr'><strong>etiam</strong></span> 
     </span>
     <span class='ocr_line' id='line_1_34' title="bbox 261 2712 1156 2763; baseline -0.004 -5"><span class='ocrx_word' id='word_1_216' title='bbox 261 2713 433 2763; x_wconf 83' lang='lat' dir='ltr'><strong>effecit,</strong></span> <span class='ocrx_word' id='word_1_217' title='bbox 476 2722 525 2756; x_wconf 79' lang='lat' dir='ltr'><strong>ut</strong></span> <span class='ocrx_word' id='word_1_218' title='bbox 557 2714 768 2759; x_wconf 83' lang='lat' dir='ltr'><strong>iuventus</strong></span> <span class='ocrx_word' id='word_1_219' title='bbox 790 2713 970 2756; x_wconf 72' lang='lat' dir='ltr'><strong>flumen</strong></span> <span class='ocrx_word' id='word_1_220' title='bbox 1005 2712 1156 2755; x_wconf 86' lang='lat' dir='ltr'><strong>nando</strong></span> 
     </span>
     <span class='ocr_line' id='line_1_35' title="bbox 259 2764 1155 2820; baseline -0.003 -5"><span class='ocrx_word' id='word_1_221' title='bbox 259 2764 551 2820; x_wconf 46' lang='lat' dir='ltr'><strong>tramitteret,</strong></span> <span class='ocrx_word' id='word_1_222' title='bbox 590 2771 638 2814; x_wconf 78' lang='lat' dir='ltr'><strong>h.</strong></span> <span class='ocrx_word' id='word_1_223' title='bbox 681 2787 720 2816; x_wconf 89' lang='lat' dir='ltr'><strong>e.</strong></span> <span class='ocrx_word' id='word_1_224' title='bbox 769 2787 891 2814; x_wconf 83' lang='lat' dir='ltr'><strong>arma</strong></span> <span class='ocrx_word' id='word_1_225' title='bbox 937 2770 1155 2813; x_wconf 86' lang='lat' dir='ltr'><strong>Romanis</strong></span> 
     </span>
     <span class='ocr_line' id='line_1_36' title="bbox 259 2826 1153 2888; baseline -0.002 -17"><span class='ocrx_word' id='word_1_226' title='bbox 259 2845 353 2871; x_wconf 90' lang='lat' dir='ltr'><strong>non</strong></span> <span class='ocrx_word' id='word_1_227' title='bbox 388 2836 659 2888; x_wconf 86' lang='lat' dir='ltr'><strong>opponeret,</strong></span> <span class='ocrx_word' id='word_1_228' title='bbox 699 2829 775 2872; x_wconf 87' lang='lat' dir='ltr'><strong>sed</strong></span> <span class='ocrx_word' id='word_1_229' title='bbox 801 2828 905 2887; x_wconf 85' lang='lat' dir='ltr'><strong>fuga</strong></span> <span class='ocrx_word' id='word_1_230' title='bbox 930 2826 1013 2871; x_wconf 83' lang='lat' dir='ltr'><strong>sibi</strong></span> <span class='ocrx_word' id='word_1_231' title='bbox 1043 2843 1153 2870; x_wconf 88' lang='lat' dir='ltr'><strong>con·</strong></span> 
     </span>
     <span class='ocr_line' id='line_1_37' title="bbox 261 2886 1154 2931; baseline 0 -4"><span class='ocrx_word' id='word_1_232' title='bbox 261 2886 442 2929; x_wconf 80' lang='lat' dir='ltr'><strong>suleret.</strong></span> <span class='ocrx_word' id='word_1_233' title='bbox 502 2886 621 2929; x_wconf 87' lang='lat' dir='ltr'><strong>Tum</strong></span> <span class='ocrx_word' id='word_1_234' title='bbox 654 2902 676 2931; x_wconf 80' lang='lat' dir='ltr'><strong>a</strong></span> <span class='ocrx_word' id='word_1_235' title='bbox 707 2887 859 2931; x_wconf 82' lang='lat' dir='ltr'><strong>verbi-s</strong></span> <span class='ocrx_word' id='word_1_236' title='bbox 887 2887 1154 2929; x_wconf 75' lang='lat' dir='ltr'><strong>Romanos-</strong></span> 
     </span>
     <span class='ocr_line' id='line_1_38' title="bbox 262 2943 1152 3002; baseline 0 -17"><span class='ocrx_word' id='word_1_237' title='bbox 262 2959 350 2999; x_wconf 86' lang='lat' dir='ltr'><strong>que</strong></span> <span class='ocrx_word' id='word_1_238' title='bbox 374 2952 457 2988; x_wconf 85' lang='lat' dir='ltr'><strong>etc.</strong></span> <span class='ocrx_word' id='word_1_239' title='bbox 479 2961 598 2987; x_wconf 83' lang='lat' dir='ltr'><strong>nova</strong></span> <span class='ocrx_word' id='word_1_240' title='bbox 623 2943 782 3002; x_wconf 80' lang='lat' dir='ltr'><strong>incipit</strong></span> <span class='ocrx_word' id='word_1_241' title='bbox 808 2943 1049 2994; x_wconf 77' lang='lat' dir='ltr'><strong>sententia,</strong></span> <span class='ocrx_word' id='word_1_242' title='bbox 1090 2944 1152 2985; x_wconf 89' lang='lat' dir='ltr'><strong>uti</strong></span> 
     </span>
     <span class='ocr_line' id='line_1_39' title="bbox 260 3000 1151 3060; baseline 0 -17"><span class='ocrx_word' id='word_1_243' title='bbox 260 3016 342 3059; x_wconf 89' lang='lat' dir='ltr'><strong>per</strong></span> <span class='ocrx_word' id='word_1_244' title='bbox 379 3002 643 3058; x_wconf 81' lang='lat' dir='ltr'><strong>particulam</strong></span> <span class='ocrx_word' id='word_1_245' title='bbox 689 3017 774 3056; x_wconf 86' lang='lat' dir='ltr'><strong>que</strong></span> <span class='ocrx_word' id='word_1_246' title='bbox 818 3001 990 3060; x_wconf 79' lang='lat' dir='ltr'><strong>saepius</strong></span> <span class='ocrx_word' id='word_1_247' title='bbox 1033 3000 1151 3043; x_wconf 90' lang='lat' dir='ltr'><strong>inci-</strong></span> 
     </span>
     <span class='ocr_line' id='line_1_40' title="bbox 259 3058 1146 3116; baseline 0.001 -17"><span class='ocrx_word' id='word_1_248' title='bbox 259 3058 448 3116; x_wconf 84' lang='lat' dir='ltr'><strong>piuntur</strong></span> <span class='ocrx_word' id='word_1_249' title='bbox 483 3075 623 3102; x_wconf 86' lang='lat' dir='ltr'><strong>novae</strong></span> <span class='ocrx_word' id='word_1_250' title='bbox 656 3060 915 3102; x_wconf 83' lang='lat' dir='ltr'><strong>sententiae.</strong></span> <span class='ocrx_word' id='word_1_251' title='bbox 968 3058 1026 3102; x_wconf 87' lang='lat' dir='ltr'><strong>cf.</strong></span> <span class='ocrx_word' id='word_1_252' title='bbox 1061 3059 1146 3100; x_wconf 86' lang='lat' dir='ltr'><strong>An.</strong></span> 
     </span>
     <span class='ocr_line' id='line_1_41' title="bbox 263 3115 1150 3171; baseline -0.001 -12"><span class='ocrx_word' id='word_1_253' title='bbox 263 3118 331 3166; x_wconf 89' lang='grc'><strong>11,</strong></span> <span class='ocrx_word' id='word_1_254' title='bbox 345 3115 415 3158; x_wconf 83' lang='grc'><strong>35.</strong></span> <span class='ocrx_word' id='word_1_255' title='bbox 451 3118 667 3171; x_wconf 78' lang='lat' dir='ltr'><strong>quidquid</strong></span> <span class='ocrx_word' id='word_1_256' title='bbox 689 3119 867 3158; x_wconf 74' lang='lat' dir='ltr'><strong>avitum</strong></span> <span class='ocrx_word' id='word_1_257' title='bbox 885 3117 1150 3160; x_wconf 81' lang='lat' dir='ltr'><strong>Neronibus</strong></span> 
     </span>
     <span class='ocr_line' id='line_1_42' title="bbox 262 3171 1148 3228; baseline 0 -13"><span class='ocrx_word' id='word_1_258' title='bbox 262 3179 309 3216; x_wconf 82' lang='lat' dir='ltr'><strong>et</strong></span> <span class='ocrx_word' id='word_1_259' title='bbox 337 3171 505 3215; x_wconf 75' lang='lat' dir='ltr'><strong>Drusis</strong></span> <span class='ocrx_word' id='word_1_260' title='bbox 537 3175 582 3214; x_wconf 86' lang='lat' dir='ltr'><strong>in</strong></span> <span class='ocrx_word' id='word_1_261' title='bbox 608 3177 814 3227; x_wconf 83' lang='lat' dir='ltr'><strong>pretium</strong></span> <span class='ocrx_word' id='word_1_262' title='bbox 849 3174 1013 3228; x_wconf 79' lang='lat' dir='ltr'><strong>probri</strong></span> <span class='ocrx_word' id='word_1_263' title='bbox 1050 3187 1148 3215; x_wconf 85' lang='lat' dir='ltr'><strong>ces-</strong></span> 
     </span>
     <span class='ocr_line' id='line_1_43' title="bbox 257 3230 1150 3286; baseline -0.002 -13"><span class='ocrx_word' id='word_1_264' title='bbox 257 3231 383 3274; x_wconf 74' lang='lat' dir='ltr'><strong>sisse.</strong></span> <span class='ocrx_word' id='word_1_265' title='bbox 452 3230 787 3286; x_wconf 81' lang='lat' dir='ltr'><strong>Incensumque</strong></span> <span class='ocrx_word' id='word_1_266' title='bbox 823 3240 866 3274; x_wconf 80' lang='lat' dir='ltr'><strong>et</strong></span> <span class='ocrx_word' id='word_1_267' title='bbox 899 3235 964 3274; x_wconf 80' lang='lat' dir='ltr'><strong>ad</strong></span> <span class='ocrx_word' id='word_1_268' title='bbox 996 3233 1150 3273; x_wconf 80' lang='lat' dir='ltr'><strong>minos</strong></span> 
     </span>
     <span class='ocr_line' id='line_1_44' title="bbox 255 3288 1150 3342; baseline -0.001 -12"><span class='ocrx_word' id='word_1_269' title='bbox 255 3295 638 3342; x_wconf 78' lang='lat' dir='ltr'><strong>prorumpentem</strong></span> <span class='ocrx_word' id='word_1_270' title='bbox 660 3297 742 3330; x_wconf 83' lang='lat' dir='ltr'><strong>e&#39;c.</strong></span> <span class='ocrx_word' id='word_1_271' title='bbox 788 3290 830 3337; x_wconf 67' lang='grc' dir='ltr'><strong>Ξ,</strong></span> <span class='ocrx_word' id='word_1_272' title='bbox 855 3288 922 3331; x_wconf 77' lang='lat'><strong>52.</strong></span> <span class='ocrx_word' id='word_1_273' title='bbox 960 3305 1150 3342; x_wconf 85' lang='lat' dir='ltr'><strong>compu—</strong></span> 
     </span>
     <span class='ocr_line' id='line_1_45' title="bbox 261 3344 1147 3403; baseline 0.001 -16"><span class='ocrx_word' id='word_1_274' title='bbox 261 3348 504 3402; x_wconf 76' lang='lat' dir='ltr'><strong>teruntque</strong></span> <span class='ocrx_word' id='word_1_275' title='bbox 524 3353 611 3388; x_wconf 83' lang='lat' dir='ltr'><strong>etc.</strong></span> <span class='ocrx_word' id='word_1_276' title='bbox 671 3344 861 3403; x_wconf 86' lang='lat' dir='ltr'><strong>Repono</strong></span> <span class='ocrx_word' id='word_1_277' title='bbox 898 3347 1035 3403; x_wconf 78' lang='lat' dir='ltr'><strong>igitur</strong></span> <span class='ocrx_word' id='word_1_278' title='bbox 1065 3362 1147 3395; x_wconf 72' lang='lat' dir='ltr'><strong>ve-</strong></span> 
     </span>
     <span class='ocr_line' id='line_1_46' title="bbox 261 3402 1147 3462; baseline 0 -18"><span class='ocrx_word' id='word_1_279' title='bbox 261 3411 404 3451; x_wconf 75' lang='lat' dir='ltr'><strong>terem</strong></span> <span class='ocrx_word' id='word_1_280' title='bbox 434 3402 719 3462; x_wconf 83' lang='lat' dir='ltr'><strong>scripturam,</strong></span> <span class='ocrx_word' id='word_1_281' title='bbox 761 3402 865 3444; x_wconf 86' lang='lat' dir='ltr'><strong>dum</strong></span> <span class='ocrx_word' id='word_1_282' title='bbox 899 3403 985 3446; x_wconf 86' lang='lat' dir='ltr'><strong>viri</strong></span> <span class='ocrx_word' id='word_1_283' title='bbox 1025 3402 1147 3445; x_wconf 78' lang='lat' dir='ltr'><strong>docti</strong></span> 
     </span>
     <span class='ocr_line' id='line_1_47' title="bbox 262 3459 1150 3518; baseline -0.002 -15"><span class='ocrx_word' id='word_1_284' title='bbox 262 3459 471 3518; x_wconf 85' lang='lat' dir='ltr'><strong>exemplis</strong></span> <span class='ocrx_word' id='word_1_285' title='bbox 506 3459 722 3518; x_wconf 79' lang='lat' dir='ltr'><strong>probent,</strong></span> <span class='ocrx_word' id='word_1_286' title='bbox 769 3459 925 3503; x_wconf 85' lang='lat' dir='ltr'><strong>Tacito</strong></span> <span class='ocrx_word' id='word_1_287' title='bbox 961 3461 1150 3512; x_wconf 81' lang='lat' dir='ltr'><strong>admitti,</strong></span> 
     </span>
     <span class='ocr_line' id='line_1_48' title="bbox 257 3516 1149 3618; baseline 0.001 -59"><span class='ocrx_word' id='word_1_288' title='bbox 257 3533 372 3618; x_wconf 68' lang='lat' dir='ltr'><strong>quae</strong></span> <span class='ocrx_word' id='word_1_289' title='bbox 390 3533 463 3560; x_wconf 87' lang='lat' dir='ltr'><strong>me</strong></span> <span class='ocrx_word' id='word_1_290' title='bbox 488 3516 723 3561; x_wconf 81' lang='lat' dir='ltr'><strong>offendunt</strong></span> <span class='ocrx_word' id='word_1_291' title='bbox 742 3517 788 3560; x_wconf 85' lang='lat' dir='ltr'><strong>in</strong></span> <span class='ocrx_word' id='word_1_292' title='bbox 802 3516 987 3562; x_wconf 80' lang='lat' dir='ltr'><strong>Acidalii</strong></span> <span class='ocrx_word' id='word_1_293' title='bbox 1003 3534 1149 3561; x_wconf 85' lang='lat' dir='ltr'><strong>emen-</strong></span> 
     </span>
     <span class='ocr_line' id='line_1_49' title="bbox 293 3575 455 3619; baseline -0.019 0"><span class='ocrx_word' id='word_1_294' title='bbox 293 3575 455 3619; x_wconf 84' lang='lat' dir='ltr'><strong>atione.</strong></span> 
     </span>
    </p>
   </div>
   <div class='ocr_carea' id='block_1_6' title="bbox 1226 2024 2122 2141">
    <p class='ocr_par' dir='ltr' id='par_1_7' title="bbox 1226 2024 2122 2141">
     <span class='ocr_line' id='line_1_50' title="bbox 1226 2024 2122 2084; baseline 0 -16"><span class='ocrx_word' id='word_1_295' title='bbox 1226 2024 1261 2070; x_wconf 92' lang='grc' dir='ltr'><strong>Ῑ.</strong></span> <span class='ocrx_word' id='word_1_296' title='bbox 1281 2025 1546 2071; x_wconf 85' lang='lat' dir='ltr'><strong>Gronovius</strong></span> <span class='ocrx_word' id='word_1_297' title='bbox 1567 2041 1651 2084; x_wconf 89' lang='lat' dir='ltr'><strong>pro</strong></span> <span class='ocrx_word' id='word_1_298' title='bbox 1676 2028 1862 2081; x_wconf 77' lang='lat' dir='ltr'><strong>quanHo</strong></span> <span class='ocrx_word' id='word_1_299' title='bbox 1880 2027 1978 2074; x_wconf 79' lang='lat' dir='ltr'><strong>vult</strong></span> <span class='ocrx_word' id='word_1_300' title='bbox 2000 2029 2122 2082; x_wconf 85' lang='lat' dir='ltr'><strong>quod</strong></span> 
     </span>
     <span class='ocr_line' id='line_1_51' title="bbox 1226 2082 2116 2141; baseline 0.002 -16"><span class='ocrx_word' id='word_1_301' title='bbox 1226 2083 1294 2127; x_wconf 83' lang='lat' dir='ltr'><strong>vel</strong></span> <span class='ocrx_word' id='word_1_302' title='bbox 1327 2085 1571 2140; x_wconf 83' lang='lat' dir='ltr'><strong>quoniam,</strong></span> <span class='ocrx_word' id='word_1_303' title='bbox 1619 2099 1759 2141; x_wconf 91' lang='lat' dir='ltr'><strong>quum</strong></span> <span class='ocrx_word' id='word_1_304' title='bbox 1794 2082 1840 2126; x_wconf 90' lang='lat' dir='ltr'><strong>in</strong></span> <span class='ocrx_word' id='word_1_305' title='bbox 1877 2084 1981 2129; x_wconf 86' lang='lat' dir='ltr'><strong>cod.</strong></span> <span class='ocrx_word' id='word_1_306' title='bbox 2013 2082 2116 2127; x_wconf 91' lang='lat' dir='ltr'><strong>MS.</strong></span> 
     </span>
    </p>
   </div>
   <div class='ocr_carea' id='block_1_7' title="bbox 1227 2154 2120 2840">
    <p class='ocr_par' dir='ltr' id='par_1_8' title="bbox 1227 2154 2120 2840">
     <span class='ocr_line' id='line_1_52' title="bbox 1227 2154 2118 2214; baseline 0.001 -16"><span class='ocrx_word' id='word_1_307' title='bbox 1227 2171 1307 2214; x_wconf 85' lang='lat' dir='ltr'><strong>per</strong></span> <span class='ocrx_word' id='word_1_308' title='bbox 1340 2154 1663 2213; x_wconf 86' lang='lat' dir='ltr'><strong>compendium</strong></span> <span class='ocrx_word' id='word_1_309' title='bbox 1700 2154 1921 2197; x_wconf 83' lang='lat' dir='ltr'><strong>scribatur</strong></span> <span class='ocrx_word' id='word_1_310' title='bbox 1956 2171 2044 2213; x_wconf 87' lang='lat' dir='ltr'><strong>quo</strong></span> <span class='ocrx_word' id='word_1_311' title='bbox 2077 2164 2118 2199; x_wconf 81' lang='lat' dir='ltr'><strong>et</strong></span> 
     </span>
     <span class='ocr_line' id='line_1_53' title="bbox 1227 2211 2120 2270; baseline 0.003 -17"><span class='ocrx_word' id='word_1_312' title='bbox 1227 2211 1442 2269; x_wconf 82' lang='lat' dir='ltr'><strong>particula</strong></span> <span class='ocrx_word' id='word_1_313' title='bbox 1480 2211 1735 2269; x_wconf 78' lang='lat' dir='ltr'><strong>requiratur</strong></span> <span class='ocrx_word' id='word_1_314' title='bbox 1764 2212 1998 2270; x_wconf 81' lang='lat' dir='ltr'><strong>temporis.</strong></span> <span class='ocrx_word' id='word_1_315' title='bbox 2060 2213 2120 2256; x_wconf 80' lang='lat' dir='ltr'><strong>At</strong></span> 
     </span>
     <span class='ocr_line' id='line_1_54' title="bbox 1229 2269 2120 2326; baseline 0 -15"><span class='ocrx_word' id='word_1_316' title='bbox 1229 2270 1548 2326; x_wconf 86' lang='lat' dir='ltr'><strong>compendium</strong></span> <span class='ocrx_word' id='word_1_317' title='bbox 1574 2269 1680 2311; x_wconf 77' lang='lat' dir='ltr'><strong>illud</strong></span> <span class='ocrx_word' id='word_1_318' title='bbox 1701 2269 1918 2326; x_wconf 77' lang='lat' dir='ltr'><strong>significat</strong></span> <span class='ocrx_word' id='word_1_319' title='bbox 1931 2275 2120 2326; x_wconf 79' lang='lat' dir='ltr'><strong>quando</strong></span> 
     </span>
     <span class='ocr_line' id='line_1_55' title="bbox 1227 2325 2120 2385; baseline 0.001 -16"><span class='ocrx_word' id='word_1_320' title='bbox 1227 2325 1448 2385; x_wconf 81' lang='lat' dir='ltr'><strong>habetque</strong></span> <span class='ocrx_word' id='word_1_321' title='bbox 1484 2327 1528 2371; x_wconf 85' lang='lat' dir='ltr'><strong>id</strong></span> <span class='ocrx_word' id='word_1_322' title='bbox 1566 2328 1837 2370; x_wconf 70' lang='lat' dir='ltr'><strong>vocabulum</strong></span> <span class='ocrx_word' id='word_1_323' title='bbox 1876 2344 1977 2370; x_wconf 88' lang='lat' dir='ltr'><strong>eum</strong></span> <span class='ocrx_word' id='word_1_324' title='bbox 2023 2345 2120 2371; x_wconf 87' lang='lat' dir='ltr'><strong>sen-</strong></span> 
     </span>
     <span class='ocr_line' id='line_1_56' title="bbox 1227 2384 2120 2442; baseline 0.002 -16"><span class='ocrx_word' id='word_1_325' title='bbox 1227 2401 1357 2439; x_wconf 89' lang='lat' dir='ltr'><strong>sum,</strong></span> <span class='ocrx_word' id='word_1_326' title='bbox 1397 2393 1446 2427; x_wconf 89' lang='lat' dir='ltr'><strong>ut</strong></span> <span class='ocrx_word' id='word_1_327' title='bbox 1482 2384 1697 2442; x_wconf 80' lang='lat' dir='ltr'><strong>exprimat</strong></span> <span class='ocrx_word' id='word_1_328' title='bbox 1727 2393 1932 2427; x_wconf 81' lang='lat' dir='ltr'><strong>nostrum</strong></span> <span class='ocrx_word' id='word_1_329' title='bbox 1969 2389 2120 2430; x_wconf 74' lang='lat' dir='ltr'><strong>sinte-</strong></span> 
     </span>
     <span class='ocr_line' id='line_1_57' title="bbox 1227 2442 2120 2498; baseline 0 -13"><span class='ocrx_word' id='word_1_330' title='bbox 1227 2445 1339 2485; x_wconf 85' lang='lat' dir='ltr'><strong>mal.</strong></span> <span class='ocrx_word' id='word_1_331' title='bbox 1381 2442 1440 2486; x_wconf 82' lang='lat' dir='ltr'><strong>cs.</strong></span> <span class='ocrx_word' id='word_1_332' title='bbox 1466 2442 1653 2484; x_wconf 81' lang='lat' dir='ltr'><strong>Sueton.</strong></span> <span class='ocrx_word' id='word_1_333' title='bbox 1679 2443 1758 2484; x_wconf 81' lang='lat' dir='ltr'><strong>lul.</strong></span> <span class='ocrx_word' id='word_1_334' title='bbox 1785 2443 1909 2486; x_wconf 63' lang='grc'><strong>(3.98.</strong></span> <span class='ocrx_word' id='word_1_335' title='bbox 1934 2447 2120 2498; x_wconf 79' lang='lat' dir='ltr'><strong>quando</strong></span> 
     </span>
     <span class='ocr_line' id='line_1_58' title="bbox 1227 2499 2118 2553; baseline 0 -10"><span class='ocrx_word' id='word_1_336' title='bbox 1227 2515 1309 2543; x_wconf 81' lang='lat' dir='ltr'><strong>nec</strong></span> <span class='ocrx_word' id='word_1_337' title='bbox 1329 2502 1564 2553; x_wconf 82' lang='lat' dir='ltr'><strong>plebiscito</strong></span> <span class='ocrx_word' id='word_1_338' title='bbox 1586 2499 1833 2552; x_wconf 83' lang='lat' dir='ltr'><strong>Pompeius</strong></span> <span class='ocrx_word' id='word_1_339' title='bbox 1851 2509 2015 2553; x_wconf 82' lang='lat' dir='ltr'><strong>postea</strong></span> <span class='ocrx_word' id='word_1_340' title='bbox 2035 2503 2118 2543; x_wconf 87' lang='lat' dir='ltr'><strong>ab·</strong></span> 
     </span>
     <span class='ocr_line' id='line_1_59' title="bbox 1227 2557 2119 2614; baseline 0.001 -15"><span class='ocrx_word' id='word_1_341' title='bbox 1227 2565 1450 2611; x_wconf 79' lang='lat' dir='ltr'><strong>rogasset.</strong></span> <span class='ocrx_word' id='word_1_342' title='bbox 1514 2557 1624 2600; x_wconf 89' lang='lat' dir='ltr'><strong>lbid.</strong></span> <span class='ocrx_word' id='word_1_343' title='bbox 1655 2573 1692 2599; x_wconf 89' lang='lat' dir='ltr'><strong>c.</strong></span> <span class='ocrx_word' id='word_1_344' title='bbox 1715 2557 1752 2598; x_wconf 92' lang='lat'><strong>7.</strong></span> <span class='ocrx_word' id='word_1_345' title='bbox 1787 2562 1975 2614; x_wconf 81' lang='lat' dir='ltr'><strong>quondo</strong></span> <span class='ocrx_word' id='word_1_346' title='bbox 2008 2575 2119 2601; x_wconf 83' lang='lat' dir='ltr'><strong>ma-</strong></span> 
     </span>
     <span class='ocr_line' id='line_1_60' title="bbox 1229 2617 2113 2670; baseline 0.003 -14"><span class='ocrx_word' id='word_1_347' title='bbox 1229 2624 1302 2656; x_wconf 84' lang='lat' dir='ltr'><strong>ter</strong></span> <span class='ocrx_word' id='word_1_348' title='bbox 1316 2646 1327 2657; x_wconf 91' lang='lat'><strong>.</strong></span> <span class='ocrx_word' id='word_1_349' title='bbox 1342 2644 1353 2656; x_wconf 95' lang='lat'><strong>.</strong></span> <span class='ocrx_word' id='word_1_350' title='bbox 1387 2630 1482 2657; x_wconf 85' lang='lat' dir='ltr'><strong>non</strong></span> <span class='ocrx_word' id='word_1_351' title='bbox 1503 2617 1600 2656; x_wconf 80' lang='lat' dir='ltr'><strong>alia</strong></span> <span class='ocrx_word' id='word_1_352' title='bbox 1623 2622 1739 2657; x_wconf 84' lang='lat' dir='ltr'><strong>esset</strong></span> <span class='ocrx_word' id='word_1_353' title='bbox 1755 2647 1767 2670; x_wconf 88' lang='lat'><strong>,</strong></span> <span class='ocrx_word' id='word_1_354' title='bbox 1803 2628 1944 2670; x_wconf 82' lang='lat' dir='ltr'><strong>quam</strong></span> <span class='ocrx_word' id='word_1_355' title='bbox 1967 2623 2113 2664; x_wconf 80' lang='lat' dir='ltr'><strong>terra,</strong></span> 
     </span>
     <span class='ocr_line' id='line_1_61' title="bbox 1228 2671 2116 2727; baseline 0.002 -13"><span class='ocrx_word' id='word_1_356' title='bbox 1228 2672 1344 2715; x_wconf 87' lang='lat' dir='ltr'><strong>lbid.</strong></span> <span class='ocrx_word' id='word_1_357' title='bbox 1373 2688 1412 2715; x_wconf 89' lang='lat' dir='ltr'><strong>c.</strong></span> <span class='ocrx_word' id='word_1_358' title='bbox 1438 2671 1510 2715; x_wconf 85' lang='lat'><strong>49.</strong></span> <span class='ocrx_word' id='word_1_359' title='bbox 1544 2675 1732 2727; x_wconf 81' lang='lat' dir='ltr'><strong>quondo</strong></span> <span class='ocrx_word' id='word_1_360' title='bbox 1753 2683 1918 2715; x_wconf 77' lang='lat' dir='ltr'><strong>notum</strong></span> <span class='ocrx_word' id='word_1_361' title='bbox 1949 2681 2039 2726; x_wconf 80' lang='lat' dir='ltr'><strong>est,</strong></span> <span class='ocrx_word' id='word_1_362' title='bbox 2072 2683 2116 2716; x_wconf 73' lang='lat' dir='ltr'><strong>et</strong></span> 
     </span>
     <span class='ocr_line' id='line_1_62' title="bbox 1229 2731 2116 2784; baseline 0.005 -14"><span class='ocrx_word' id='word_1_363' title='bbox 1229 2731 1341 2784; x_wconf 77' lang='lat' dir='ltr'><strong>quid</strong></span> <span class='ocrx_word' id='word_1_364' title='bbox 1371 2731 1446 2771; x_wconf 89' lang='lat' dir='ltr'><strong>ille</strong></span> <span class='ocrx_word' id='word_1_365' title='bbox 1481 2731 1580 2777; x_wconf 83' lang='lat' dir='ltr'><strong>tibi,</strong></span> <span class='ocrx_word' id='word_1_366' title='bbox 1612 2736 1657 2770; x_wconf 85' lang='lat' dir='ltr'><strong>et</strong></span> <span class='ocrx_word' id='word_1_367' title='bbox 1681 2731 1790 2783; x_wconf 79' lang='lat' dir='ltr'><strong>quid</strong></span> <span class='ocrx_word' id='word_1_368' title='bbox 1816 2731 1888 2771; x_wconf 77' lang='lat' dir='ltr'><em>illi</em></span> <span class='ocrx_word' id='word_1_369' title='bbox 1907 2738 2005 2773; x_wconf 84' lang='lat' dir='ltr'><strong>tute</strong></span> <span class='ocrx_word' id='word_1_370' title='bbox 2028 2736 2116 2774; x_wconf 81' lang='lat' dir='ltr'><strong>de-</strong></span> 
     </span>
     <span class='ocr_line' id='line_1_63' title="bbox 1227 2786 2083 2840; baseline 0.005 -12"><span class='ocrx_word' id='word_1_371' title='bbox 1227 2787 1367 2830; x_wconf 84' lang='lat' dir='ltr'><strong>deris.</strong></span> <span class='ocrx_word' id='word_1_372' title='bbox 1410 2786 1517 2830; x_wconf 86' lang='lat' dir='ltr'><strong>Tac.</strong></span> <span class='ocrx_word' id='word_1_373' title='bbox 1544 2787 1633 2828; x_wconf 82' lang='lat' dir='ltr'><strong>An.</strong></span> <span class='ocrx_word' id='word_1_374' title='bbox 1656 2787 1724 2837; x_wconf 75' lang='lat'><strong>12,</strong></span> <span class='ocrx_word' id='word_1_375' title='bbox 1743 2786 1814 2830; x_wconf 79' lang='lat'><strong>48.</strong></span> <span class='ocrx_word' id='word_1_376' title='bbox 1860 2787 2018 2840; x_wconf 84' lang='lat' dir='ltr'><strong>Hist.4,</strong></span> <span class='ocrx_word' id='word_1_377' title='bbox 2040 2791 2083 2833; x_wconf 90' lang='lat'><strong>6.</strong></span> 
     </span>
    </p>
   </div>
   <div class='ocr_carea' id='block_1_8' title="bbox 1221 2871 2115 3158">
    <p class='ocr_par' dir='ltr' id='par_1_9' title="bbox 1221 2871 2115 3158">
     <span class='ocr_line' id='line_1_64' title="bbox 1284 2871 2112 2927; baseline 0.005 -14"><span class='ocrx_word' id='word_1_378' title='bbox 1284 2879 1461 2926; x_wconf 81' lang='lat' dir='ltr'><strong>quanto</strong></span> <span class='ocrx_word' id='word_1_379' title='bbox 1487 2871 1587 2926; x_wconf 86' lang='lat' dir='ltr'><strong>quis</strong></span> <span class='ocrx_word' id='word_1_380' title='bbox 1609 2874 1721 2912; x_wconf 85' lang='lat' dir='ltr'><strong>aud.</strong></span> <span class='ocrx_word' id='word_1_381' title='bbox 1741 2880 2005 2927; x_wconf 85' lang='lat' dir='ltr'><strong>promptus.</strong></span> <span class='ocrx_word' id='word_1_382' title='bbox 2052 2872 2112 2917; x_wconf 86' lang='lat' dir='ltr'><strong>cf.</strong></span> 
     </span>
     <span class='ocr_line' id='line_1_65' title="bbox 1225 2928 2113 2985; baseline 0.001 -14"><span class='ocrx_word' id='word_1_383' title='bbox 1225 2928 1332 2971; x_wconf 79' lang='lat' dir='ltr'><strong>infr.</strong></span> <span class='ocrx_word' id='word_1_384' title='bbox 1369 2928 1412 2976; x_wconf 78' lang='lat'><strong>3,</strong></span> <span class='ocrx_word' id='word_1_385' title='bbox 1445 2929 1516 2971; x_wconf 85' lang='lat'><strong>46.</strong></span> <span class='ocrx_word' id='word_1_386' title='bbox 1561 2936 1737 2984; x_wconf 75' lang='lat' dir='ltr'><strong>quanto</strong></span> <span class='ocrx_word' id='word_1_387' title='bbox 1784 2931 1928 2985; x_wconf 81' lang='lat' dir='ltr'><strong>dites,</strong></span> <span class='ocrx_word' id='word_1_388' title='bbox 1978 2938 2113 2979; x_wconf 76' lang='lat' dir='ltr'><strong>tanto</strong></span> 
     </span>
     <span class='ocr_line' id='line_1_66' title="bbox 1225 2985 2115 3042; baseline 0.002 -14"><span class='ocrx_word' id='word_1_389' title='bbox 1225 2987 1376 3041; x_wconf 75' lang='lat' dir='ltr'><strong>magis</strong></span> <span class='ocrx_word' id='word_1_390' title='bbox 1398 2987 1604 3028; x_wconf 85' lang='lat' dir='ltr'><strong>imbelles</strong></span> <span class='ocrx_word' id='word_1_391' title='bbox 1612 3001 1627 3036; x_wconf 89' lang='lat'><em>;</em></span> <span class='ocrx_word' id='word_1_392' title='bbox 1675 2985 1716 3035; x_wconf 85' lang='lat'><strong>4,</strong></span> <span class='ocrx_word' id='word_1_393' title='bbox 1741 2985 1813 3028; x_wconf 89' lang='grc'><strong>67.</strong></span> <span class='ocrx_word' id='word_1_394' title='bbox 1843 2996 2017 3042; x_wconf 80' lang='lat' dir='ltr'><strong>quanto</strong></span> <span class='ocrx_word' id='word_1_395' title='bbox 2038 2991 2115 3030; x_wconf 81' lang='lat' dir='ltr'><strong>in-</strong></span> 
     </span>
     <span class='ocr_line' id='line_1_67' title="bbox 1223 3044 2110 3093; baseline 0.003 -7"><span class='ocrx_word' id='word_1_396' title='bbox 1223 3052 1400 3093; x_wconf 80' lang='lat' dir='ltr'><strong>tentus,</strong></span> <span class='ocrx_word' id='word_1_397' title='bbox 1432 3051 1565 3087; x_wconf 82' lang='lat' dir='ltr'><strong>tanto</strong></span> <span class='ocrx_word' id='word_1_398' title='bbox 1588 3044 1819 3087; x_wconf 84' lang='lat' dir='ltr'><strong>occultior.</strong></span> <span class='ocrx_word' id='word_1_399' title='bbox 1860 3044 2027 3093; x_wconf 73' lang='lat' dir='ltr'><strong>Hist.2,</strong></span> <span class='ocrx_word' id='word_1_400' title='bbox 2039 3045 2110 3089; x_wconf 88' lang='lat'><strong>99.</strong></span> 
     </span>
     <span class='ocr_line' id='line_1_68' title="bbox 1221 3103 2110 3158; baseline 0.003 -15"><span class='ocrx_word' id='word_1_401' title='bbox 1221 3110 1537 3158; x_wconf 79' lang='lat' dir='ltr'><strong>quantumque</strong></span> <span class='ocrx_word' id='word_1_402' title='bbox 1559 3103 1692 3143; x_wconf 75' lang='lat' dir='ltr'><strong>hebes</strong></span> <span class='ocrx_word' id='word_1_403' title='bbox 1716 3129 1774 3135; x_wconf 89' lang='lat'>—</span> <span class='ocrx_word' id='word_1_404' title='bbox 1800 3108 1933 3144; x_wconf 80' lang='lat' dir='ltr'><strong>tanto</strong></span> <span class='ocrx_word' id='word_1_405' title='bbox 1950 3117 2110 3157; x_wconf 85' lang='lat' dir='ltr'><strong>prom—</strong></span> 
     </span>
    </p>
   </div>
   <div class='ocr_carea' id='block_1_9' title="bbox 1217 3157 2108 3219">
    <p class='ocr_par' dir='ltr' id='par_1_10' title="bbox 1217 3157 2108 3219">
     <span class='ocr_line' id='line_1_69' title="bbox 1217 3157 2108 3219; baseline 0.006 -19"><span class='ocrx_word' id='word_1_406' title='bbox 1217 3161 1355 3212; x_wconf 82' lang='lat' dir='ltr'><strong>ptior.</strong></span> <span class='ocrx_word' id='word_1_407' title='bbox 1398 3159 1455 3201; x_wconf 87' lang='lat' dir='ltr'><strong>cf.</strong></span> <span class='ocrx_word' id='word_1_408' title='bbox 1474 3158 1741 3200; x_wconf 84' lang='lat' dir='ltr'><strong>Ramshorn.</strong></span> <span class='ocrx_word' id='word_1_409' title='bbox 1761 3157 1841 3200; x_wconf 91' lang='lat' dir='ltr'><strong>Gr.</strong></span> <span class='ocrx_word' id='word_1_410' title='bbox 1865 3175 1909 3218; x_wconf 88' lang='lat' dir='ltr'><strong>p.</strong></span> <span class='ocrx_word' id='word_1_411' title='bbox 1924 3159 2023 3203; x_wconf 79' lang='lat'><strong>314.</strong></span> <span class='ocrx_word' id='word_1_412' title='bbox 2041 3177 2108 3219; x_wconf 85' lang='lat' dir='ltr'><strong>sq.</strong></span> 
     </span>
    </p>
   </div>
   <div class='ocr_carea' id='block_1_10' title="bbox 1221 3214 1750 3266">
    <p class='ocr_par' dir='ltr' id='par_1_11' title="bbox 1221 3214 1750 3266">
     <span class='ocr_line' id='line_1_70' title="bbox 1221 3214 1750 3266; baseline -0.004 -7"><span class='ocrx_word' id='word_1_413' title='bbox 1221 3225 1262 3259; x_wconf 85' lang='lat' dir='ltr'><strong>et</strong></span> <span class='ocrx_word' id='word_1_414' title='bbox 1285 3225 1381 3259; x_wconf 88' lang='lat' dir='ltr'><strong>not.</strong></span> <span class='ocrx_word' id='word_1_415' title='bbox 1407 3215 1510 3264; x_wconf 77' lang='lat' dir='ltr'><strong>infr,</strong></span> <span class='ocrx_word' id='word_1_416' title='bbox 1539 3214 1594 3257; x_wconf 82' lang='lat' dir='ltr'><strong>ad</strong></span> <span class='ocrx_word' id='word_1_417' title='bbox 1620 3214 1658 3266; x_wconf 82' lang='grc'><strong>3,</strong></span> <span class='ocrx_word' id='word_1_418' title='bbox 1683 3215 1750 3258; x_wconf 90' lang='grc'><strong>17.</strong></span> 
     </span>
    </p>
   </div>
   <div class='ocr_carea' id='block_1_11' title="bbox 1219 3284 2109 3568">
    <p class='ocr_par' dir='ltr' id='par_1_12' title="bbox 1219 3284 2109 3568">
     <span class='ocr_line' id='line_1_71' title="bbox 1276 3284 2107 3342; baseline 0.005 -14"><span class='ocrx_word' id='word_1_419' title='bbox 1276 3287 1499 3342; x_wconf 82' lang='lat' dir='ltr'><strong>rebusque</strong></span> <span class='ocrx_word' id='word_1_420' title='bbox 1522 3288 1671 3328; x_wconf 82' lang='lat' dir='ltr'><strong>motis.</strong></span> <span class='ocrx_word' id='word_1_421' title='bbox 1738 3284 1849 3329; x_wconf 89' lang='lat' dir='ltr'><strong>Cod.</strong></span> <span class='ocrx_word' id='word_1_422' title='bbox 1878 3286 1977 3332; x_wconf 87' lang='lat' dir='ltr'><strong>MS.</strong></span> <span class='ocrx_word' id='word_1_423' title='bbox 2007 3289 2107 3332; x_wconf 84' lang='lat' dir='ltr'><strong>edd.</strong></span> 
     </span>
     <span class='ocr_line' id='line_1_72' title="bbox 1220 3343 2109 3402; baseline 0.002 -15"><span class='ocrx_word' id='word_1_424' title='bbox 1220 3345 1320 3387; x_wconf 82' lang='lat' dir='ltr'><strong>Ber.</strong></span> <span class='ocrx_word' id='word_1_425' title='bbox 1338 3343 1541 3387; x_wconf 83' lang='lat' dir='ltr'><strong>Rhenan.</strong></span> <span class='ocrx_word' id='word_1_426' title='bbox 1563 3360 1659 3401; x_wconf 84' lang='lat' dir='ltr'><strong>sqq.</strong></span> <span class='ocrx_word' id='word_1_427' title='bbox 1689 3346 1825 3386; x_wconf 86' lang='lat' dir='ltr'><strong>rebus</strong></span> <span class='ocrx_word' id='word_1_428' title='bbox 1849 3347 2109 3402; x_wconf 82' lang='lat' dir='ltr'><strong>commotis,</strong></span> 
     </span>
     <span class='ocr_line' id='line_1_73' title="bbox 1219 3400 2109 3459; baseline 0.003 -16"><span class='ocrx_word' id='word_1_429' title='bbox 1219 3402 1341 3444; x_wconf 83' lang='lat' dir='ltr'><strong>unde</strong></span> <span class='ocrx_word' id='word_1_430' title='bbox 1367 3401 1543 3459; x_wconf 85' lang='lat' dir='ltr'><strong>Lipsius</strong></span> <span class='ocrx_word' id='word_1_431' title='bbox 1567 3400 1739 3458; x_wconf 83' lang='lat' dir='ltr'><strong>egregie</strong></span> <span class='ocrx_word' id='word_1_432' title='bbox 1760 3401 1864 3444; x_wconf 86' lang='lat' dir='ltr'><strong>fecit</strong></span> <span class='ocrx_word' id='word_1_433' title='bbox 1885 3405 2109 3459; x_wconf 85' lang='lat' dir='ltr'><strong>rebusque</strong></span> 
     </span>
     <span class='ocr_line' id='line_1_74' title="bbox 1222 3458 2109 3504; baseline 0.002 -2"><span class='ocrx_word' id='word_1_434' title='bbox 1222 3460 1378 3502; x_wconf 70' lang='lat' dir='ltr'><strong>motis.</strong></span> <span class='ocrx_word' id='word_1_435' title='bbox 1459 3458 1520 3500; x_wconf 86' lang='lat' dir='ltr'><strong>Ea</strong></span> <span class='ocrx_word' id='word_1_436' title='bbox 1554 3460 1670 3501; x_wconf 84' lang='lat' dir='ltr'><strong>enim</strong></span> <span class='ocrx_word' id='word_1_437' title='bbox 1704 3475 1808 3503; x_wconf 81' lang='lat' dir='ltr'><strong>vera</strong></span> <span class='ocrx_word' id='word_1_438' title='bbox 1843 3467 1908 3503; x_wconf 73' lang='lat' dir='ltr'><strong>est</strong></span> <span class='ocrx_word' id='word_1_439' title='bbox 1940 3461 1994 3503; x_wconf 89' lang='lat' dir='ltr'><strong>de</strong></span> <span class='ocrx_word' id='word_1_440' title='bbox 2025 3461 2109 3504; x_wconf 83' lang='lat' dir='ltr'><strong>hac</strong></span> 
     </span>
     <span class='ocr_line' id='line_1_75' title="bbox 1222 3515 2104 3568; baseline 0.002 -9"><span class='ocrx_word' id='word_1_441' title='bbox 1222 3534 1270 3559; x_wconf 84' lang='lat' dir='ltr'><strong>re</strong></span> <span class='ocrx_word' id='word_1_442' title='bbox 1293 3515 1504 3558; x_wconf 82' lang='lat' dir='ltr'><strong>formula.</strong></span> <span class='ocrx_word' id='word_1_443' title='bbox 1538 3515 1596 3558; x_wconf 85' lang='lat' dir='ltr'><strong>cf.</strong></span> <span class='ocrx_word' id='word_1_444' title='bbox 1613 3516 1724 3560; x_wconf 74' lang='lat' dir='ltr'><strong>infr.</strong></span> <span class='ocrx_word' id='word_1_445' title='bbox 1741 3516 1782 3566; x_wconf 74' lang='lat'><strong>2,</strong></span> <span class='ocrx_word' id='word_1_446' title='bbox 1799 3517 1924 3561; x_wconf 79' lang='grc'><strong>1.43.</strong></span> <span class='ocrx_word' id='word_1_447' title='bbox 1956 3517 2104 3568; x_wconf 81' lang='lat'><strong>14‚61.</strong></span> 
     </span>
    </p>
   </div>
   <div class='ocr_carea' id='block_1_12' title="bbox 1227 3573 2106 3620">
    <p class='ocr_par' dir='ltr' id='par_1_13' title="bbox 1227 3573 2106 3620">
     <span class='ocr_line' id='line_1_76' title="bbox 1227 3573 2106 3620; baseline 0.001 -2"><span class='ocrx_word' id='word_1_448' title='bbox 1227 3575 1528 3618; x_wconf 74' lang='lat' dir='ltr'><strong>commouere</strong></span> <span class='ocrx_word' id='word_1_449' title='bbox 1585 3574 1701 3620; x_wconf 71' lang='lat' dir='ltr'><strong>valet</strong></span> <span class='ocrx_word' id='word_1_450' title='bbox 1764 3574 1817 3617; x_wconf 85' lang='lat' dir='ltr'><strong>de</strong></span> <span class='ocrx_word' id='word_1_451' title='bbox 1871 3573 2106 3619; x_wconf 87' lang='lat' dir='ltr'><strong>hominum</strong></span> 
     </span>
    </p>
   </div>
  </div>
 </body>
</html>
