2222 4030
208 257 262 294 Δ.
274 255 327 291 U.
344 254 424 290 767.

209 299 325 337 me.
362 299 424 332 ω.
715 254 893 344 LIB.
931 255 977 315 Ι.
1064 250 1256 316 CAP.
1303 262 1396 317 10.
1901 261 1987 316 23

124 389 478 447 dominandi
503 386 766 444 concitos
790 404 899 461 per
930 384 1306 458 largitionem
1336 397 1672 455 veteran05‚
1714 397 1987 462 paratum

122 475 200 531 ab
232 475 605 531 adulescente
630 470 863 546 privato
893 470 1242 539 exercitum,
1285 484 1589 545 corruptas
1610 471 1871 528 consulis
1892 472 1986 550 'le—

36 567 55 609 ,·
120 560 355 634 gioneS,
389 553 1231 631 simulatamPompeianarum
1255 554 1503 627 gratiam
1527 557 1812 632 partium:
1845 576 1984 620 mox

115 645 224 701 ubi
247 646 478 700 decreto
508 653 743 717 patrum
764 641 948 697 fasces
974 651 1033 697 et
1067 640 1160 696 ius
1187 639 1477 715 praetoris
1501 641 1811 711 invaserit,
1853 650 1985 699 ca'e-
2051 668 2054 669 ⁷
2080 663 2094 668 ”
2151 641 2153 646 ’

114 730 194 785 sis
222 727 421 785 Hirtio
455 738 514 784 et
537 725 760 795 Pansa,
803 726 926 782 sive
959 721 1145 782 hostis
1178 725 1345 794 illos,
1388 744 1492 781 seu
1513 722 1769 783 Pansam
1800 746 1983 784 vene-

112 832 260 870 num
298 811 535 870 vulneri
566 812 869 881 adfusum,
911 811 1005 868 sui
1033 811 1251 867 milites
1282 808 1552 867 Hirtium
1588 821 1646 868 et
1676 808 1982 885 machina:

110 911 207 956 tor
230 899 358 955 doli
381 896 599 955 Caesar
621 897 970 966 abstulerat,
1010 896 1320 973 utriusque
1344 895 1542 971 copias
1578 898 1977 971 occupavisse:

111 994 405 1042 extortum
442 983 631 1040 invito
672 993 883 1040 senatu
916 981 1317 1051 consulatum,
1369 999 1677 1058 armaque,
1730 1001 1879 1058 quae
1914 983 1979 1051 in

110 1065 447 1126 Antonium
483 1069 798 1143 acceperit,
855 1070 1061 1124 contra
1095 1087 1223 1124 rem
1252 1066 1554 1142 publicam
1588 1085 1780 1123 versa:
1837 1088 1979 1142 pro-

108 1154 487 1231 scriptionem
523 1154 773 1224 civium,
824 1153 1147 1210 divisiones
1181 1171 1489 1228 agrorum,
1546 1171 1623 1208 ne
1656 1151 1800 1227 ipsis
1824 1153 1978 1229 'qui-

105 1240 240 1296 dem
271 1239 375 1316 qui
398 1240 588 1295 secere
621 1239 904 1298 laudata&
992 1238 1150 1296 Sane
1185 1235 1374 1296 Cassii
1405 1248 1463 1295 et
1490 1234 1819 1294 Brutorum
1854 1238 1977 1295 exi-

156 1407 237 1447 tar
265 1404 472 1447 itionem.
535 1401 612 1447 Sic
644 1402 745 1447 eod.
767 1401 868 1446 MS.
898 1401 1001 1447 edd.

100 1462 204 1506 Ber.
215 1420 360 1506 lfhen.
373 1460 478 1506 Ald.
490 1460 607 1519 Lips.
622 1460 782 1520 prima.
822 1460 1000 1526 Deinde

101 1518 290 1578 inrepsit
321 1520 606 1572 largitiones·
677 1516 894 1562 Wolfius
936 1516 999 1560 11-

99 1575 180 1620 lud
219 1578 436 1635 reposuit.
514 1575 590 1619 Ad
637 1591 735 1619 rem
773 1574 831 1620 cf.
872 1575 998 1621 Suet.

97 1632 207 1679 Oct.
249 1650 287 1678 c.
319 1636 389 1677 10.
450 1633 571 1677 Vell.
606 1633 649 1684 2,
673 1633 744 1677 61.
803 1632 998 1692 Appian.

95 1692 149 1737 B.
177 1691 231 1736 C.
259 1691 303 1740 3,
327 1692 402 1735 40.
460 1690 553 1734 Dio
583 1691 655 1740 45,
684 1691 727 1734 7.

146 1758 375 1803 paratum
411 1750 472 1792 ab
502 1751 582 1792 ad.
615 1764 690 1800 pr.
718 1762 876 1792 exerc.
939 1746 998 1792 cf.

96 1807 308 1851 Menum.
324 1809 496 1866 Aucyr.
520 1806 576 1851 ab
602 1805 700 1849 init.
728 1810 889 1849 Annos
906 1821 997 1848 un-

91 1865 317 1919 deviginti
344 1872 491 1908 natus
519 1866 779 1908 exercitam
808 1866 997 1919 privato

92 1923 283 1966 consilia
316 1930 363 1965 et
390 1922 587 1978 privata
618 1924 831 1975 impensa
863 1936 994 1964 eom·

84 1980 263 2035 param·
285 1988 370 2022 etc.
430 1978 555 2022 Suet.
587 1977 695 2022 Oct.
728 1995 767 2022 c.
789 1979 832 2022 8.

145 2044 393 2091 corruptas
412 2036 612 2079 consulis
631 2037 852 2089 legiones.
898 2034 991 2079 An-

87 2093 217 2140 tonii.
275 2092 334 2137 cs.
374 2091 472 2138 Cic.
504 2092 698 2151 Philipp.
727 2093 770 2146 4,
797 2094 841 2137 2.
899 2094 991 2154 Ap-

11 2163 22 2171 ·
88 2153 207 2213 pian.
232 2150 283 2195 B.
312 2149 366 2195 C.
398 2149 440 2202 3,
464 2150 538 2195 43.
563 2151 635 2195 45.
659 2150 732 2194 93.

141 2211 416 2254 simulatam
440 2208 493 2252 Ρ.
520 2223 592 2264 gr.
622 2223 671 2263 p.
731 2207 856 2252 Suet.
880 2207 988 2253 Oet.

89 2283 133 2312 c.
159 2270 214 2312 10
238 2274 282 2310 et
313 2266 382 2310 12.
421 2270 488 2310 ad
519 2266 773 2322 optimates
799 2280 848 2309 se
871 2281 987 2310 eon—

85 2327 207 2369 tulit.
266 2323 495 2370 Plutarch.
519 2323 567 2368 in
588 2324 697 2368 Ant.
729 2340 771 2367 c.
802 2324 870 2367 16.
926 2342 933 2345 ·

142 2396 261 2426 mox
278 2383 362 2424 ubi
379 2389 465 2426 etc.
512 2383 636 2426 Suet.
659 2381 686 2425 Ι.
706 2380 735 2425 l.
757 2389 799 2425 et
828 2398 866 2426 c.
885 2384 953 2427 11.

142 2441 414 2484 abstulerat.
488 2438 566 2483 Sic
606 2439 709 2483 cod.
738 2438 840 2491 MS.
877 2440 981 2485 edd.

83 2498 187 2543 Ber.
200 2497 343 2540 Rhea.
360 2495 460 2540 ΑΜ.
472 2495 592 2554 Lips.
612 2495 771 2556 prima.
801 2496 983 2543 Deinde

80 2555 272 2601 editores
288 2553 538 2599 maluerant
552 2556 864 2598 abstulerant.
895 2555 980 2600 Ve-

80 2622 221 2657 terem
245 2610 400 2670 script.
421 2611 619 2671 reposuit
636 2609 867 2656 Wolfius.
921 2614 979 2659 cf.

78 2673 171 2716 An.
183 2671 226 2739 23
241 2664 317 2713 715
328 2668 384 2712 Si
398 2684 512 2726 quos
525 2683 628 2738 spes
640 2684 787 2738 meae,
809 2673 853 2714 si
866 2686 980 2728 quos

71 2734 979 2839 gssfflfflgffssfizfi2.„5²‘?;Z„.‘2‘23·?

76 2845 165 2887 An.
188 2843 231 2894 4,
251 2842 324 2886 49.
354 2856 469 2899 quos
493 2844 688 2885 vulnera
701 2874 714 2894 ,
745 2858 858 2897 quos
878 2846 978 2887 sitis

68 2908 355 2956 peremerat.
415 2898 475 2943 cs.
502 2908 596 2943 not.
617 2899 673 2943 ad
699 2898 812 2943 uisu.
830 2902 874 2950 2,
902 2902 974 2946 78.

72 2958 116 3010 3,
139 2956 213 3003 38.
271 2958 359 3000 An.
392 2957 431 3004 1,
458 2956 528 2998 56.

158 3016 392 3069 utriusque
450 3014 607 3066 copias
666 3015 969 3067 occupavisse.

71 3074 196 3117 Suet.
233 3071 342 3116 Oct.
381 3086 422 3114 c.
459 3073 527 3114 11.
566 3080 617 3115 ut
656 3073 782 3115 solus
828 3074 973 3115 vietor

71 3139 164 3175 tres
185 3131 415 3173 exer-citus
435 3137 698 3184 occuparet.

125 3194 364 3230 extortam
389 3188 535 3229 invita
553 3195 728 3230 senatu
749 3189 969 3230 consula-

71 3252 188 3289 tum.
258 3244 381 3287 Suet.
416 3246 524 3288 Oct.
563 3260 602 3289 c.
635 3245 706 3288 26.
776 3244 965 3304 Eutrop.

69 3301 111 3351 ⁷.
146 3305 185 3346 1.
247 3300 363 3344 Veli.
392 3303 435 3354 2,
469 3300 540 3346 65.
601 3302 696 3345 Liv.
729 3317 752 3343 e
787 3301 835 3345 it.
867 3304 962 3345 119.

71 3357 161 3402 Dio
183 3358 255 3410 46,
279 3356 337 3402 32
359 3375 460 3418 sqq.
517 3359 711 3418 Appian.
766 3361 800 3402 ⁵.
831 3359 883 3405 C.
917 3358 962 3408 3,

65 3417 124 3459 48
147 3432 198 3475 aq
233 3449 245 3461 .
304 3415 510 3460 Muretus
540 3417 791 3474 corrigebat
820 3431 963 3460 sena-

65 3476 149 3518 tui.
200 3433 437 3518 qullius
475 3474 585 3518 dicit
620 3474 739 3532 apud
780 3474 961 3519 Cicero·

66 3546 172 3577 nem
226 3531 271 3575 id
325 3531 685 3591 praeferendum.
765 3530 961 3576 Minime

66 3604 184 3634 vero.
243 3588 358 3634 Nam
385 3589 558 3634 senatui
596 3606 686 3634 uon
717 3590 864 3647 potuit
890 3606 961 3635 ex·

1071 1413 1283 1463 torquere
1311 1396 1624 1452 consulatum,
1654 1401 1733 1463 qui
1762 1418 1856 1450 non
1881 1412 1975 1447 erat

1071 1462 1119 1505 in
1163 1472 1342 1506 senatus
1384 1462 1617 1513 manibus,
1667 1461 1747 1505 sed
1794 1469 1973 1504 senatus

1070 1519 1316 1578 populique
1338 1518 1551 1564 Romani.
1591 1519 1713 1563 Hinc
1730 1526 1974 1562 extortum

1068 1575 1274 1620 absolute
1301 1577 1474 1621 dictum
1490 1577 1660 1637 accipe,
1688 1585 1736 1618 ut
1751 1575 1873 1635 apud
1884 1575 1973 1622 Eu·

1068 1634 1295 1693 tropium:
1327 1637 1550 1686 extorsit,
1581 1643 1632 1678 ut
1654 1635 1743 1678 sibi
1763 1634 1973 1676 vibesimo

1070 1707 1200 1735 αηηο
1240 1695 1506 1736 consulatus
1535 1696 1747 1735 daretur.
1814 1691 1972 1735 Invito

1068 1757 1238 1794 senatu
1259 1759 1324 1794 est
1347 1750 1565 1794 ablativus
1587 1747 1836 1794 absolutus.
1890 1748 1970 1792 Ce-

1068 1817 1214 1851 terum
1235 1807 1412 1866 saepius
1427 1807 1547 1866 apud
1559 1806 1767 1852 Tacitum
1785 1815 1970 1864 quartae

1068 1864 1388 1910 declinationis
1422 1865 1570 1910 forma
1602 1880 1633 1907 u
1661 1863 1968 1924 ponitus-pro

1067 1924 1128 1965 ui.
1188 1922 1246 1967 cf.
1274 1932 1371 1967 not.
1400 1924 1457 1967 ad
1486 1920 1531 1978 6,Ι
1549 1920 1622 1966 23.
1657 1921 1726 1973 12,
1749 1921 1790 1965 5.
1811 1920 1883 1967 62.

1121 1981 1359 2034 acceperit.
1418 1978 1630 2024 Muretus
1660 1976 1858 2023 malebat
1883 1995 1969 2023 ac-

1063 2044 1268 2092 ceperat.
1329 2035 1420 2080 Sed
1453 2035 1591 2095 paulo
1615 2045 1717 2080 ante
1740 2033 1849 2080 fuit:
1891 2037 1968 2079 in-

1063 2094 1259 2147 vaserit,
1292 2094 1453 2138 eodem
1490 2092 1623 2153 plane
1662 2109 1761 2138 usu.
1819 2095 1965 2157 Accp-

1055 2160 1195 2208 perat
1219 2151 1357 2196 alium
1390 2150 1493 2195 loco
1520 2150 1668 2195 induit
1693 2150 1898 2196 colorem
1923 2161 1966 2196 et

1060 2209 1273 2254 alienum.
1332 2208 1520 2253 Exhibet
1553 2208 1677 2253 enim
1715 2223 1815 2252 eam
1851 2225 1965 2263 rem,

1060 2268 1187 2326 quod
1227 2268 1275 2311 in
1310 2266 1562 2312 Antonium
1600 2266 1776 2325 aceepit
1823 2283 1963 2320 arma,

1058 2336 1109 2370 ut
1133 2342 1213 2385 per
1238 2341 1284 2369 se
1313 2332 1622 2376 constantem,
1653 2341 1738 2369 nec
1758 2324 1960 2383 penden-

1056 2393 1146 2428 tem
1195 2401 1218 2428 e
1258 2381 1477 2437 sententia
1537 2382 1801 2427 dicentium.
1884 2382 1961 2427 Sic

1056 2442 1166 2488 infr.
1193 2442 1236 2491 4,
1259 2443 1331 2485 10.
1373 2455 1430 2484 ea
1448 2442 1629 2497 fraude
1657 2448 1760 2483 tum
1779 2455 1959 2490 senem,

1050 2508 1303 2556 postquam
1329 2499 1590 2542 convivium
1621 2498 1819 2548 inierat,
1865 2514 1956 2542 cx·-

1051 2566 1232 2611 ceptum
1251 2559 1470 2612 poculum
1496 2556 1658 2599 Druso
1691 2558 1954 2601 tradidisse.

1052 2615 1146 2659 lam
1190 2631 1302 2660 vero
1349 2613 1395 2657 id
1440 2613 1588 2673 ipsum
1634 2611 1700 2656 illi
1747 2622 1956 2672 arguunt,

1050 2673 1176 2731 quod
1203 2673 1251 2716 in
1277 2674 1385 2716 Ant.
1411 2687 1535 2715 arma
1561 2670 1761 2728 accepit,
1795 2681 1954 2717 eontra

1049 2747 1144 2774 rem
1161 2747 1204 2789 p.
1216 2730 1361 2774 vertit.
1386 2728 1506 2773 Hinc
1519 2745 1542 2771 e
1557 2743 1747 2786 persona
1762 2726 1950 2788 loquen-

1048 2788 1160 2831 tium
1182 2789 1291 2832 haee
1315 2795 1442 2830 erant
1467 2785 1726 2830 reserendaz
1762 2801 1881 2843 quae
1902 2789 1963 2831 in·

1045 2848 1107 2891 A.
1133 2846 1377 2898 acceperit.

1103 2904 1181 2957 qui
1184 2902 1367 2958 secere.
1427 2898 1504 2944 Sic
1531 2898 1633 2946 cod.
1648 2899 1751 2945 MS.
1774 2909 1819 2946 et
1839 2910 1945 2947 vett.-

1046 2959 1149 3004 edd.
1186 2975 1284 3017 sqq.
1355 2956 1443 3001 sed
1484 2973 1624 3016 quum
1654 2958 1836 3004 Mureto
1870 2959 1945 3004 iu-

1046 3015 1262 3061 notnisaet
1300 3014 1347 3059 in
1387 3014 1583 3074 antiquis
1631 3017 1803 3072 (nescio
1841 3018 1942 3077 qui·

1043 3075 1144 3130 bus)
1174 3090 1266 3117 csse
1293 3080 1506 3127 caepere,
1538 3074 1663 3119 venit
1693 3074 1777 3133 ipsi
1801 3074 1941 3135 smpi-

963 3158 976 3167 -
1041 3132 1113 3175 cio
1147 3131 1202 3175 de
1241 3131 1432 3182 mendo,
1474 3139 1517 3176 et
1550 3130 1653 3175 loco
1682 3132 1805 3176 Suet.
1831 3132 1940 3178 Oct.

1040 3205 1080 3234 c.
1121 3188 1173 3233 13
1217 3189 1430 3248 deceptus
1474 3189 1648 3233 censuit
1695 3190 1938 3248 legendum

1037 3262 1132 3290 esse
1179 3259 1354 3302 cepere,
1406 3261 1541 3303 quani
1574 3247 1933 3292 emendationem

1038 3303 1320 3362 potissimum
1364 3301 1580 3349 wolfius
1625 3321 1730 3349 cuin
1775 3303 1933 3349 eximia

1037 3360 1199 3407 fiducia
1250 3358 1590 3407 commendavit
1640 3371 1682 3406 et
1725 3361 1772 3406 in
1814 3369 1931 3407 textu

1035 3418 1201 3477 posuit.
1258 3419 1488 3464 Adsensus
1516 3418 1799 3463 sumentium
1838 3419 1928 3464 edi·

1032 3486 1191 3530 torum.
1213 3491 1307 3521 non
1336 3475 1492 3521 defuit.
1554 3436 1777 3522 dimirum
1804 3477 1926 3521 Suet.

1032 3532 1062 3579 Ι.
1101 3531 1132 3579 l.
1170 3533 1225 3578 de
1271 3533 1526 3580 Octaviano
1572 3534 1732 3578 resen-1:
1779 3549 1927 3593 neque

1031 3597 1359 3639 veteranorum
1406 3606 1556 3650 neque
1610 3606 1927 3648 possessorum
