2222 4030
326 242 452 309 2⁷4
997 190 1509 297 Ass-Auum
1877 229 1997 275 m.
2021 239 2100 275 πε.

1873 284 1926 317 Δ.
1946 282 1996 316 C.
2041 285 2102 318 22.

327 382 489 430 eturn
510 371 607 427 'civ
618 368 742 426 ium
779 387 952 424 senex
986 367 1306 441 imperator
1330 366 1659 442 fessamque
1680 380 1927 428 aetatem
1954 360 2191 431 et'actos
2218 396 2222 399 ·

326 460 556 515 labores
585 454 1022 529 praetenderet:
1066 451 1270 508 Druso
1287 451 1448 525 quod
1472 452 1588 506 nisi
1617 474 1684 508 ex
1710 455 2052 530 adrogantia
2077 460 2191 516 im—

324 538 770 619 pedimentum'?

495 650 623 710 LX.
664 649 782 708 Sed
806 648 1086 706 Tiberius
1108 646 1232 701 vim
1252 646 1616 722 principatus
1639 650 1753 707 sibi
1779 653 2020 710 firmans
2041 655 2191 712 ima..

326 740 523 812 ginem
547 734 909 813 antiquitatis
936 731 1164 787 senatui
1186 733 1502 806 praebebat
1526 737 1817 809 postulata
1854 740 2192 812 provincia-

326 843 463 880 rum
496 824 578 895 ad·
602 819 1074 897 disquisitionem
1110 828 1348 891 patrum
1380 819 1690 880 mittendo.
1776 821 2194 882 Crebrescehat

330 909 489 964 enim
525 905 778 963 Graecas
815 923 920 980 per
960 902 1136 958 urbes
1172 901 1412 959 licentia
1448 916 1622 980 atque
1663 905 1988 982 ,impunitas
2031 911 2191 988 asyla

330 993 650 1069 statuendi:
721 987 1171 1062 complebantur
1218 988 1434 1062 templa
1482 990 1750 1063 pessimis
1789 994 2189 1052 servitiorum:

329 1080 535 1136 eodem
562 1075 824 1133 subsidio
856 1072 1118 1129 obaerati
1142 1073 1455 1129 adversum
1482 1075 1800 1133 creditores
1827 1080 2194 1156 suspectique

328 1163 669 1239 capitalium
719 1158 1035 1215 criminum
1092 1159 1560 1232 receptabantur.
1658 1181 1766 1217 nec
1814 1163 2007 1219 ullum
2056 1166 2193 1223 satis

326 1250 589 1307 validum
638 1243 955 1319 imperium
1000 1253 1124 1299 erat
1173 1244 1509 1300 coercendis
1556 1246 1944 1304 seditionibus
1985 1251 2192 1325 populi

328 1334 545 1407 flagitia
569 1327 883 1386 hominum
907 1339 974 1385 ut
1002 1327 1385 1385 caerimonias
1410 1330 1588 1386 deum
1611 1334 1985 1406 protegentis,
2073 1333 2195 1409 Igi-

329 1432 425 1476 tur
460 1416 777 1492 placitum,
837 1425 906 1471 ut
937 1413 1239 1469 mitterent
1278 1414 1542 1472 civitates
1577 1416 1709 1473 iura
1743 1430 1916 1495 atque
1954 1421 2192 1493 legatos,

326 1502 405 1561 Et
430 1503 749 1580 quaedam,
796 1500 957 1575 quod
981 1499 1127 1554 falso
1155 1512 1615 1575 usurpaverant,
1670 1516 1878 1577 sponte
1914 1506 2190 1566 omisere:

323 1589 543 1646 multae
579 1584 822 1643 vetustis
857 1584 1370 1659 superstitionibus
1403 1597 1504 1642 aut
1537 1588 1762 1644 meritis
1797 1589 1862 1644 in
1906 1593 2192 1666 populum

269 1701 273 1707 ’
323 1673 668 1733 Romanum
704 1671 981 1728 fidebant.
1036 1729 1041 1733 ,
1081 1667 1418 1746 Magnaque
1457 1671 1582 1727 eius
1628 1673 1747 1729 diei
1799 1675 2018 1750 species
2060 1678 2193 1748 fuit,

323 1781 442 1837 quo
475 1768 710 1815 senatus
735 1755 1031 1812 maiorum
1055 1755 1367 1825 beneficia,
1412 1757 1707 1814 sociorum
1747 1772 1944 1833 pacta,
1989 1782 2193 1837 regum

324 1845 529 1914 etiam,
581 1842 685 1918 qui
707 1853 842 1898 ante
864 1841 989 1896 vim
1010 1838 1346 1898 Romanam
1370 1842 1679 1899 valuerant
1694 1890 1710 1913 ,
1767 1845 1996 1902 decreta
2032 1839 2194 1924 ipso-

326 1949 575 2007 rumque
598 1926 917 1984 numinum
938 1925 1253 1999 religiones
1279 1926 1657 2003 introspexit,
1694 1929 1883 1988 libero
1909 1943 1975 1989 ut
1999 1954 2194 2010 quon-

326 2017 497 2085 dam,
535 2013 679 2091 quid
707 2012 967 2068 firmaret
993 2023 1339 2072 mutaretve.

492 2122 651 2184 LXI.
705 2121 897 2180 Primi
948 2122 1217 2180 omnium
1255 2118 1503 2198 Ephesii
1550 2125 1743 2182 adiere
1801 2119 2193 2189 memorantes

323 2231 481 2280 non,
555 2220 622 2266 ut
673 2208 885 2282 vulgus
936 2209 1230 2277 crederet,
1314 2207 1569 2265 Dianam
1622 2222 1795 2288 atque
1846 2207 2192 2289 Apollinem

322 2288 474 2355 Delo
523 2294 774 2368 genitos:
847 2313 970 2349 esse
1020 2294 1180 2371 apud
1238 2313 1297 2349 se
1348 2290 1709 2352 Cenchrium
1769 2318 2034 2370 amnem,
2096 2302 2193 2358 lu·-

326 2401 462 2440 cum
497 2376 845 2457 Ortygiam,
912 2377 1018 2435 ubi
1050 2376 1343 2435 Latonam
1374 2391 1550 2455 partu
1586 2382 1891 2455 gravidam
1925 2395 1982 2442 et
2012 2387 2192 2458 oleae,

380 2572 497 2618 CAP.
521 2572 594 2616 60.
622 2571 810 2613 licentia
834 2578 977 2626 atque
1017 2570 1224 2626 impuni-
1353 2573 1509 2614 lucum
1549 2571 1707 2630 Ortyg.
1783 2573 1902 2619 Cod.
1944 2575 2047 2620 MS.
2090 2577 2192 2622 edd.

327 2640 422 2676 tas.
461 2629 512 2674 ἓν
538 2627 616 2674 διὰ
640 2629 789 2673 δυοῖν.
833 2627 894 2672 cf.
919 2626 1054 2670 Roth.
1078 2644 1123 2686 p.
1152 2630 1222 2671 51.
1297 2628 1838 2675 Beroald.Rhenan.A1d.
1861 2635 2036 2683 locum,
2067 2636 2190 2692 quod

378 2688 678 2746 protegentis.
736 2684 819 2729 Ed.
845 2685 950 2729 Ber.
971 2693 1224 2741 protegen-
1298 2685 1526 2730 Victorius
1550 2688 1609 2730 'in
1642 2703 1724 2730 suo
1760 2690 1946 2749 exempl.
1980 2691 2190 2740 Beroald.

327 2755 424 2796 tes,
467 2744 591 2804 quod
622 2741 853 2788 Victorius
887 2743 935 2786 in
961 2759 999 2786 s.
1035 2743 1223 2800 exempl.
1297 2760 1419 2788 corr.
1450 2746 1620 2787 lucum.
1691 2743 1769 2789 Sic
1803 2746 1908 2790 inde
1938 2764 1961 2790 a
1994 2749 2192 2794 Pichena

314 2820 447 2851 =corr.
465 2801 771 2859 protegentis,
801 2800 864 2843 uti
887 2808 954 2844 est
977 2800 1095 2859 apud
1111 2800 1224 2843 Rhe·
1298 2817 1472 2844 omnes.
1529 2800 1703 2860 Lipsius
1736 2802 1822 2846 iam
1845 2803 1969 2862 prius
1991 2807 2038 2853 in
2066 2824 2191 2850 mar..

326 2878 435 2906 nan.
469 2876 566 2918 sqq.
626 2857 810 2907 Scilicet
838 2858 1048 2901 Beroald.
1081 2857 1225 2902 inter-
1297 2858 1399 2958 gine
1426 2867 1649 2918 posuerat.
1709 2859 1825 2904 Nam
1849 2861 2009 2906 Strabo
2034 2864 2088 2907 de
2114 2881 2188 2907 ea-

326 2919 485 2979 pungit
503 2916 832 2960 seditionibus:
858 2916 1027 2971 populi
1041 2923 1128 2959 etc.

383 2978 489 3020 iura
516 2981 654 3029 atque
685 2974 884 3028 legatos.
954 2971 1088 3015 Roth.
1128 2972 1159 3017 l.
1191 2972 1223 3016 l.
1297 2973 1550 3032 διαπρεπὲς
1571 2971 1712 3023 ἄλσος
1733 2991 1775 3018 κ.
1800 2992 1839 3020 τ.
1861 2979 1904 3021 λ..
1968 2979 2093 3022 Idem
2117 2981 2190 3024 vi-

327 3033 515 3092 explicat
555 3032 664 3074 iura
702 3044 794 3085 per
833 3032 1028 3086 legato&
1105 3029 1226 3074 Iura
1295 3032 1408 3074 tium
1444 3031 1492 3074 in
1529 3032 1631 3076 cod.
1655 3031 1758 3078 MS.
1794 3035 1882 3078 iam
1911 3051 2035 3094 supr.
2054 3038 2097 3089 2,
2117 3038 2190 3082 25.

1330 2933 1399 2959 em
1425 2932 1473 2959 re
1503 2918 1579 2966 14,
1610 2932 1652 2974 p.
1677 2915 1776 2961 639.
1811 2916 1931 2974 καὶὴ
1951 2918 2187 2980 Ὀρτυγίᾱ,

326 3090 375 3135 h.'
392 3107 430 3133 e.
450 3087 700 3155 privilegia.
1298 3088 1692 3148 deprehendimus.

380 3148 547 3190 libero.
587 3143 770 3196 S1el,6.
786 3145 1066 3199 periculoso.
1107 3144 1223 3189 Vide
1354 3147 1434 3189 ubi
1451 3146 1711 3192 Latonam.
1772 3147 1968 3193 Pichena
1996 3151 2192 3197 malebat

324 3204 389 3249 ibi
413 3210 510 3246 not.
1297 3205 1370 3247 ibi.
1428 3203 1690 3262 Perperam.
1749 3205 1864 3248 Nam
1886 3208 2023 3253 verba
2044 3211 2191 3251 ubi-

385 3261 500 3307 CAP.
531 3259 603 3303 61.
637 3259 843 3315 Ephesii.
913 3260 986 3303 De
1025 3275 1222 3318 quorum
1295 3261 1500 3304 edidisse
1534 3277 1628 3303 non
1666 3261 1852 3315 adsunt,
1892 3271 1940 3306 ut
1972 3266 2191 3324 explicent

327 3318 452 3376 asylo
478 3315 568 3360 vid.
591 3316 768 3360 Strabo.
797 3317 874 3369 14,
905 3334 948 3375 p.
974 3317 1074 3361 641.
1296 3318 1530 3362 notionem
1572 3319 1939 3375 praecedentem,
1992 3324 2069 3366 sed
2112 3326 2193 3367 ubi

381 3390 484 3418 non
516 3405 531 3419 .
553 3403 568 3418 .
587 3405 599 3417 .
621 3405 634 3416 .
668 3375 866 3426 genitos.
939 3373 1012 3417 Cf.
1043 3375 1221 3418 nummi
1292 3375 1366 3419 hic
1397 3382 1446 3417 ut
1474 3376 1726 3433 saepissime
1758 3374 1887 3421 aliam
1920 3381 2188 3425 sententiam

326 3432 487 3491 Ephes'.
506 3430 626 3489 apud
637 3429 819 3474 Eckhel.
838 3431 930 3477 vol.
943 3433 986 3482 2,
1003 3449 1042 3492 p.
1056 3433 1141 3475 512
1155 3449 1220 3491 sq.
1293 3432 1435 3489 priori
1457 3432 1668 3475 adnectit.
1730 3434 1789 3477 cf.
1812 3436 2081 3480 Ramshorn.
2106 3438 2187 3482 Gr.

326 3487 836 3538 Brunck.Anal.1,194.
859 3489 988 3537 216.
1039 3489 1219 3536 Strabo.
1290 3495 1333 3545 §.
1359 3488 1458 3532 195.
1481 3491 1520 3533 1.
1542 3491 1589 3547 b)
1625 3506 1667 3548 p.
1692 3491 1789 3535 616.
1822 3501 1864 3535 et
1895 3494 2090 3552 exempla
2124 3496 2186 3539 ibi

329 3547 406 3598 14,
436 3564 481 3606 p.
504 3545 605 3592 639.
1290 3547 1525 3605 adscripta.
