2222 4030
267 253 340 312 18

922 238 1438 302 ANNALIUM

1809 236 1857 270 A.
1876 236 1927 271 U.
1946 237 2027 270 707.

1807 279 1859 314 A.
1882 278 1928 317 C.
1969 283 2030 319 14.

258 395 387 440 tum
430 380 500 435 de
544 372 904 444 honoribus,
947 393 1016 429 ex
1057 372 1188 449 quis
1231 370 1483 427 maxime
1530 369 1786 442 insignes
1825 372 1953 431 visi.
2047 384 2115 429 ut

256 478 425 542 porta
467 455 818 535 triumphali
859 459 1170 515 duceretur
1204 457 1384 512 funus
1404 498 1422 525 ,
1465 452 1675 529 Gallus
1718 450 1988 512 Asinius:
2011 520 2022 531 ..
2047 469 2115 513 ut

256 555 456 623 legum
485 548 738 602 latarum
764 544 954 612 tituli,
996 543 1284 598 victarum
1316 541 1391 596 ab
1432 556 1500 595 eo
1540 539 1803 611 gentium
1827 542 2113 598 vocabula

257 635 716 699 anteferrentur,
777 627 847 687 L.
888 623 1212 684 Arruntius
1263 644 1555 682 censuere.

1652 625 1902 680 addebat
1948 624 2113 681 Mes-

256 722 398 778 salla
437 715 710 773 Valerius
745 713 1153 769 renovandum
1195 730 1302 784 per
1349 729 1547 782 annos-
1581 721 2009 766 sacramentum
2045 711 2106 765 in

254 822 474 862 nomen
517 798 773 858 Tiberii:
845 798 1349 870 interrogatusque
1409 814 1441 875 a
1498 793 1776 863 Tiberio,
1841 815 1988 851 num
2051 815 2110 851 se

251 940 414 983 cim'um
435 931 763 980 Romanorum
789 928 979 972 CCCCC
1005 944 1145 971 num-

251 1011 354 1042 mos
386 1009 430 1038 v.
464 991 509 1035 d.
584 990 659 1033 Sic
687 988 896 1031 Tacitum
937 986 1146 1030 conciliat

250 1052 494 1099 Suetonio,
548 1048 626 1105 qui
673 1045 832 1089 refert:
887 1046 1147 1086 cohortibus

249 1113 436 1158 urbanis
453 1108 728 1166 quingenos,
757 1102 1024 1156 &grimanus
1048 1109 1147 1142 tre-

248 1184 382 1215 cenos
407 1177 645 1214 nummos,
677 1170 720 1203 et
745 1159 906 1209 Dioni,
939 1158 1012 1213 qui
1040 1161 1143 1200 cum

247 1226 465 1272 Suetonio
497 1220 735 1265 consentit.
794 1215 968 1258 Wolfii
995 1231 1143 1257 emcn-

247 1286 474 1330 dationem
498 1278 774 1322 recentiores
795 1273 986 1316 editores
1007 1272 1143 1315 admi-

190 1384 194 1390 ,
246 1359 341 1387 sere
357 1354 527 1384 omnes,
563 1336 783 1378 Cohortes
795 1332 956 1373 civium
968 1331 1142 1372 Roma-

245 1414 411 1443 norum
430 1393 684 1450 intelligunt
699 1389 886 1438 easdem,
902 1403 1010 1455 quas
1019 1387 1142 1429 Suet.

243 1458 374 1501 habet
401 1455 604 1497 urbanas
637 1449 743 1502 (Dio
773 1444 1022 1498 ἀστικοις).
1083 1444 1143 1487 At

244 1515 343 1573 quis
367 1525 569 1567 unquam
597 1509 804 1548 cohortes
838 1505 1045 1545 urbanas
1079 1502 1142 1544 di-

244 1575 301 1615 xit
350 1570 560 1612 cohortes
599 1565 764 1605 civium
804 1561 1144 1610 Romanorum,

241 1639 291 1672 nt
341 1626 718 1680 distinguerentur
753 1620 807 1662 ab
842 1618 1030 1660 aliarum
1067 1633 1141 1659 co-

241 1686 440 1729 hortium
485 1678 677 1738 genere?
746 1677 892 1718 Immo
933 1677 1142 1716 cohortes

241 1745 405 1786 civium
441 1740 674 1782 Roman„
722 1735 869 1790 siqua
909 1742 973 1774 est
1007 1748 1138 1775 voca-

240 1801 450 1845 bulorum
480 1796 572 1842 vis,
617 1808 711 1834 non
741 1798 928 1850 possunt
952 1788 1138 1843 intelligi

241 1857 323 1901 nisi
360 1854 566 1899 cohortes
595 1867 617 1892 e
645 1850 818 1893 civibus
839 1847 974 1889 Rom.
1015 1862 1137 1888 com-

241 1914 435 1973 positae,
478 1919 527 1952 nt
560 1908 890 1964 distinguantur
920 1921 943 1946 a
973 1903 1135 1946 cohor·

240 1974 357 2016 tibus
384 1967 616 2013 auxiliariis
652 1965 722 2009 vel
754 1962 1012 2012 sociorum3
1053 1975 1137 2001 ur·

240 2033 392 2072 bonae
444 2034 593 2069 autem
651 2030 755 2064 sunt
807 2019 1015 2062 cobortes
1065 2018 1137 2071 (et

241 2089 359 2145 ipsae
398 2083 565 2127 civium
601 2079 763 2132 Rom.)
801 2075 1028 2119 custodiae
1065 2091 1135 2117 ur-

239 2146 307 2188 bis
331 2142 553 2199 adpositae
586 2138 667 2179 sub
701 2134 892 2192 imperio
924 2132 1135 2190 praefecti

239 2201 364 2245 urbis
412 2206 545 2255 atque
590 2195 788 2237 diversae
829 2207 852 2233 a
889 2190 1135 2247 praetoriis.

241 2258 420 2304 cf.'l'ac.
440 2256 548 2297 Hist.
583 2256 620 2300 1,
647 2252 715 2293 74.
749 2258 790 2292 et
815 2248 857 2299 8,
879 2248 949 2290 64.
1006 2246 1136 2302 Quae

241 2333 347 2361 cum
379 2315 435 2357 ita
467 2311 576 2361 sint,
618 2309 761 2365 miror
783 2305 961 2349 Wolfii
996 2315 1038 2348 et
1071 2321 1135 2347 se·

241 2373 474 2433 quentium
542 2367 762 2410 editorum
832 2363 1137 2429 sedulitatem?

240 2448 328 2491 qua
353 2443 514 2474 vanam
544 2422 900 2483 emendationem
938 2437 984 2462 in
1017 2428 1137 2462 textu

239 2502 452 2549 posuere,
507 2494 639 2540 atque
691 2480 791 2523 cod.
834 2478 955 2521 Msti
1003 2478 1136 2519 verba

183 2575 190 2579 -
239 2547 450 2591 audacter
487 2542 589 2584 loco
629 2537 826 2583 vindico.
912 2534 1138 2577 Particula

239 2612 322 2646 aut
354 2617 449 2644 eam
486 2600 615 2642 habet
652 2596 743 2637 vim
777 2593 1044 2651 genuinam,
1086 2599 1136 2633 ut

241 2660 480 2716 distinguat
504 2672 576 2698 res
613 2650 807 2710 singulas
844 2650 914 2695 vel
952 2648 1135 2705 species,

240 2733 352 2775 quae
378 2715 600 2774 pertinent
624 2711 680 2754 ad
720 2709 836 2751 idem
875 2721 1026 2750 rerum
1064 2721 1134 2772 ge-

242 2791 340 2818 nuS.
403 2772 470 2816 Cf.
501 2769 604 2813 inlr.
635 2785 675 2811 c.
697 2765 767 2809 64.
814 2764 1136 2822 Quadragesz-

241 2847 369 2874 mum
397 2832 442 2871 id
455 2827 730 2881 stt'pendium
746 2825 939 2866 Caecina
956 2835 1135 2876 paren-

239 2884 297 2932 dt
310 2897 398 2931 nuto
412 2880 718 2938 'imperitandi
737 2882 949 2924 habebat.
1012 2877 1134 2932 Qua-

242 2946 444 3003 draginta
466 2942 658 2985 Caecina
693 2937 912 2996 stipendia
946 2936 1135 2979 habebat

243 3004 308 3060 (id
343 3016 480 3059 genus
501 3005 627 3050 —est);
678 2997 786 3040 haec
825 3004 973 3039 autem
1008 3001 1135 3059 erant

240 3062 402 3119 partim
438 3057 668 3110 stipendia
703 3054 930 3107 parendi,
972 3058 1134 3108 partim

240 3115 546 3173 imperitandi
565 3113 657 3166 (eae
682 3119 785 3153 sunt
809 3111 1010 3167 species);
1044 3110 1131 3149 An.

241 3176 283 3223 Ξ,
306 3175 386 3217 47’.’
421 3173 651 3228 quantum
684 3170 870 3209 aerario
904 3175 986 3208 aut
1013 3166 1133 3222 fisco

235 3232 518 3289 pendebant.
545 3227 675 3282 Quae
691 3223 1014 3282 pendebantur,
1029 3229 1132 3264 sunt

242 3304 408 3349 genus;
445 3286 752 3345 pendebantur
777 3291 920 3323 autem
949 3289 991 3322 et
1014 3295 1132 3323 aera-

240 3350 309 3390 rio
359 3354 400 3388 et
446 3344 579 3386 fisco:
632 3340 737 3383 hinc
782 3338 1135 3392 distinguuntur,

242 3420 357 3462 quae
403 3400 654 3460 pendebant
686 3395 857 3439 aerario
895 3404 970 3436 aut
1007 3395 1131 3448 fisco,

241 3461 409 3507 Similia
447 3466 551 3502 sunt
582 3454 689 3498 infr.
724 3468 762 3494 e.
797 3452 865 3494 16.
912 3453 966 3491 ob
999 3453 1131 3492 iusti*

242 3522 354 3563 tium
380 3525 462 3559 aut
481 3514 728 3568 gaudiana
757 3526 796 3553 c.
813 3510 884 3551 55.
905 3509 1132 3560 insignem

240 3586 486 3628 utrumque
504 3569 704 3627 perfidia
727 3569 775 3609 ἐπ’
802 3580 888 3609 nos
914 3572 996 3607 aut
1014 3567 1132 3619 fide,-

1212 1106 1416 1152 septum.

1220 925 1287 974 15,
1315 925 1388 972 47.
1441 928 1547 982 quia
1593 929 1639 969 in
1676 935 1809 970 utero
1847 943 2110 982 repressum

1216 992 1299 1026 aut
1321 985 1408 1026 iter
1433 985 1568 1026 iuxta
1604 985 1779 1026 editum
1813 987 1896 1036 sit,·
1936 986 2047 1029 Hist.
2070 988 2113 1038 4,

1215 1043 1286 1084 71.
1329 1042 1558 1083 montibus
1605 1049 1687 1082 aut
1732 1042 1926 1084 Mosella
1972 1059 2112 1085 amne

1478 1098 1608 1140 Haud
1631 1098 1778 1155 inepte
1804 1099 1937 1155 igitur
1967 1116 2109 1158 gram·

1217 1155 1369 1198 matici
1400 1155 1533 1214 prisci
1560 1157 1881 1208 observarunt,
1917 1157 2114 1215 particu-

1216 1215 1305 1256 lam
1342 1221 1425 1255 out
1457 1213 1620 1255 habere
1658 1212 1747 1255 vim
1792 1215 2110 1272 copulativam,

1216 1271 1273 1314 cf.
1301 1269 1421 1313 Roth
1456 1271 1502 1312 in
1536 1270 1611 1313 lib.
1647 1286 1769 1327 supr.
1798 1271 1915 1314 laud.
1950 1288 1993 1330 p.
2022 1273 2111 1325 13.;

1215 1344 1447 1386 perperam
1502 1344 1611 1371 vero
1688 1337 1814 1371 utant
1858 1346 1955 1371 eam
2002 1331 2109 1387 poni

1215 1402 1298 1444 pro
1338 1393 1383 1427 et
1417 1402 1450 1427 s.
1485 1399 1586 1440 que.
1672 1402 1793 1427 mmo
1827 1403 2002 1444 semper
2037 1403 2111 1430 co-

1213 1444 1340 1500 pulat
1382 1442 1710 1500 distinguendo.
1772 1441 1982 1486 Ceterum
2019 1444 2110 1487 vim

1214 1500 1513 1558 copulativam
1561 1499 1710 1542 latiori
1761 1517 1893 1544 sensu
1953 1517 2111 1545 omnes

1212 1558 1373 1600 habent
1397 1557 1657 1614 particulae,
1687 1574 1802 1615 quae
1827 1559 2108 1602 coniunctio-

1213 1632 1323 1657 num
1369 1615 1555 1657 nomine
1602 1624 1837 1659 vocantur.
1920 1618 2014 1659 Iam
2055 1617 2132 1668 ad,

1211 1673 1364 1714 locum
1394 1681 1442 1714 ut
1470 1672 1729 1723 redeamus,
1769 1673 1998 1731 Augustus
2024 1684 2109 1718 tre-

1212 1745 1350 1772 cenos
1378 1745 1590 1771 nummos
1620 1730 1739 1773 dedit
1776 1740 1818 1773 et
1857 1732 2108 1789 legionariis

1212 1788 1270 1842 (h.
1309 1803 1345 1828 e.
1385 1786 1600 1828 militibus
1639 1803 1719 1843 per
1755 1787 1949 1844 legiones
1982 1805 2107 1832 com·

1210 1844 1366 1901 positis
1400 1851 1531 1900 atque
1567 1842 1743 1900 habitis)
1779 1854 1821 1887 et
1849 1846 2109 1888 cohortibus

1211 1902 1379 1945 civium
1402 1900 1537 1943 Rom.
1563 1900 1622 1954 (b.
1649 1918 1686 1944 e.
1712 1902 1926 1946 militibus
1963 1919 1987 1946 e
2020 1919 2108 1946 ‘nu—

1210 1976 1336 2001 mero
1375 1958 1542 2003 civium
1565 1958 1699 2001 Rom.
1731 1959 1910 2002 delectis
1947 1969 1989 2003 et
2029 1976 2109 2018 per

1210 2016 1442 2066 cohortes,
1477 2031 1570 2058 non
1607 2032 1685 2071 per
1719 2017 1915 2074 legiones
1955 2017 2107 2075 dispo-

1209 2071 1346 2129 sit'is);
1397 2073 1517 2115 dedit
1562 2073 1696 2130 igitur
1737 2074 1987 2131 legionariis
2030 2083 2106 2119 aut

1210 2130 1472 2173 cohortibus
1500 2130 1666 2173 civium
1693 2132 1827 2174 Rom.
1859 2131 1900 2175 Ι).
1937 2149 1973 2175 e.
2013 2132 2107 2177 sive

1210 2197 1355 2230 essent
1387 2188 1641 2243 legionarii,
1684 2190 1772 2231 sive
1810 2190 2013 2233 cohortes
2043 2206 2106 2234 sc.

1209 2246 1376 2288 civium
1432 2245 1566 2288 Rom.
1615 2263 1760 2304 neque
1814 2247 2104 2290 auxiliarium.

1207 2302 1562 2358 Distinguuntur
1592 2313 1742 2346 antem
1769 2304 1974 2348 cohortes
1995 2320 2018 2346 a
2046 2304 2105 2347 le·

1210 2362 1442 2419 gionariis,
1485 2359 1587 2417 quia
1615 2361 1659 2403 in
1696 2362 1848 2405 multis
1883 2361 1990 2404 locis
2023 2362 2103 2404 im-

1208 2419 1318 2476 perii
1356 2417 1575 2469 Romani,
1607 2419 1683 2460 ubi
1722 2419 1855 2462 validi
1892 2419 2104 2462 exercitus

1210 2493 1233 2518 e
1250 2476 1496 2533 legionibus
1522 2475 1626 2517 totis
1649 2477 1885 2534 compositi
1912 2493 2004 2520 non
2029 2476 2103 2519 ha-

1207 2534 1452 2584 bebantur,
1480 2533 1679 2575 minores
1699 2534 1891 2576 militum
1910 2535 2103 2585 numeri,

1207 2607 1296 2633 una
1337 2592 1408 2633 vel
1442 2590 1591 2647 plures
1631 2590 1860 2642 cohortes,
1901 2593 2102 2648 agebant.

1207 2648 1263 2691 cf.
1302 2647 1404 2690 infr.
1445 2647 1485 2698 3,
1516 2647 1586 2690 41.
1629 2652 1903 2691 Andecavos
1933 2651 2104 2691 Acilius

1206 2708 1249 2747 A
1256 2705 1374 2746 viola
1390 2708 1570 2758 legatus
1588 2707 1742 2747 excita
1761 2709 1961 2760 cohorte,
1987 2721 2104 2762 quae

1206 2763 1424 2816 Lugduni
1431 2765 1717 2815 praesidium
1731 2764 1919 2817 agitabo
1927 2772 1956 2814 t,
1973 2778 2104 2806 coer·-

1207 2823 1311 2861 cuit.
1376 2819 1421 2861 T
1417 2821 1568 2860 urom'i
1594 2821 1845 2873 legionario
1873 2823 2016 2862 milite
2040 2847 2101 2856 >—

1207 2878 1414 2929 oppressi
1439 2885 1522 2919 etc.
1568 2878 1643 2919 ubi
1676 2877 1837 2920 cohors
1856 2878 2100 2935 legionario

1205 2935 1334 2977 militi
1371 2935 1628 2992 opponitur.
1689 2935 1774 2977 An.
1801 2934 1841 2983 3,
1864 2937 1935 2978 20.
1979 2935 2100 2977 Tac-

1192 2993 1388 3048 farinas
1424 3015 1482 3022 —-
1504 2994 1651 3037 ,haud
1699 2996 1868 3046 procul
1919 2992 2100 3047 Pagida

1190 3051 1394 3107 flumine
1431 3051 1665 3091 cohortem
1702 3050 1975 3091 Romanam
2009 3054 2100 3092 cir-

1205 3108 1442 3149 cumsedit.
1516 3107 1602 3148 An.
1630 3104 1697 3157 13,
1723 3107 1767 3152 8.
1820 3109 1991 3149 additis
2021 3123 2099 3150 co-

1204 3165 1412 3206 hortibus
1441 3165 1638 3218 alisque,
1669 3178 1785 3218 quae
1817 3168 1943 3218 apud
1974 3164 2099 3219 Cap...

1199 3222 1450 3275 padociam
1483 3223 1770 3263 hiemabant.
1829 3222 1930 3264 Alia
1957 3238 2096 3265 exem·

1204 3279 1274 3336 pla
1298 3279 1399 3322 vide
1417 3279 1535 3336 apud
1551 3279 1904 3321 Freinshemium
1933 3280 1986 3323 ad
2009 3279 2050 3322 b.
2067 3281 2095 3323 l.
2111 3285 2139 3296 “'

1205 3337 1298 3378 Iam
1337 3336 1437 3378 satis
1476 3336 1685 3378 credibile
1713 3344 1798 3387 est,
1830 3337 2096 3393 Augustum,

1203 3409 1341 3450 quum
1371 3402 1576 3436 trecenos
1603 3409 1814 3435 nummos
1843 3393 2006 3450 legaret
2038 3395 2096 3436 le-

1205 3450 1415 3508 gionariis
1441 3451 1646 3507 singulis,
1677 3466 1769 3491 non
1796 3452 1997 3493 omisisse
2023 3467 2094 3494 co-

1202 3509 1351 3550 hortes
1376 3507 1545 3551 civium
1570 3507 1905 3560 Romanorum,
1940 3507 2094 3551 eadem

1203 3565 1436 3622 disciplina
1461 3565 1711 3620 eodemque
1742 3564 1837 3608 iure
1865 3581 1988 3616 usas;
2018 3566 2093 3608 sed
