2222 4030
336 220 418 280 50

993 212 1513 276 ANNALIUM

1880 209 1931 246 A.
1947 212 1999 248 U.
2015 211 2099 247 767.

1884 255 1932 289 A.
1953 254 1999 290 C.
2041 255 2100 289 14.

336 349 528 421 fulgor
573 357 628 401 et
676 343 962 400 claritudo
1000 345 1141 400 deae
1174 344 1534 402 redderetur.
1620 339 1809 426 Igitur
1841 347 1990 402 aeris
2029 365 2192 418 sono,
2215 351 2222 380 ’-

343 435 618 490 tubarum
643 450 1045 505 cornuumque
1071 439 1360 484 concentu
1386 440 1666 502 strepere:
1721 442 1899 504 prout
1932 432 2194 507 splendi-

340 520 474 574 dior
497 514 911 583 obscuriorve;
943 514 1150 570 laetari
1180 524 1280 568 aut
1302 532 1587 568 maerere:
1617 524 1672 569 et
1693 525 2004 590 postquam
2029 527 2192 573 ortae

343 604 527 658 nubes
561 599 806 656 offecere
840 599 993 655 visui
1034 597 1437 672 creditumque
1472 597 1771 655 conditam
1795 600 2084 670 tenebriS‚
2125 612 2222 658 ut*

344 699 483 744 sunt
515 684 764 742 mobiles
800 685 875 740 asl
910 682 1384 758 superstitionem
1421 683 1722 758 perculsae
1746 686 1925 742 semel
1947 696 2190 754 mentm,

343 771 457 828 sibi
498 782 800 828 aeternum
833 769 1096 825 laborem
1131 766 1438 841 portendi,
1493 787 1597 824 sua
1634 768 1898 826 facinora
1935 771 2221 843 aversaris

341 859 480 913 d'eos
522 855 935 912 lamentantur.

1022 850 1326 909 Utendum
1365 851 1749 909 inclinatione
1783 874 1846 910 ea
1867 853 2082 911 Caesar
2120 866 2193 923 et,

343 961 488 1019 quae
510 959 675 997 casus
692 939 1002 1007 obtulerat,
1024 937 1089 992 in
1106 935 1453 1011 sapientiam
1469 939 1747 994 vertenda
1765 951 1926 997 ratus
1941 940 2193 998 circum-

339 1027 411 1083 iri
445 1026 695 1083 tentoria
731 1024 911 1081 iubet.

339 1187 515 1248 τούμὸν
559 1186 721 1242 αὐτῆς,
776 1184 907 1242 plane
954 1190 1003 1225 ut
1045 1182 1230 1229 Noster:

341 1263 464 1306 qnae
511 1252 775 1302 pergerent.
868 1240 1080 1284 Ceterum
1125 1252 1232 1291 nota

342 1305 616 1364 optativum,
669 1302 746 1360 q'ui
786 1299 953 1342 indicat
987 1314 1080 1340 non
1119 1317 1233 1358 quae

341 1379 464 1407 nunc
493 1371 646 1418 agant,
687 1359 761 1402 sed
788 1373 902 1414 quae
937 1371 1076 1413 porro
1110 1375 1233 1417 pera.

339 1418 483 1477 genda
506 1419 552 1460 in
572 1420 725 1461 auimo
746 1415 988 1466 habebant3
1011 1429 1103 1458 non
1121 1430 1232 1471 per-

310 1516 311 1521 ,
336 1485 479 1532 gant,
515 1477 591 1518 sed
615 1479 882 1529 pergerent.

383 1535 548 1590 fulgor
568 1541 611 1574 et
635 1533 878 1575 claritudo.
913 1537 962 1573 ut
982 1545 1233 1588 synonyma

340 1600 466 1635 notat
490 1590 610 1632 Roth
636 1607 680 1648 p.
707 1589 750 1631 7.

397 1649 524 1691 neris·
543 1663 676 1690 sono.
739 1646 798 1689 cf.
828 1645 1032 1692 Iuvenal.
1062 1644 1106 1701 6,
1129 1645 1230 1688 441.

341 1705 438 1750 Liv.
472 1705 541 1755 26,
570 1705 613 1747 5.

395 1765 637 1818 perculsae
674 1770 868 1806 menleS.
931 1760 1016 1804 Hic
1049 1777 1235 1820 quoque

342 1819 519 1864 Ernest.
550 1821 731 1877 putabat
754 1819 993 1876 legendum
1018 1836 1111 1862 esse
1129 1834 1233 1873 per·

332 1893 514 1920 ⁴cassae.
576 1877 664 1920 sed
685 1877 783 1927 xyid.
818 1886 913 1919 not.
947 1876 1001 1920 ad
1031 1894 1071 1922 c.
1103 1876 1172 1919 12.

353 1952 357 1954 ·
401 1935 628 1978 aversari.
699 1935 940 1978 Fluctuant
975 1934 1077 1978 edd.
1117 1934 1233 1978 inter

301 2025 311 2033 ,
342 1994 578 2040 aversari,
619 1993 740 2050 quod
782 2001 846 2034 est
883 1993 1000 2048 apud
1035 1992 1238 2036 Rhenan.

345 2065 445 2107 sqq.
479 2058 522 2092 et
558 2066 701 2107 nuper
734 2049 1015 2091 Liinemann.
1055 2058 1095 2092 et
1118 2048 1239 2092 Bek-

343 2107 464 2158 ker„
516 2114 557 2149 et
598 2107 865 2154 adversari,
918 2107 1040 2162 quod
1077 2107 1239 2151 babent

346 2163 553 2206 Beroald.
615 2172 658 2206 et
713 2180 857 2221 nuper
907 2163 1132 2207 VVeikert
1192 2172 1234 2206 et

345 2220 553 2264 VVeisse.
626 2221 808 2264 Tacitus
855 2231 1048 2278 utroque
1092 2223 1234 2267 verbo

345 2279 500 2323 utitur.
571 2278 802 2321 Aversor-i
841 2288 904 2320 est
943 2280 1058 2321 male
1104 2279 1235 2321 adfici

345 2336 491 2394 aliqua
527 2353 600 2385 re,
644 2353 773 2394 aegre
810 2338 953 2388 ferre,
997 2336 1119 2379 nolle
1152 2336 1236 2380 ali-

345 2394 478 2452 quid,
513 2403 560 2437 ut
585 2408 852 2436 sermonem
879 2394 1066 2437 alicuius
1092 2395 1237 2443 An.6‚

342 2451 414 2495 26.
440 2452 730 2507 parricidwn
756 2451 868 2494 Hist.
895 2451 936 2502 3,
957 2451 1029 2494 25.
1060 2454 1238 2493 odulu-

345 2510 494 2552 tiones
511 2510 629 2552 Suet.
655 2510 758 2555 Ttb.
789 2509 915 2552 c.27.
977 2509 1240 2551 Adversari

347 2565 564 2623 significat
601 2567 900 2609 adversarium
935 2583 1028 2609 esse
1054 2567 1237 2610 alicuius

347 2623 546 2666 hominis
593 2624 664 2667 vel
709 2625 789 2666 rei.
861 2623 1045 2680 Duplici
1086 2632 1236 2666 autem

348 2680 436 2724 hoc
474 2682 668 2726 verbum
703 2682 845 2724 utitur
879 2681 1232 2724 constructione.

345 2737 539 2782 Ponitur
559 2755 665 2782 cum
690 2738 840 2783 dativo
857 2771 868 2790 ,
903 2748 953 2794 ‚ut
977 2755 1015 2781 c.
1030 2737 1098 2780 27.
1113 2753 1229 2779 com-

349 2798 498 2838 modis
529 2797 789 2849 legz'0n1un3
836 2798 879 2838 2.
917 2796 988 2839 67.
1024 2795 1235 2849 paternis

350 2853 571 2903 consiliis3
614 2855 655 2904 4,
676 2852 747 2896 37.
782 2855 924 2897 Asiae
959 2853 1232 2895 civitatibus.

350 2910 392 2952 ls
422 2911 589 2953 dativus
620 2911 824 2968 exprimit
853 2911 1130 2960 subiectum,
1162 2926 1238 2953 cu·

350 2966 418 3008 ius
443 2966 602 3024 aliquis
630 2978 694 3010 est
717 2968 1016 3018 adversarius,
1058 2976 1105 3010 ut
1130 2984 1236 3025 per-

351 3040 460 3066 sona
486 3026 557 3067 vel
583 3026 718 3068 resin
755 3027 907 3071 dativo
940 3026 1081 3084 posita
1116 3034 1158 3067 et
1188 3025 1239 3074 is,

351 3081 429 3140 qui
454 3081 739 3133 adversatur,
779 3084 968 3127 invicem
992 3083 1081 3125 sint
1109 3084 1238 3140 cogi-

349 3138 471 3181 tandi
499 3138 687 3181 adversi.
747 3140 939 3183 Ponitur
963 3156 1071 3184 vero
1105 3141 1237 3183 etiam

351 3211 455 3239 cum
482 3197 761 3248 accusativo,
792 3207 840 3241 ut
860 3198 975 3240 Hist.
1003 3199 1042 3245 1,
1068 3199 1108 3240 1.
1135 3214 1234 3239 am-

348 3252 565 3295 hittonem
612 3255 875 3308 &rancoris-‚-
927 3255 1035 3298 ibid.
1075 3271 1115 3297 c.
1155 3255 1230 3297 38.

351 3311 679 3364 adoptionem3
751 3313 812 3354 ib.
852 3314 893 3360 4,
939 3312 1008 3354 84.
1057 3326 1230 3364 regem.

349 3366 467 3409 Tum
502 3367 778 3410 accusativus
800 3369 970 3412 indicat
996 3369 1237 3419 obiectum,

351 3425 470 3467 circa
511 3425 632 3481 quod
667 3424 825 3483 aliquis
863 3436 926 3468 est
963 3428 1237 3470 adversarius

349 3481 393 3523 h.
409 3498 446 3523 e.
469 3498 564 3524 eam
592 3498 685 3524 rem
708 3483 773 3526 vel
798 3499 1059 3541 personam,
1104 3500 1237 3540 quam

348 3539 564 3596 impedire
626 3539 774 3583 studet
838 3549 887 3583 ut
944 3541 1238 3588 adversarius.

998 1022 1243 1079 Accitur
1278 1022 1543 1089 centurio
1577 1020 1851 1079 Clemens
1893 1037 1947 1082 et
1994 1026 2044 1080 si
2091 1024 2193 1081 alii

1303 1184 1470 1230 Sensus
1548 1202 1619 1229 sae
1654 1186 1802 1231 issime
1883 1205 1932 1232 ex
2008 1196 2194 1246 utraque

1304 1253 1528 1287 structura
1555 1203 1712 1288 eodbm
1735 1246 1865 1290 redit.
1925 1245 2042 1289 Sunt
2060 1246 2195 1290 verba

1303 1302 1423 1346 haud
1466 1318 1632 1359 pauca,
1718 1301 1990 1347 uae‘eadem
2021 1302 2194 1346 ratione

1305 1368 1510 1403 utuntur.
1542 1382 1543 1385 ¹
1581 1359 1640 1402 cf.
1725 1361 1952 1406 amshorn.
2001 1376 2065 1419 gr.
2118 1359 2194 1403 lat.

1304 1421 1347 1473 §.
1383 1417 1480 1460 122.
1541 1415 1635 1459 Iam
1663 1432 1749 1460 sua
1766 1418 1993 1474 facinora
2025 1420 2199 1460 adver-

1303 1474 1405 1518 sari
1431 1478 1543 1517 deos
1567 1474 1755 1517 minime
1778 1476 1982 1535 ineptum
2007 1491 2100 1523 esse
2122 1475 2198 1520 vi-

1306 1532 1409 1583 des;
1440 1547 1544 1575 nam
1569 1547 1650 1575 cur
1675 1532 1733 1574 dii
1763 1549 1856 1576 non
1878 1533 2084 1578 dicantur
2105 1533 2196 1576 im-

1305 1590 1458 1646 pedire
1505 1588 1707 1633 facinora
1742 1590 2052 1633 rebellantium
2088 1606 2198 1648 per-

1303 1647 1408 1689 inde
1435 1655 1567 1704 atque
1594 1649 1893 1701 adoptionem
1919 1647 2032 1691 Hist.
2059 1648 2098 1699 l,
2120 1647 2194 1692 38.

1306 1705 1430 1747 nulla
1469 1713 1533 1747 est
1572 1720 1720 1748 causa.
1805 1704 1868 1748 At
1911 1722 2005 1748 non
2047 1706 2195 1749 minus

1307 1771 1462 1820 aptum
1486 1771 1551 1804 est
1574 1764 1813 1816 aversari,
1847 1778 1988 1820 quum
2017 1762 2195 1806 facino-

1306 1835 1411 1862 rum
1461 1819 1558 1862 voci
1612 1819 1716 1863 insit
1765 1821 1890 1862 notio
1939 1820 2196 1869 atrocitatis,

1306 1876 1476 1934 flagitii.
1546 1875 1690 1919 Buhle
1737 1876 1783 1919 in
1831 1876 2006 1928 libello,
2046 1884 2194 1936 ‘quem

1310 1934 1485 1991 scripsit
1507 1942 1664 1977 contra
1687 1933 1900 1977 Ioannem
1916 1934 2005 1978 Hill
2025 1934 2078 1978 de
2093 1935 2196 1979 stilo

1309 1992 1453 2035 Taciti
1490 2008 1533 2048 p.
1558 1992 1630 2034 52.
1658 2000 1699 2034 et
1732 1991 1824 2049 ipse
1856 1991 2196 2048 praeferendum

1311 2057 1463 2092 censet
1485 2049 1723 2098 aversor-[3
1752 2064 1845 2091 non
1884 2058 2034 2092 tamen
2067 2058 2198 2108 negat

1310 2106 1468 2149 Tacito
1490 2107 1740 2148 adversari
1760 2106 1971 2164 coniungi
1989 2123 2092 2150 cum
2118 2123 2196 2150 ac-

1312 2180 1406 2207 cus.
1488 2164 1625 2206 Putat
1660 2173 1806 2206 autem
1848 2181 1946 2219 earu
1983 2165 2196 2222 loquendi

1306 2220 1545 2263 formulam
1574 2237 1677 2263 cum
1705 2221 1798 2262 aliis
1817 2254 1827 2271 ,
1858 2230 1907 2264 ut
1933 2222 2130 2275 adipisci
2156 2238 2195 2265 c.
2219 2269 2222 2278 1

1307 2279 1442 2336 genit.
1474 2279 1562 2322 Au.
1593 2279 1633 2329 6,
1654 2277 1723 2319 45.
1749 2281 2012 2332 praesidere
2039 2295 2078 2322 c.
2105 2278 2196 2323 dat.

1307 2345 1349 2379 et
1379 2353 1527 2379 accus.
1557 2337 1645 2379 An.
1672 2334 1713 2386 3,
1735 2335 1807 2379 64.
1849 2337 1912 2387 12,
1936 2337 2007 2379 29.
2039 2353 2063 2379 e
2088 2352 2197 2381 ver-

1307 2394 1470 2436 naouto
1536 2409 1744 2436 sermone
1815 2401 1912 2436 tum
1982 2395 2196 2451 temporis

1307 2451 1496 2493 florente
1522 2451 1790 2494 contraxisse
1813 2450 2045 2500 Tacitum,
2086 2451 2195 2494 dum

1309 2509 1482 2552 iuvenis
1507 2509 1683 2566 negotia
1706 2516 1915 2552 tractaret
1932 2509 2077 2555 civilia
2093 2525 2194 2552 cau-

1309 2582 1466 2622 sasque
1502 2573 1728 2623 peroraret
1761 2566 1962 2623 publice‚·
2004 2583 2087 2610 nec
2125 2583 2194 2609 eas

1309 2623 1582 2672 correxisse,
1626 2623 1714 2665 sive
1740 2623 1862 2680 quod
1893 2640 1983 2666 non
2011 2622 2193 2667 haberet

1308 2681 1603 2723 correctionis
1641 2696 1818 2723 causam
1863 2682 1964 2723 satis
2038 2697 2196 2725 ravem,

1306 2737 1400 2780 sive
1441 2738 1562 2793 quod
1598 2754 1646 2779 ex
1679 2738 1911 2793 proposito
1948 2739 1994 2780 in
2029 2738 2196 2795 ulgerct

1307 2804 1454 2852 gratae
1523 2794 1814 2851 negligentiae
1879 2796 1926 2836 in
1998 2795 2222 2838 minutiis*⁴

1307 2853 1623 2907 grammaticis.
1697 2851 1826 2905 Quae
1856 2861 2006 2895 tamen
2041 2852 2196 2909 opinio

1310 2925 1403 2951 non
1438 2909 1540 2951 satis
1574 2910 1704 2966 digna
1745 2925 1838 2951 esse
1877 2909 2048 2952 xidetur
2084 2910 2218 2959 viro„

1290 2969 1387 3024 ,qui
1442 2965 1585 3010 Taciti
1650 2967 1801 3008 stilum
1866 2967 2222 3009 defendendum.

1309 3023 1564 3080 sumpserit.
1626 3023 1816 3066 Minime
1839 3032 1987 3066 autem
2013 3041 2036 3066 a
2061 3025 2196 3081 vulgo

1309 3080 1440 3147 habet
1463 3080 1646 3131 Noster,
1689 3096 1802 3137 quae
1839 3078 1919 3138 ipsi
1953 3089 2058 3124 sunt
2088 3098 2199 3140 pro-

1342 3155 1424 3181 ria.

1310 3155 1336 3196 p
1368 3202 1413 3236 et
1450 3195 1493 3237 si
1527 3195 1621 3238 alii.
1695 3193 1772 3237 Sic
1809 3193 1912 3238 cod.
1950 3194 2051 3238 MS.
2093 3195 2222 3239 edd..

1306 3252 1515 3296 Beroatd.
1557 3252 1762 3295 Rhenan.
1805 3267 1903 3308 sqq.
1948 3259 1995 3294 et
2037 3253 2080 3295 si
2121 3254 2200 3308 qui

1303 3310 1422 3364 alii,
1473 3309 1574 3352 edd.
1611 3310 1732 3366 Lips.
1774 3307 1955 3352 Gruter.
1993 3312 2197 3354 Veterem

1305 3368 1461 3425 script.
1486 3368 1659 3410 reduxit
1676 3365 1882 3409 Pichena.
1927 3365 2195 3425 Wopkens.

1312 3424 1408 3467 vult
1430 3432 1475 3467 et
1494 3425 1573 3479 qui
1594 3427 1679 3466 alii
1697 3423 1768 3468 vel
1797 3431 1841 3465 et
1864 3425 1908 3465 si
1937 3426 2024 3479 qui.
2086 3425 2195 3468 Fru-

1310 3490 1416 3524 stra.
1479 3482 1582 3525 Nou
1620 3483 1738 3524 enim
1781 3497 1936 3523 omnes
1964 3482 2091 3524 bonis
2119 3500 2196 3525 ar-

1317 3540 1433 3581 tibus
1462 3548 1609 3597 gratos
1638 3540 1681 3581 in
1712 3538 1872 3594 vulgus
1898 3546 1994 3582 tum
2032 3541 2218 3584 accitos‘
