2222 4030
1796 198 1814 232 -Ι
1838 196 1891 235 A.
1907 198 1962 234 U.
1981 198 2061 235 776.

1837 239 1892 279 A.
1907 241 1956 276 C.
2003 244 2064 278 23.

214 170 221 175 ’
296 205 422 265 300
958 171 1474 258 AisNALIUM

294 348 364 394 ut
394 340 707 392 ‘contentus
742 339 904 389 esset.
990 327 1192 408 Neque
1227 348 1362 385 raro
1406 346 1597 404 neque
1625 328 1779 402 apud
1808 351 2025 406 paucos
2058 345 2149 391 ta-

292 423 374 479 lia
408 419 683 475 iaciebat:
740 425 797 472 et
831 427 1047 473 secreta
1079 433 1314 493 quoque
1350 413 1474 470 eius
1505 424 1781 488 corrupta
1801 437 1984 474 uxore
2006 440 2148 494 pro-

291 507 601 564 debantur.
1528 504 1530 506 ’
1790 508 1793 510 ’

367 608 370 610 ·
456 585 629 647 VIII.
674 583 862 660 Igitur
887 584 1133 642 Seianus
1160 584 1583 640 maturandum
1614 595 1776 641 ratus
1805 587 2010 661 deligit
2042 610 2148 645 ve-

288 670 539 744 nenum,
588 693 706 750 quo
740 670 1024 747 paulatim
1058 668 1362 743 inrepente
1397 669 1676 726 fortuitus
1711 674 1954 729 morbus
1988 675 2146 730 adsi-

285 761 632 819 mularetur.
684 757 749 814 id
773 755 967 812 Druso
1003 754 1208 809 datum
1243 774 1351 828 per
1380 752 1662 831 Lygdum*
1687 758 2036 830 spadonem,
2077 771 2144 816 ut

283 858 416 905 octo
458 855 595 920 post
637 861 826 899 annos
861 838 1164 912 cognitum
1204 850 1307 898 est.
1408 837 1685 896 Ceterum
1721 840 2000 900 Tiberius
2037 865 2146 919 per

283 950 490 990 omnes
517 926 873 987 valetudinis
899 924 1022 980 eius
1045 923 1171 979 dies
1197 924 1366 980 nullo
1389 936 1584 994 mem,
1626 944 1704 980 an
1727 939 1795 984 ut
1823 928 2142 986 firmitudi-

282 1014 642 1074 nem-animi
679 1012 1021 1078 ostentaret,
1066 1008 1266 1065 ctiam
1301 1010 1577 1067 defuncto
1616 1012 1871 1067 necdum
1911 1015 2137 1089 sepulto

280 1100 514 1160 curiam'
532 1100 826 1171 ingressus
857 1105 958 1154 est.
1015 1094 1402 1171 consulesque
1439 1097 1574 1151 sede
1601 1096 1832 1169 vulgari
1867 1118 1973 1172 per
2008 1119 2139 1174 spe-

277 1184 429 1246 ciem
472 1183 792 1242 maestitiae
833 1181 1098 1237 sedentes
1131 1174 1379 1237 honoris
1415 1180 1646 1257 locique
1685 1181 2020 1241 admonuit:
2083 1195 2140 1242 et

277 1274 528 1330 effusum
553 1269 618 1324 in
644 1266 916 1323 lacrimas
940 1276 1207 1322 senatum
1232 1266 1387 1322 victo
1413 1267 1633 1339 gemitu
1656 1266 1835 1324 simul
1868 1269 2135 1325 oratione

273 1358 554 1418 continua
578 1353 774 1410 erexit.
858 1349 999 1407 Non
1019 1351 1259 1427 quidem
1283 1351 1397 1407 sibi
1423 1352 1697 1426 ignarum
1739 1373 1908 1428 posse
1947 1355 2134 1428 argui,

272 1442 432 1522 quod
453 1452 574 1496 tam
597 1437 820 1497 recenti
842 1437 1047 1492 dolore
1073 1435 1320 1493 subierit
1343 1438 1546 1494 oculos
1570 1449 1829 1495 senatus:
1873 1439 1971 1496 vix
1991 1461 2133 1514 pro-

267 1518 634 1606 pinquorum
655 1522 931 1598 adloquia
956 1522 1227 1592 tolerari,
1268 1522 1367 1578 vix
1390 1523 1547 1579 diem
1572 1523 1754 1598 aspici
1776 1544 1810 1580 a
1833 1525 2130 1602 plerisque

267 1609 615 1687 lugentium.
669 1628 860 1684 neque
884 1607 1020 1664 illos
1040 1607 1463 1665 imbecillitatis
1492 1608 1886 1666 damnandos:
1943 1630 2002 1666 se
2041 1622 2129 1668 ta-

267 1719 407 1757 men
448 1694 695 1753 fortiora
739 1693 946 1750 solatia
991 1712 1022 1748 e
1062 1693 1372 1768 complexu
1405 1694 1493 1749 rei
1525 1694 1797 1769 publicae
1834 1695 2128 1771 petivisse.

262 1785 688 1857 miseratusque
710 1773 1010 1853 Augustae
1045 1790 1363 1836 extremam
1400 1790 1719 1850 senectam,
1772 1781 1985 1837 rudem
2021 1783 2130 1838 ad-

262 1867 383 1927 huc
410 1878 694 1944 nepotum
718 1875 776 1921 et
797 1874 1136 1938 vergentem
1166 1877 1416 1923 aetatem
1454 1885 1650 1935 suam,
1693 1876 1760 1922 ut
1785 1863 2127 1924 Germanici

258 1954 439 2013 liberi
462 1951 639 2010 unica
662 1949 1061 2026 praesentium
1086 1951 1383 2007 malorum
1414 1951 1746 2008 levamenta
1769 1952 2126 2009 induceren-

259 2053 387 2111 tur,
450 2037 678 2114 petivit.
776 2032 1016 2109 Egressi
1050 2036 1320 2096 consules
1360 2037 1620 2092 firmatos
1656 2037 1936 2114 adloquio
1975 2039 2125 2101 adu-,

255 2124 607 2186 lescentulos
632 2121 1029 2198 deductosque
1053 2133 1187 2178 ante
1203 2119 1511 2179 Caesarem
1534 2133 1812 2182 statuunt.
1887 2122 2122 2195 Quibus

259 2209 592 2287 adprensis,
646 2204 896 2278 „Patres
935 2207 1283 2283 conscripti,
1335 2203 1510 2277 h0s‚'·'
1561 2207 1788 2284 inquit,
1838 2210 2120 2278 „orbatos

256 2305 541 2372 „parente
567 2292 787 2350 tradidi
811 2304 1022 2367 patruo
1049 2293 1313 2368 ipsorum
1334 2304 1716 2369 precatusque
1744 2313 1874 2350 sum
1890 2339 1906 2364 ,
1931 2315 2120 2371 quan-

255 2478 323 2535 vis
347 2485 611 2530 nominetur
631 2483 756 2527 deus.
817 2482 876 2526 cf.
903 2481 998 2527 Cic.
1023 2483 1077 2527 de
1094 2482 1152 2526 N.

255 2547 319 2591 D.
350 2546 393 2598 2,
411 2543 484 2588 23.

310 2611 362 2646 ut
404 2607 655 2645 contentus
694 2607 829 2642 esset.
910 2597 968 2642 H.
1014 2614 1054 2641 e.
1092 2613 1149 2640 ne

251 2662 424 2706 maiora
450 2665 644 2716 cuperet.
695 2655 755 2701 cf.
781 2657 847 2708 12,
864 2655 932 2699 52.
958 2664 1149 2698 conten-

254 2728 358 2762 tum
385 2719 564 2760 honore
587 2715 870 2758 Pallantem.
931 2713 1050 2756 Plin.
1075 2729 1145 2770 ep.

249 2778 293 2829 7,
313 2776 386 2819 29.
416 2775 543 2818 cutus
561 2774 735 2815 honore
756 2778 995 2814 contentus
1006 2770 1118 2825 suit.

308 2833 424 2879 CAP.
447 2832 490 2875 8.
521 2837 623 2872 octo
640 2837 746 2884 post
766 2844 929 2873 annos.
972 2827 1029 2871 cf.
1055 2827 1147 2871 Dio

251 2892 322 2940 58,
358 2892 427 2934 11.
505 2887 616 2931 Mox
645 2895 749 2930 vett.
791 2888 891 2931 edd.
925 2887 1146 2929 valitudi-

252 2964 338 2993 ms.

308 3008 419 3048 sede
453 3001 655 3055 vulgari.
715 3000 772 3043 H.
797 3017 837 3045 e.
866 3017 952 3059 qua
984 3001 1147 3058 vulgus

251 3071 509 3108 senatorum
559 3058 714 3102 sedere
754 3059 939 3102 solebat.
1023 3059 1145 3101 Alias

253 3118 460 3164 eonsules
478 3116 641 3172 insigni
663 3115 764 3159 sede
790 3117 1044 3159 utebantur.
1076 3115 1144 3158 Si-

253 3177 360 3221 mile
386 3175 491 3234 quid
517 3174 686 3216 factum
712 3183 775 3217 est
798 3173 845 3216 in
870 3183 1016 3217 morte
1040 3175 1142 3216 Au-

251 3233 383 3293 gusti.
435 3232 493 3275 cf.
528 3231 619 3272 Dio
659 3230 729 3282 56,
758 3231 831 3275 31.
871 3231 1142 3282 ἐκαθέζοντο

251 3287 304 3336 δὲ
325 3293 370 3335 οἱ
392 3289 481 3349 μὲν
501 3288 686 3343 πολλοὶ,
736 3285 798 3337 ὥς
828 3305 919 3332 που
955 3289 1144 3337 ἕκαστος

248 3346 428 3404 εἰώθει,
466 3348 510 3391 οἴ
541 3342 588 3388 δ’
618 3342 782 3389 ὕπατοι
817 3344 939 3390 κάτω
968 3348 1019 3390 ἓν
1048 3351 1144 3395 τοῖς

246 3404 463 3467 βάθροις,
496 3401 520 3449 ὁ
544 3404 634 3463 μὲν
655 3405 717 3458 τῷ
739 3405 832 3448 τῶν
852 3406 1138 3464 στρατηγῶν,

250 3463 276 3510 ὁ
297 3465 348 3509 δὲ
374 3465 436 3521 τῷ
462 3464 556 3506 τῶν
581 3461 843 3519 δημάρχων.

306 3538 331 3565 e
374 3524 621 3575 complexu
662 3521 733 3563 rei
768 3521 998 3573 publicae.
1070 3519 1141 3563 De

1223 2484 1444 2528 vocabulo
1469 2484 1526 2528 cf.
1550 2484 1644 2528 Cic.
1667 2484 1721 2528 ad
1748 2485 1841 2532 div.
1866 2485 1909 2537 4,
1931 2486 1976 2530 6.
2024 2485 2114 2529 Νο-

1222 2549 1313 2586 ster
1336 2558 1458 2600 supr.
1483 2543 1526 2591 2,
1549 2543 1619 2584 82.

1275 2603 1441 2642 rudem
1496 2602 1643 2642 adhuc
1690 2607 1931 2654 nepotum.
2022 2601 2114 2643 Er-

1218 2657 1388 2700 nestius
1411 2656 1526 2700 male
1550 2656 1806 2715 coniungit:
1838 2661 2005 2700 rudem
2028 2662 2116 2700 ad-

1218 2718 1304 2757 hue
1381 2722 1607 2769 nepotum
1681 2722 1886 2757 aetatem
1961 2731 2116 2760 suam.

1219 2772 1367 2815 Immo
1402 2773 1634 2816 miseratus
1669 2781 1735 2815 est
1763 2776 1930 2815 rudem
1962 2776 2114 2816 adhuc

1218 2838 1438 2886 nepotum
1454 2838 1662 2872 aetatem
1686 2838 1730 2871 et
1751 2838 2017 2884 vergenlem
2037 2847 2115 2873 ae-

1220 2896 1369 2930 tatem
1429 2902 1579 2930 suam.
1667 2887 1733 2930 Ne
1769 2897 1862 2931 otes
1913 2888 2032 2931 enim
2088 2905 2111 2931 e

1218 2946 1374 2988 Druso
1399 2943 1602 2988 habebat.
1663 2904 1779 2988 Vile
1801 2961 1928 2988 mox:
1959 2961 2109 3001 quan-

1220 3019 1361 3059 quam
1398 3010 1519 3046 esset
1559 3002 1635 3044 illi
1670 3004 1873 3057 propria
1910 3005 2107 3046 suboles.

1216 3060 1470 3104 Ernestium
1497 3076 1599 3102 eum
1620 3059 1706 3110 fide
1727 3068 1904 3103 secutus
1928 3069 1992 3103 est
2010 3060 2108 3102 Ru-

1213 3119 1398 3177 pertius.
1458 3115 1732 3161 Alii2tamen
1762 3117 1926 3160 rectius
1956 3118 2107 3161 locum

1214 3191 1466 3236 percepere.

1271 3232 1531 3288 adprensis.
1592 3230 1669 3275 Sic
1691 3231 1804 3298 .‘.²⁰d'
1838 3232 1942 3275 MS.
2004 3233 2109 3277 Non

1214 3300 1278 3334 est
1318 3306 1471 3339 causa,
1523 3305 1604 3332 cur
1639 3290 1913 3341 reuciamus,
1965 3307 2104 3346 quum

1213 3364 1346 3405 supra
1377 3346 1419 3402 3,
1456 3345 1525 3389 53.
1560 3350 1906 3400 deprendet-em
1943 3365 1965 3390 e
2001 3350 2102 3391 cod.

1213 3406 1315 3448 MS.
1339 3405 1385 3446 in
1409 3412 1572 3447 textum
1596 3405 1651 3447 sit
1678 3413 1925 3462 receptum.
1985 3404 2100 3449 Edd.

1212 3463 1317 3507 Ber.
1329 3461 1426 3504 Ale.
1451 3461 1653 3504 Rhenan.
1678 3461 1781 3504 Ald.
1806 3479 1904 3521 sqq.
1932 3465 2103 3517 adpre-

1213 3520 1373 3564 heusis
1388 3551 1398 3568 ,
1432 3520 1500 3563 ed.
1525 3518 1686 3563 Kiessl.
1711 3521 1966 3575 appreensis.
