2222 4030
238 255 320 317 86
901 247 1422 312 ANNALIUM

235 403 488 462 „pacem
521 400 700 459 quam
730 381 954 440 bellum
993 383 1334 459 probabam.
1423 401 1557 455 ergo
1599 384 1895 458 raptorem
1934 390 2088 446 filiae

237 489 471 544 „meae‚
527 468 876 525 violatorem
925 468 1177 524 foederis
1229 468 1439 537 vestri,
1500 466 1875 541 Arminium,
1931 476 2089 550 apud

240 553 539 626 ‚,Varum'‚
585 554 690 630 qui
718 563 844 610 tum
873 553 1150 609 exercitui
1180 552 1577 626 praesidebat,
1627 575 1794 611 reum
1823 558 1951 616 feci.
1997 560 2091 615 di-

243 641 441 710 „latus
486 639 730 711 segnitia
773 639 968 707 duciS,
1025 638 1163 713 quia
1204 640 1739 713 parum,praesidii
1773 642 1838 696 in
1866 642 2093 715 legibus

244 734 412 795 „erat
426 769 442 793 ‚
484 734 553 780 ut
570 744 664 780 me
685 735 740 781 et
760 720 1102 780 Arminium
1128 732 1184 776 et
1205 723 1467 778 conscios
1488 724 1765 794 vinciret,
1811 727 2090 800 flagitavi.

243 810 448 880 „testis
487 809 590 865 illa
630 829 776 878 nOX,
830 804 983 863 mihi
1023 807 1253 863 utinam
1293 808 1490 881 potius
1528 810 1878 868 novissima!
1946 833 2096 888 quae

244 905 485 965 „secuta
515 905 681 963 sunt,
729 893 933 949 defleri
954 891 1140 964 magis
1169 912 1347 966 quam
1369 893 1607 949 defendi
1630 908 1894 970 possunt.
1945 909 2096 954 cete-

247 998 431 1050 „rum
461 990 517 1036 et
538 979 715 1035 inieci
740 989 969 1035 catenas
993 973 1270 1033 Arminio
1292 989 1349 1033 et
1369 997 1402 1032 a
1423 978 1678 1036 factione
1705 981 1828 1037 eius
1853 982 2096 1058 iniectas

242 1083 594 1140 „perpessus
628 1083 776 1123 sum.
874 1060 1070 1138 Atque
1101 1061 1207 1117 ubi
1239 1061 1502 1135 primum
1533 1065 1622 1119 tui
1654 1066 1851 1139 copia,
1901 1079 2098 1123 vetera

244 1150 463 1221 „novis
490 1160 546 1206 et
569 1149 764 1225 quieta
787 1147 1042 1204 turbidis
1061 1142 1414 1203 antehabeo:
1442 1167 1632 1224 neque
1654 1150 1730 1205 ob
1751 1151 2098 1224 praemium,

245 1237 392 1306 „sed
425 1246 494 1291 ut
520 1254 614 1290 me
644 1233 889 1309 perfidia
912 1232 1235 1300 exsolvam,
1281 1232 1459 1288 simul
1479 1234 1639 1306 genti
1661 1232 2100 1293 Germanorum

243 1320 554 1390 „idoneus
583 1319 956 1386 conciliator,
1012 1317 1062 1372 si
1103 1317 1529 1392 poenitentiam
1565 1339 1743 1395 quam
1777 1321 2099 1395 perniciem

242 1405 593 1475 „maluerie
671 1402 788 1459 Pro
834 1403 1074 1460 iuventa
1117 1413 1173 1458 et
1216 1423 1414 1459 errore
1450 1403 1562 1458 fihi
1599 1406 1837 1460 veniam
1867 1426 2098 1480 precor:

245 1490 471 1560 „filiam
503 1489 842 1545 necessitate
876 1484 993 1544 huc
1026 1488 1340 1544 adductam
1371 1489 1575 1547 fateor.
1626 1500 1796 1546 tuum
1817 1491 1928 1547 erit
1958 1511 2102 1547 con-—

243 1576 532 1645 ‚‚sultare‚
578 1586 779 1631 utrum
811 1564 1170 1649 praevaleat,
1227 1574 1388 1650 quod
1425 1593 1493 1628 ex
1525 1568 1803 1631 Arminio
1836 1576 2102 1650 concepit

243 1679 368 1729 „an
403 1659 564 1736 quod
605 1679 672 1715 ex
706 1679 801 1715 me
834 1659 1027 1732 genita
1062 1669 1164 1716 est.
1179 1657 1206 1676 '³
1289 1656 1504 1715 Caesar
1529 1659 1800 1717 clementi
1821 1681 2101 1736 responso

183 1731 190 1745 ⁴
242 1745 446 1801 liberis
467 1745 934 1821 propinquisque
958 1743 1082 1799 eius
1106 1743 1601 1814 incolumitatem,
1645 1743 1759 1820 ipsi
1781 1747 1979 1802 sedem
1999 1767 2103 1802 ve-
2167 1779 2169 1784 f

243 1841 365 1887 tere
410 1829 475 1884 in
512 1830 819 1905 provincia
863 1830 1194 1905 pollicetur.
1292 1826 1635 1886 Exercitum
1677 1832 1938 1900 reduxit,
1993 1851 2106 1887 no-

1765 252 1818 288 A.
1840 253 1894 289 U.
1915 253 2000 290 768.

1749 297 1817 332 A.
1850 295 1897 335 C.
1942 301 2000 334 15.

226 1962 376 2006 ,lateat
420 1961 469 2005 in
511 1964 795 2018 probabam.
873 1962 933 2005 cf.
977 1959 1135 2004 Germ.
1268 1962 1353 2004 illa
1396 1978 1513 2007 nox.

1584 1961 1784 2023 Respicit
1829 1963 2104 2015 convivium,

244 2036 284 2066 c.
311 2019 378 2063 13.
411 2022 497 2062 sed
525 2035 668 2062 arma
695 2034 878 2062 sumere
910 2034 1006 2061 non
1026 2026 1138 2060 ante
1211 2017 1266 2061 de
1294 2036 1385 2076 quo
1410 2038 1447 2065 c.
1479 2019 1551 2064 55.

242 2078 461 2134 cuiquam
484 2078 635 2119 moris
649 2108 661 2130 ‚
694 2093 838 2132 quam
860 2078 1023 2119 civitas
1042 2075 1136 2130 suf

1267 2076 1437 2132 defleri
1454 2079 1607 2133 magis
1628 2093 1772 2134 quam
1792 2078 1978 2135 defendi
1990 2092 2105 2132 pos-

230 2134 472 2192 fecturum
498 2135 789 2189 probaverit.
831 2134 876 2177 h.
899 2150 939 2177 e.
970 2133 1136 2175 iudica·
1195 2142 1336 2177 sunt.
1370 2135 1582 2194 Spectant
1605 2135 1712 2178 haec
1730 2136 1784 2178 ad
1800 2134 2068 2179 Germanos.

244 2192 362 2238 verit
405 2200 447 2234 et
490 2186 761 2250 probaverit.
833 2192 942 2234 thid.
989 2207 1028 2233 c.
1068 2189 1135 2232 18.

167 2247 182 2252 ”
244 2264 451 2292 munera
468 2251 678 2304 probant
698 2249 741 2291 h.
759 2265 797 2291 e.
825 2249 1053 2296 iudicant,
1081 2263 1139 2289 an

245 2307 477 2366 probanda
512 2306 615 2349 sint.
676 2305 864 2348 sueton.
891 2305 973 2347 lul.
1005 2321 1043 2347 c.
1066 2304 1137 2346 65.

246 2366 444 2406 militem
474 2379 622 2420 neque
653 2380 683 2406 a
714 2365 951 2416 moribus,
991 2377 1140 2420 neque

245 2439 278 2465 a
286 2422 494 2478 fortuna
509 2423 761 2476 probabat.
825 2417 987 2463 Graeci
1009 2419 1141 2462 δοκι-

246 2474 421 2538 μάζειν.
511 2479 717 2536 Thucyd.
775 2480 816 2530 2,
873 2477 944 2520 35.
1000 2475 1144 2526 οὕτως

246 2533 536 2594 ἐδοκιμάσθη
559 2538 703 2579 ταῦτα
725 2537 876 2585 καλῶς
897 2536 1032 2592 ἔχειν.

299 2609 465 2651 pacem
498 2609 638 2651 quam
670 2597 841 2636 bellam
868 2596 1002 2648 prob.
1067 2590 1143 2634 Sic

249 2651 407 2696 Germ.
445 2668 481 2695 c.
514 2651 583 2694 16.
628 2651 804 2694 Cedere
834 2653 958 2702 loco,
1000 2653 1145 2691 dum-

249 2713 390 2753 modo
412 2723 575 2752 rursus
597 2709 740 2765 instes
754 2743 764 2760 ,
804 2710 983 2752 consilii
1002 2721 1144 2763 quam

240 2768 522 2825 formidinis
543 2767 857 2808 arbitrantur.
904 2770 1000 2810 An.
1015 2764 1056 2813 3,
1074 2762 1142 2806 17.

253 2825 497 2868 miseratio
543 2834 689 2880 quam
725 2821 899 2866 invidia
935 2824 1146 2876 augeba-

256 2891 361 2935 tur;
413 2882 451 2930 5,
486 2882 530 2927 6.
570 2897 629 2924 ne
663 2882 948 2924 memoriam
987 2878 1150 2922 nostri

212 2990 214 2993 Ι
250 2954 338 2995 ρει·
376 2954 650 2982 maerorem
691 2955 836 2996 quam
878 2938 994 2981 laeti
1029 2936 1149 2980 reti—

254 2997 422 3039 neatis.
483 2997 526 3039 A
559 2995 744 3040 Graecis
780 3005 843 3040 est
874 2996 983 3039 haec
1016 2993 1148 3037 ratio.

242 3053 318 3098 of.
345 3053 590 3096 Hermann.
613 3055 668 3097 ad
694 3054 846 3112 Viger,
873 3071 918 3112 p.
945 3052 1043 3095 884.

317 3111 550 3153 exercitui
563 3113 875 3163 praesidebat.
940 3110 1016 3154 Sic
1042 3107 1150 3151 infr.

256 3167 329 3220 12,
350 3167 419 3211 37.
447 3168 596 3221 signis
618 3170 848 3212 Romanis
863 3169 1149 3224 praesidere.

257 3225 371 3269 Hist.
387 3224 428 3277 4,
439 3225 509 3268 74.
526 3227 795 3279 'legionibus
814 3227 991 3269 nostris
1006 3239 1152 3279 prae-

260 3285 433 3327 sidetis.
505 3281 674 3327 Contra
700 3286 968 3338 praesidere
1003 3296 1153 3325 exer-

261 3343 425 3392 eitum,
461 3340 548 3383 An.
573 3337 615 3390 3,
633 3339 711 3382 39.
727 3343 1007 3393 proximum
1032 3340 1153 3381 Gal-

261 3399 356 3440 liae
396 3399 533 3452 litus,
586 3397 630 3447 4,
674 3398 716 3440 5.
768 3400 913 3440 litora
962 3397 1152 3451 Oceani,

257 3455 299 3506 4,
318 3456 391 3498 72.
421 3455 746 3504 Pannoniam,
791 3457 858 3504 12,
877 3457 949 3498 29.
976 3456 1153 3510 Medos,

264 3512 427 3615 {3¹1AE
473 3513 532 3557 cf.
567 3511 839 3557 Ramshorn.
863 3512 946 3556 Gr.
982 3529 1029 3571 p.
1051 3511 1155 3556 214.

309 3586 336 3615 o
359 3602 370 3616 .

1271 2200 1471 2235 catenas.
1532 2192 1648 2236 Edd.
1675 2192 1882 2235 Beroal'd.
1900 2193 2102 2237 Rhenan.

1211 2249 1316 2294 Ald.
1345 2253 1580 2294 camenas.

1269 2311 1531 2350 exsolvam.
1591 2307 1706 2350 Edd.
1735 2307 1947 2351 Beroald.
1982 2307 2107 2350 Rhe-

1212 2382 1316 2409 nan.
1344 2364 1450 2408 Ald.
1475 2368 1716 2408 exolvam.

1272 2424 1508 2466 maluerit.
1580 2422 1788 2465 Heinsius
1828 2431 1871 2465 et
1910 2421 2108 2480 Ryckius

1213 2481 1370 2524 iubent
1407 2480 1541 2523 scribi
1576 2480 1847 2521 maluerint.
1906 2481 2107 2524 Frustra.

1213 2539 1318 2582 Non
1344 2538 1496 2580 omnia
1520 2538 1644 2580 omni
1665 2537 1767 2580 loco
1792 2538 2078 2581 conveniunt.

1275 2596 1471 2637 iuventa
1494 2603 1539 2636 et
1560 2610 1741 2636 errore.
1784 2593 1834 2637 ἓν
1857 2594 1935 2638 διὰ
1957 2595 2105 2650 δυοῖν,

1214 2651 1336 2710 quod
1361 2652 1610 2709 exemplum
1635 2651 1770 2694 Roth.
1794 2650 1959 2695 omisit.

1272 2717 1434 2750 utrum
1462 2712 1758 2762 praevaleat.
1829 2710 2002 2768 Lipsius
2044 2711 2110 2753 in-

1215 2774 1512 2823 terpretatur:
1571 2766 1726 2818 „Uter
1766 2767 1865 2824 plus
1907 2767 2014 2810 iuris
2062 2768 2110 2810 in

1218 2840 1316 2867 earn
1337 2822 1494 2866 habeat
1518 2833 1559 2866 et
1579 2824 1669 2867 utri
1693 2839 1851 2882 parere
1875 2824 2014 2881 magis
2037 2825 2109 2868 de·

1218 2884 1342 2932 beat,
1383 2881 1497 2936 patri
1528 2898 1584 2924 an
1618 2882 1778 2923 marito
1814 2898 1916 2924 mox
1940 2883 2069 2939 patri.
2083 2882 2111 2899 ’‘

1219 2937 1495 2982 Freinshem.
1521 2938 1708 2981 rectius=
1734 2939 1910 2989 „Filiae
1932 2955 2112 2984 causam

1219 2997 1440 3051 integram
1490 2995 1749 3045 Germanici
1788 2996 1958 3039 iudicio
2003 3014 2111 3055 per-

1220 3054 1382 3103 mittit,
1419 3069 1615 3112 cumque
1640 3053 1728 3096 duo
1765 3054 1812 3097 in
1845 3069 1892 3096 ea
1923 3056 2112 3098 maxime

1224 3110 1551 3154 consideranda
1573 3111 1685 3161 sint,
1720 3120 1790 3162 et,
1815 3111 1940 3168 quod
1966 3126 2014 3153 ex
2028 3114 2111 3154 Ar·

1222 3167 1365 3210 minio
1389 3167 1658 3226 conceperit,
1688 3168 1742 3210 ad
1764 3183 1968 3225 poenam,
1989 3170 2114 3227 quod

1224 3242 1272 3268 ex
1307 3240 1352 3267 se
1386 3233 1488 3267 nata
1522 3226 1602 3276 sit,
1656 3225 1709 3267 ad
1746 3225 1925 3268 veniam
1957 3227 2113 3279 valeat,

1225 3281 1422 3326 Caesaris
1445 3282 1631 3325 arbitrio
1654 3291 1816 3331 servat,
1847 3291 2000 3327 utrum
2023 3286 2114 3328 utri

1222 3338 1450 3398 praeferre
1473 3340 1594 3382 velit.
1612 3339 1641 3362 '’

1282 3404 1441 3439 vetere
1474 3399 1522 3439 in
1543 3397 1806 3451 provincia.
1869 3398 1984 3442 Cod.
2008 3398 2112 3442 MS.

1225 3454 1408 3511 vestigia
1421 3454 1468 3497 in
1481 3455 1627 3512 prima
1645 3470 1758 3500 voce
1781 3463 1883 3498 sunt
1904 3457 2112 3500 obscura.

1225 3511 1435 3556 Tradunt
1464 3512 1527 3556 ibi
1559 3529 1653 3556 esse
1684 3526 1834 3555 vaera
1865 3513 1937 3556 vel
1971 3513 2114 3557 simile

1232 3569 1358 3629 quid.
1394 3570 1504 3614 Inde
1518 3570 1620 3615 edd.
1634 3569 1842 3615 Beroald.
1859 3570 2002 3614 Rhen-
2015 3587 2112 3630 sqq.
