2222 4030
173 189 403 274 23:⁷31
587 192 764 258 LIB.
795 191 904 256 IV.
971 190 1170 256 CAP.
1203 192 1306 258 55.
1338 192 1441 257 56.
1820 190 1946 256 545

93 326 168 386 sii
190 325 560 404 Milesiique,
601 320 668 381 hi
702 321 1031 401 Apollinis,
1072 322 1166 379 illi
1192 322 1418 382 Dianae
1456 315 1814 410 caerimonia
1847 345 1951 393 oc-,

92 412 394 488 cupavisse
424 409 687 468 civitates
713 411 844 470 visi.
930 411 1011 467 ita
1033 406 1356 466 Sardianos
1383 410 1539 467 inter
1564 409 1953 488 Smyrnaeus-—

90 517 206 575 que
248 497 656 555 deliberatum.
761 493 1039 553 Sardiani
1085 495 1384 550 decretum
1419 493 1695 553 Etruriae
1741 495 1955 554 recita-

91 602 231 640 vere
253 594 321 640 ut
343 579 782 654 consanguinei.
868 600 1007 637 nam
1026 574 1408 657 Tyrrhenum
1429 578 1782 657 Lydumque
1796 577 1952 659 Atye

92 686 228 742 rege
265 668 492 742 genitos
527 667 606 723 ob
638 665 1084 722 multitudinem
1113 663 1379 721 divisisse
1412 676 1670 736 gentem:
1712 665 1952 743 Lydum

92 753 300 830 patriis
339 753 405 807 in
450 749 623 810 terris
668 751 976 820 resedisse,
1039 745 1354 827 Tyrrheno
1405 750 1609 806 datum
1657 771 1843 808 novas
1885 760 1954 809 ut

93 839 372 895 conderet
395 837 586 892 sedes:
630 846 685 893 et
726 838 945 892 ducmn
982 856 1013 892 e
1045 834 1389 891 nominibus
1427 834 1616 891 indita
1649 837 1956 907 vocabula,

93 922 212 978 illis
246 942 354 998 per
388 920 627 990 Asiam,
670 917 763 978 his
799 921 861 977 in
901 920 1096 978 Italia:
1141 931 1485 996 auctamque
1507 916 1720 977 adhuc
1751 920 1956 999 Lydo-

90 1027 228 1065 rum
250 1007 616 1083 opulentiam
643 1007 837 1063 missis
869 1008 934 1063 in
959 1005 1271 1063 Graeciam
1302 1004 1575 1081 populiS‚
1618 1005 1715 1061 cui
1744 1027 1882 1063 mox
1919 1026 1956 1063 a

93 1091 313 1168 Pelope
348 1112 585 1151 nomen.
671 1092 847 1148 simul
885 1093 1109 1149 litteras
1146 1091 1567 1167 imperatorum
1605 1101 1661 1146 et
1696 1090 1809 1148 icta
1842 1112 1958 1148 no-

95 1178 324 1235 biscum
370 1178 607 1235 foedera
654 1178 811 1234 bello
850 1177 1251 1235 Macedonum
1280 1177 1722 1252 ubertatemque
1755 1176 1958 1232 flumi-

95 1282 242 1319 num
282 1283 555 1332 suorum,
607 1263 951 1340 temperiem
994 1263 1144 1320 coeli
1187 1268 1253 1319 ac
1306 1262 1457 1318 dites
1501 1261 1725 1319 circum
1770 1271 1956 1318 terras

93 1349 521 1408 memorabant.

263 1430 425 1492 LVI.
513 1427 595 1491 At
629 1431 942 1511 Smyrnaei
987 1433 1233 1509 repetita
1281 1442 1591 1502 vetustate,
1654 1450 1757 1490 seu
1792 1430 1961 1489 Tan-

95 1518 249 1575 talus
288 1515 428 1575 Iove
465 1529 629 1576 ortus
660 1519 797 1576 illos
841 1519 963 1575 sive
986 1515 1254 1575 Theseus
1293 1518 1496 1574 divina
1531 1528 1588 1574 et
1617 1516 1741 1593 ipse
1777 1518 1977 1594 stirpe

93 1604 216 1660 sive
260 1623 382 1660 una
430 1601 803 1662 Amazonum
847 1605 1236 1674 condidisset,
1299 1603 1710 1660 transcendere
1751 1603 1826 1660 ad
1877 1623 1962 1673 ea,

96 1689 229 1767 quis
287 1689 540 1746 maxime
593 1690 853 1748 fidebant
906 1690 970 1746 in
1013 1691 1304 1766 populum
1347 1686 1692 1746 Romanum
1735 1688 1962 1759 officiis,

95 1774 272 1831 missa
299 1775 496 1831 navali
522 1775 689 1851 copia
713 1796 837 1832 non
861 1777 1041 1833 modo
1069 1787 1305 1832 externa
1333 1775 1407 1829 ad
1447 1774 1633 1844 bella,
1672 1773 1770 1831 sed
1811 1777 1961 1851 quae

97 1859 161 1915 in
188 1858 355 1919 Italia
383 1861 815 1918 tolerabantur:
860 1881 1036 1939 seque
1066 1861 1290 1937 primos
1323 1860 1612 1934 templum
1639 1859 1809 1916 urbis
1833 1857 1964 1918 Ro-

97 1965 227 2002 mae
282 1946 549 2003 statuisse
587 1945 673 2006 M.
707 1944 918 2003 Porcio
957 1947 1226 2015 consule,
1279 1945 1509 2018 magnis
1560 1945 1803 2021 quidem
1843 1945 1964 2021 iam

97 2033 302 2107 populi
327 2029 590 2090 Romani
620 2033 826 2101 rebUS,
868 2033 1140 2089 nondum
1171 2043 1367 2088 tamen
1399 2031 1473 2086 ad
1511 2049 1807 2088 summum
1842 2031 1965 2087 ela-

100 2117 203 2186 ιίε,
241 2129 430 2173 stante
453 2113 648 2174 adhuc
670 2116 898 2174 Punica
931 2119 1078 2174 urbe
1116 2128 1172 2174 et
1197 2116 1409 2172 validis
1440 2135 1546 2190 per
1570 2110 1778 2172 Asiam
1809 2115 1967 2190 regi-

99 2203 230 2261 bus».
316 2203 494 2259 simul
520 2201 590 2262 L.
615 2202 846 2261 Sullam
873 2214 1076 2259 testem
1114 2202 1488 2270 adferebant,
1528 2200 1871 2273 gravissimo
1899 2201 1968 2256 in

100 2287 440 2345 discrimine
475 2290 762 2346 exercitus
790 2289 868 2345 ob
906 2287 1277 2363 asperitatem
1313 2282 1524 2343 hiemis
1562 2298 1619 2343 et
1655 2285 1968 2361 penuriam

101 2373 303 2443 vestis,
346 2393 482 2430 cum
506 2374 566 2430 id
591 2373 908 2452 Smyrnam
935 2373 999 2430 in
1033 2372 1382 2431 concionem
1419 2371 1760 2429 nuntiatum
1793 2372 1967 2443 foret,

103 2628 188 2657 πω
229 2615 399 2674 cogite:
441 2631 495 2659 eo
536 2616 634 2676 ipso
673 2616 820 2669 nisos,
871 2617 996 2677 quod
1068 2614 1143 2661 bic
1167 2622 1210 2659 et
1242 2612 1377 2665 263.
1431 2612 1520 2658 lac.
1552 2611 1758 2658 Gronov.
1796 2611 1968 2658 invenit

101 2671 220 2730 opud
243 2688 290 2715 tc
311 2672 441 2717 aeden
461 2672 665 2734 Augusto
691 2675 852 2719 dicata.
911 2673 997 2718 Se·
1069 2675 1385 2729 Zmyrnaeos.

103 2727 228 2772 nutui
274 2740 432 2773 contra
475 2731 624 2774 visum
669 2747 723 2775 eo
756 2733 854 2790 ipso
895 2732 999 2776 satia
1128 2730 1256 2773 urbis
1295 2730 1494 2773 Romae.
1586 2726 1795 2772 Heinsius
1839 2742 1969 2772 more

104 2785 303 2844 adeptos.
1071 2803 1154 2831 suo
1177 2786 1383 2830 emendat
1403 2787 1512 2828 urba·
1534 2786 1719 2829 Romae
1739 2785 1846 2830 coll.
1872 2783 1965 2829 Liv.

160 2844 467 2887 caerimonia.
544 2845 626 2890 Γᾶ.
659 2844 865 2891 Rhenan.
899 2862 1000 2906 sqq.
1073 2844 1145 2896 43,
1175 2845 1219 2888 6.
1299 2842 1389 2887 Sed
1431 2842 1493 2886 ibi
1534 2857 1717 2900 quoque
1751 2857 1874 2888 nunc
1909 2843 1969 2887 ob

104 2902 371 2945 cerimonia
395 2902 493 2947 cdd.
516 2903 728 2947 Beroald-
751 2905 852 2949 Ale.
1074 2901 1294 2946 librorum
1319 2908 1430 2945 vett.
1462 2899 1777 2943 auctoritatem
1808 2899 1972 2958 legitur

162 2958 393 3003 Etr-umbe.
453 2960 529 3005 Sic
554 2960 879 3007 edd.Beroald.
900 2959 1001 3006 Alc.
1074 2960 1203 3003 urbis
1243 2960 1439 3003 Romae.
1527 2956 1743 3016 Utraque
1773 2956 1969 3001 formula

33 3069 37 3074 Ι
104 3013 352 3059 Eeho-uriae
372 3017 446 3062 ed.
474 3018 675 3062 mmmm.
1105 3031 1155 3061 er
1180 3033 1226 3061 se
1245 3017 1364 3059 bona
1386 3021 1481 3076 est,
1519 3030 1654 3060 censu
1676 3023 1827 3060 tamen
1853 3030 1969 3075 pau-

161 3075 209 3116 ὶη
234 3073 392 3119 Italia.
453 3076 565 3120 ΕΔΑ.
591 3076 693 3120 Ber.
721 3075 818 3121 Alc.
855 3076 1000 3120 Rhen.
1075 3032 1169 3119 rum
1196 3073 1389 3119 diverso.
1429 3075 1468 3095 ‘¹‘

105 3145 202 3189 sqq.
236 3133 287 3174 in
317 3132 532 3177 Italiam.
598 3135 875 3180 Posteriores
908 3135 1002 3177 edi·
1131 3131 1369 3176 Impar-1:1¹0
1389 3130 1587 3174 consule.
1622 3127 1710 3174 An.
1725 3129 1827 3174 urb.
1842 3128 1940 3173 558.

105 3194 225 3232 tore·
249 3202 490 3247 praeeunte
514 3192 663 3250 Lipsio
697 3193 828 3238 tacite
850 3209 1002 3236 emen·
1133 3190 1181 3232 in
1224 3190 1503 3232 concebnem.
1588 3186 1724 3234 More
1764 3186 1968 3254 Graeco-

108 3243 272 3289 davere
294 3250 342 3290 in
364 3249 523 3295 ltalia.
1078 3263 1201 3294 ι-υιιι.
1234 3245 1311 3305 qui
1336 3246 1477 3291 verbi·
1501 3244 1700 3294 dicendi,
1729 3244 1969 3289 nuntnandi

153 3305 272 3369 fcta·
335 3305 566 3354 namnet.
589 3308 685 3352 Alc.
706 3309 846 3358 dicta,
880 3306 1001 3366 qnod
1075 3305 1243 3371 addunt
1275 3307 1360 3371 effe,
1404 3311 1451 3347 nt
1485 3302 1687 3369 indicent
1722 3317 1852 3354 eum,
1893 3302 1969 3346 cui

109 3357 283 3405 vlclor.
310 3362 354 3407 in
377 3381 412 3409 n.
433 3385 469 3410 e.
493 3384 615 3412 corr.
639 3369 741 3416 uhta.
773 3376 816 3411 vt
838 3364 904 3410 sic
928 3364 999 3409 ba·
1071 3361 1238 3420 aliqund
1262 3360 1439 3405 ducatur
1461 3359 1530 3406 vel
1559 3368 1807 3404 nuntuetur.
1868 3359 1967 3404 Iso-

109 3416 215 3461 bcnt
239 3421 339 3465 edd.
365 3422 565 3475 Rhe-nan,
591 3441 700 3494 sqq·
813 3481 824 3492 ·
1071 3428 1183 3491 crat.
1203 3419 1258 3465 de
1279 3418 1372 3488 [lig.
1403 3434 1448 3477 p.
1466 3418 1564 3461 348.
1594 3413 1885 3474 εὶςῆγγελλον
1906 3418 1971 3468 εἷς

109 3474 230 3582 ..55
238 3481 728 3600 212⁶a..:.⁹.‘':<,:,‘3⁰‘;·„
764 3478 998 3583 22:132&
1073 3475 1971 3593 x1⁹sszviz²⁷azass¹ffl2¹za52²3&
