2222 4030
1776 207 1827 240 A.
1847 208 1898 244 U.
1918 209 1998 244 τσο.
2043 183 2047 193 ’

1773 250 1825 285 A.
1848 251 1893 287 c,
1940 254 2003 289 16.

1474 149 1493 167 ,,

238 209 359 268 154.
890 205 1422 269 ANNALIUM.

229 350 462 396 rentur:
502 336 620 392 nisi
639 336 791 393 forte
817 337 1140 395 clarissimo
1167 338 1375 415 cuique
1399 337 1599 414 plures
1623 358 1816 411 ειη-35,
1858 343 2081 404 maiora

228 425 489 499 pericula
536 423 872 493 subeunda,
939 422 1350 479 delenimentis
1383 443 1658 480 curarum
1701 436 1758 481 et
1789 428 2083 501 periculo:-

157 554 163 561 Α
228 529 366 567 rum
397 509 888 568 carendum-resse.
975 508 1238 567 Facilem
1267 509 1581 565 adsensum
1611 506 1788 565 Gallo
1825 513 1935 568 sub
1969 533 2083 568 no-

177 612 185 627 ·
228 593 492 649 minibus
513 588 775 650 honestis
795 594 1080 649 confessio
1104 592 1388 648 vitiorum
1411 606 1466 650 et
1487 594 1813 652 similitudo
1836 597 2085 654 audien-

225 679 379 736 tium
402 678 581 738 dedit.
667 674 981 736 Adiecerat
1020 689 1075 734 et
1099 676 1378 753 Tiberius
1416 699 1541 734 non
1574 679 1637 736 id.
1679 691 1909 756 tempus
1947 703 2084 738 cen-

230 781 426 820 surae:
473 767 604 833 nee‚
647 764 698 819 si
726 764 874 840 quid
901 766 965 818 in
987 762 1254 818 moribus
1277 763 1532 834 labaret,
1574 765 1928 834 „defuturum
1954 787 2084 823 cor-

235 848 809 922 rigendigauctorem.

399 926 679 993 XXXIV.
725 931 889 989 Inter
909 952 1057 1008 quae
1071 929 1292 990 L.Pis'0
1320 934 1608 990 ambitum
1627 935 1770 1006 fori,
1811 950 2084 1012 corrupta

232 1018 485 1087 iudicia,
539 1018 841 1087 saevitiam
871 1028 1206 1086 oratorum,
1254 1019 1649 1075 accusationes
1678 1021 2084 1079 minitantium

225 1104 568 1178 increpanS,
613 1103 775 1159 abire
814 1121 872 1158 se
911 1113 968 1158 et
1006 1103 1210 1158 cedere
1245 1104 1424 1174 urbe,
1469 1105 1765 1162 victurum
1789 1107 1853 1161 in
1883 1107 2082 1182 aliquo

224 1189 426 1247 abdito
463 1199 519 1245 et
550 1187 878 1264 longinquo
904 1206 1042 1244 rure
1064 1189 1405 1249 testabatur.
1450 1189 1629 1246 simul
1653 1192 1876 1248 curiam
1898 1192 2088 1249 relin-

226 1365 334 1412 sunt
372 1375 415 1410 et
458 1372 694 1410 contortae
742 1363 1122 1422 interpretationis

227 1425 423 1484 speciem
445 1420 718 1481 praeferunt.
772 1421 982 1480 Plerique
1003 1431 1123 1466 recte

223 1483 542 1531 consentiunt,
600 1477 756 1522 locum
809 1479 1122 1522 emendatione

225 1555 323 1584 esse
357 1537 621 1593 sanandum.
682 1535 886 1580 Coniecit
921 1536 1120 1595 Lipsius:

226 1598 430 1653 aliisque
445 1626 458 1644 ‚
501 1608 622 1651 quae
642 1596 708 1638 ad
727 1595 933 1649 requiem
955 1594 1026 1639 vel
1052 1596 1123 1637 ita

226 1655 339 1697 aliis
369 1666 489 1710 quae
516 1653 583 1695 ad
611 1665 709 1719 req.
767 1651 959 1695 Felicius
985 1651 1018 1694 1.
1043 1652 1120 1695 Fr.

225 1711 483 1755 Gronovius
503 1717 546 1752 et
558 1707 769 1753 Grotius:
796 1717 839 1751 et
859 1711 978 1758 aliis,
1004 1723 1122 1764 quae

225 1773 290 1812 ad
311 1783 407 1824 req.
429 1775 514 1811 etc.
535 1767 599 1810 uti
626 1782 729 1810 cum
752 1765 926 1825 Ryckio
951 1765 1025 1808 edi
1047 1783 1124 1819 cu-

221 1827 449 1874 ravimus,
478 1823 663 1883 paulum
685 1824 919 1867 immutata
945 1825 1118 1867 verbo-

222 1901 326 1930 rum
348 1882 649 1926 distinctione.
703 1881 1120 1940 NamqueRyckius

226 1959 276 1986 ex
299 1940 518 1984 Gronovii
540 1939 755 1983 sententia
781 1938 1008 1983 ediderat:
1038 1941 1123 1982 sed

223 2007 275 2042 ut
295 2001 428 2046 locis,
461 1998 731 2052 ordinibus,
763 1998 1122 2051 dignationibus,

219 2057 447 2101 antistent
483 2063 527 2097 et
559 2055 686 2105 aliis,
740 2068 857 2109 quae
885 2057 950 2096 ad
978 2069 1018 2097 r.
1055 2069 1119 2105 a.,

225 2131 272 2158 a.
298 2128 338 2157 S.
361 2128 399 2155 c.
417 2119 670 2167 parentur.
740 2111 916 2153 Etenim
951 2120 1003 2154 ut
1035 2127 1120 2170 pro

224 2171 433 2216 adverbio
466 2169 541 2212 ille
576 2168 845 2226 accipiebat3
880 2169 998 2210 inter
1037 2172 1121 2210 sed

224 2236 277 2272 ut
309 2226 649 2285 intelligendum
694 2227 877 2284 putabat
918 2227 1029 2282 quia
1072 2242 1121 2269 ex

223 2285 532 2345 superioribus
559 2292 601 2325 et
636 2291 737 2341 post
768 2284 1120 2337 dignationibus

225 2360 252 2387 e
274 2342 479 2400 sequenti
506 2341 737 2384 antistant
750 2356 764 2390 ;
804 2340 996 2398 denique
1018 2349 1138 2383 ante¹

223 2403 452 2443 ‹mtistent
481 2396 828 2454 comparationis
854 2398 1122 2455 particulam

223 2459 306 2502 sic.
375 2456 464 2500 Sed
496 2455 740 2514 particulae
770 2456 883 2510 quia
920 2455 991 2498 hic
1028 2471 1121 2498 non

226 2523 292 2559 est
319 2515 448 2558 locus
471 2512 763 2571 repetendae3
792 2513 945 2556 eadem
972 2514 1122 2568 potius

223 2573 389 2616 horum
419 2572 666 2616 verborum
699 2571 818 2613 ratio-
849 2579 912 2613 est
945 2586 998 2612 ac
1030 2570 1120 2613 loci

225 2628 508 2677 Ciceroniani
557 2626 615 2671 N.
657 2627 718 2670 D.
763 2629 801 2678 1,
841 2628 883 2670 9.
945 2627 1121 2669 Omnes

224 2687 364 2731 stulti
404 2693 516 2729 sunt
553 2686 655 2729 sine
684 2686 819 2727 dubio
857 2686 1122 2739 miserrimi,

225 2747 353 2802 quod
383 2745 450 2786 ita
485 2745 638 2785 multa
667 2750 779 2784 sunt
819 2742 1124 2784 incommoda

223 2805 273 2846 in
297 2803 410 2856 vita,
442 2807 492 2843 ut
515 2815 571 2843 ea
594 2802 828 2851 sopientes
850 2803 1122 2842 commodo-

224 2875 335 2903 rum
358 2859 735 2913 compensatione
758 2858 953 2911 leniant,
986 2858 1122 2900 stulti

225 2931 310 2959 nec
336 2917 490 2959 vitare·
522 2915 761 2957 venientia
791 2918 998 2970 possint,
1042 2930 1124 2957 nec

215 2974 350 3031 ferre
400 2975 686 3027 praesentia.
748 2971 806 3015 cf.
855 2973 1122 3015 Ramshovn.

229 3029 314 3074 Gr.
348 3034 390 3085 §.
425 3031 526 3076 206.
566 3047 611 3089 p.
642 3030 746 3073 699.
779 3031 854 3088 qui
907 3029 1120 3087 explicat:

228 3095 354 3146 ‚,ut,
405 3102 548 3142 quum
582 3102 639 3129 ea
672 3089 911 3142 sapientes
943 3088 1124 3129 leniant

231 3155 321 3190 etc.
380 3144 456 3188 Sic
477 3145 531 3186 ad
557 3146 819 3187 sententiam
846 3154 888 3188 et
910 3144 1122 3187 Tacitus:

232 3205 429 3251 sed-ut,
476 3216 619 3257 quum
652 3203 786 3251 locis,
823 3219 864 3245 o.
882 3236 894 3254 ,
922 3205 968 3249 d.
997 3204 1127 3245 anti-

233 3267 387 3314 stent,
428 3259 657 3302 antis-tent
692 3267 735 3301 et
768 3260 878 3302 aliis
902 3269 987 3302 etc.
1058 3259 1125 3302 Ne

233 3326 386 3362 tamen
406 3323 534 3375 putes
555 3315 665 3358 illud
690 3331 834 3371 quum
854 3333 1009 3360 revera
1033 3332 1128 3360 esse

235 3374 560 3433 supplendu1n;
617 3372 761 3415 immo
815 3383 1038 3417 structura
1085 3384 1128 3418 et

224 3432 355 3490 'apud
387 3431 656 3475 Ciceronem
695 3438 738 3470 et
772 3430 987 3474 Nostrum
1022 3446 1127 3475 con-

240 3498 326 3533 stat
362 3488 455 3534 sine
490 3503 648 3543 quum.
710 3486 921 3530 Procedit
943 3489 1034 3532 sic:
1076 3498 1128 3531 ut

247 3547 347 3590 ocis
373 3579 383 3589 .
401 3579 410 3590 .
428 3576 442 3590 .
469 3545 702 3589 antistant
727 3551 771 3588 et
793 3546 916 3589 aliis.
947 3547 989 3589 h.
1016 3563 1054 3590 e.
1081 3556 1131 3590 ut

1193 1373 1238 1408 et
1265 1365 1376 1410 locis
1399 1398 1409 1408 .
1428 1399 1438 1409 .
1456 1398 1468 1410 .
1492 1367 1702 1412 antistent
1724 1375 1768 1411 et
1789 1366 1883 1412 aliis
1908 1368 1953 1411 h.
1977 1384 2014 1412 e.
2038 1378 2088 1411 ut

1194 1438 1290 1467 nou
1322 1424 1467 1467 solum
1504 1426 1614 1469 locis
1733 1426 1967 1478 antis-tent,
2008 1427 2085 1470 sed

1195 1489 1238 1523 et
1268 1479 1401 1524 aliis.'
1448 1481 1604 1525 Hilleri
1639 1483 1969 1527 coniecturam:
2007 1491 2086 1526 ta-

1194 1539 1349 1593 liaque
1386 1542 1451 1581 od
1481 1555 1578 1596 req.
1615 1554 1747 1590 σπη’·
1779 1556 1912 1598 quam
1953 1542 2085 1584 nimis

1194 1595 1349 1638 sedulo
1386 1596 1632 1641 Oberlinus
1675 1597 1866 1655 recepit,
1915 1599 2086 1642 nemini

1193 1652 1520 1704 invidebimus,
1571 1671 1655 1698 nec
1697 1671 1809 1715 quae
1852 1657 2086 1701 coniecere

1191 1709 1390 1754 Rickless
1405 1721 1479 1755 aut
1492 1711 1823 1756 Herrmannus:
1850 1717 1968 1757 tales
1981 1730 2091 1771 quo-

1193 1782 1277 1824 que
1309 1785 1372 1811 sc.
1409 1786 1503 1818 ress,
1555 1769 1620 1812 sic
1649 1770 1748 1822 ille;
1797 1771 1894 1815 hic:
1925 1773 1996 1813 ita
2030 1773 2088 1814 iis

1192 1825 1265 1870 vel
1301 1826 1372 1868 ita
1406 1827 1514 1869 aliis
1546 1827 1612 1870 vel
1650 1831 1734 1871 sed
1767 1836 1844 1883 ut,
1888 1830 2088 1884 qui...,

1191 1884 1414 1927 ontistent
1445 1892 1489 1927 ct
1520 1885 1592 1927 iis.
1662 1885 1954 1943 Kiesslingius
1989 1887 2089 1930 edi-

1194 1940 1283 1983 dit:
1313 1942 1381 1983 ita
1406 1949 1451 1984 et
1473 1943 1576 1984 aliis
1598 1958 1729 1998 quae.

1251 2001 1591 2048 delenimentts
1650 2000 1725 2044 Sic
1749 2000 1850 2044 cod.
1866 2001 1967 2045 MS.
1984 2001 2086 2046 edd.

1193 2056 1295 2098 Ber.
1339 2056 1482 2098 Rhen.
1520 2057 1626 2100 Ald.
1673 2066 1716 2100 et
1747 2057 1837 2101 lac.
1877 2057 2087 2105 Gronov.

1193 2129 1293 2171 sqq.
1329 2114 1639 2172 consentitque
1670 2114 1715 2157 in
1747 2113 1862 2159 hanc
1892 2118 2089 2174 scriptu-

1192 2186 1288 2213 ram
1325 2171 1428 2214 cod.
1461 2171 1588 2216 Flor.
1620 2171 1704 2215 litt.
1741 2171 1879 2232 Lang.
1916 2190 2002 2218 scr.
2039 2184 2090 2220 ut

1193 2228 1283 2270 suis
1311 2227 1424 2271 locis
1449 2228 1720 2273 videbimus.
1767 2232 2089 2278 delinimentis

1194 2284 1297 2327 edd.
1342 2286 1614 2329 recentiores
1654 2287 1759 2330 inde
1793 2304 1816 2329 a
1850 2288 1999 2346 Lipsio
2033 2291 2088 2334 ad

1193 2342 1280 2385 Iac.
1321 2342 1626 2387 Gronovium.
1696 2343 1948 2389 'VValchius
1977 2345 2105 2391 vett.x

1193 2400 1333 2443 libros
1377 2417 1471 2443 non
1515 2401 1788 2459 inspexerat,
1842 2419 1985 2461 quum
2031 2406 2087 2448 ad

1193 2458 1304 2515 Agr.
1339 2474 1383 2516 p.
1415 2458 1517 2501 298.
1564 2459 1683 2502 illam
1732 2458 1927 2511 formam
1970 2462 2088 2519 apud

1192 2515 1339 2559 Tacit.
1384 2532 1476 2558 non
1518 2516 1711 2562 inveniri
1749 2517 1981 2568 scriberet.
2029 2520 2089 2564 cf.

1193 2581 1289 2616 not.
1316 2572 1371 2615 ad
1401 2575 1466 2624 11,
1490 2573 1559 2616 37.
1781 2580 1783 2582 ’

1196 2643 1201 2646 “
1237 2629 1437 2685 facilem
1462 2661 1473 2673 .
1491 2662 1500 2673 .
1516 2664 1526 2674 .
1547 2631 1691 2674 dedit.
1764 2632 1820 2674 Π.
1845 2649 1884 2676 e.
1908 2633 2087 2678 facilem

1193 2686 1432 2731 adsensum
1449 2687 1578 2731 Gallo
1602 2689 1830 2733 audientes
1851 2690 2085 2746 dederunt,

1196 2744 1271 2802 qui
1303 2745 1512 2787 adsensus
1544 2746 1654 2789 nihil
1685 2746 1805 2789 aliud
1839 2747 1923 2791 suit
1953 2765 2088 2806 quam

1195 2801 1420 2844 confessio
1451 2802 1661 2846 vitiorum
1691 2813 1732 2845 et
1764 2805 2089 2850 documentum

1194 2859 1360 2902 similes
1387 2875 1502 2911 esse,
1533 2861 1608 2919 qui
1633 2858 1920 2914 audirer-ant,
1952 2881 2090 2922 quan·

1196 2933 1334 2974 quam
1361 2934 1451 2959 non
1474 2917 1573 2962 vitia
1599 2919 1698 2967 illa,
1732 2919 1807 2961 sed
1831 2921 2090 2964 nominibus

1192 2974 1388 3018 honestis
1410 2975 1705 3018 delenimenta
1729 2992 1936 3020 curarum
1960 2986 2001 3021 et
2021 2995 2093 3036 pe-

1193 3032 1446 3074 riculorum
1477 3032 1755 3076 dicebantur.
1815 3035 1933 3093 Apte
1963 3035 2091 3077 Gro-

1192 3090 1356 3132 novius
1382 3089 1530 3132 laudat
1559 3107 1583 3133 e
1611 3092 1678 3142 14,
1699 3093 1765 3132 11.
1787 3095 1990 3134 adverso
2016 3108 2091 3135 ru-

1195 3161 1325 3189 more
1347 3146 1526 3189 Seneca
1550 3155 1673 3198 erat,
1719 3152 1845 3203 quod
1869 3151 2091 3193 oratione

1197 3205 1288 3246 tali
1305 3204 1638 3258 confessionem
1660 3205 1934 3257 scripsisset.
1981 3207 2094 3251 Fru-

1197 3271 1287 3303 stra
1309 3261 1483 3317 Lipsius
1510 3263 1702 3305 coniecit
1731 3265 1975 3307 consensio
2010 3281 2092 3323 pro

1200 3317 1442 3372 confessio.

1256 3375 1368 3417 CAP.
1417 3375 1488 3420 34.
1583 3377 1732 3419 simul
1779 3378 1962 3420 curiam
2014 3394 2094 3422 re-

1197 3434 1454 3488 linquebat.
1535 3434 1720 3492 Ruperti
1736 3444 1758 3478 τ’
1805 3436 2095 3494 „relinquere

1198 3491 1405 3558 parabat:
1450 3500 1573 3535 actus
1610 3509 1693 3551 pro
1725 3495 1942 3536 conatu.''
2002 3493 2092 3536 Alii

1200 3556 1582 3607 interpretantur,
1644 3551 1772 3609 quasi
1820 3566 1976 3594 revera
2015 3568 2094 3608 ζεκ-
