2222 4030
229 204 314 270 24

908 158 1423 267 ANNALIUM

230 345 327 395 tus
357 333 616 410 paternis
650 332 978 391 inimicitiis
1007 335 1201 407 datos,

1787 207 1826 242 A
1853 205 1908 242 U.
1924 203 2007 243 76⁷.

1787 251 1842 285 A.
1861 248 1909 286 C.
1943 249 2006 289 14,

1255 355 1596 413 quanquam
1629 336 1717 392 fas
1749 338 1824 396 sit
1865 342 2094 416 privata

232 419 372 477 odia
409 419 663 495 puhlicis
697 419 1052 478 utilitatibus
1078 421 1400 477 remittere:
1446 422 1548 477 sed
1571 420 1924 498 Pompeium
1946 427 2093 482 ima-

230 505 368 579 gine
397 505 584 579 paciS,
626 505 726 561 sed
746 503 1041 582 Lepidum
1077 506 1267 582 specie
1301 506 1591 563 amicitiae
1625 507 1921 585 deceptos:
1963 521 2098 586 post

232 669 440 736 gruttam
461 668 626 720 tenuit,
655 671 818 714 alteris
831 671 949 725 pelli
961 684 1025 718 se,
1052 671 1130 712 al-

234 726 346 768 teris
376 741 471 769 non
495 741 586 782 pro
612 742 690 783 spe
718 731 990 771 mentorum
1027 734 1131 770 tra-

230 783 353 826 ctari
372 786 673 840 querentibus.
737 785 909 828 Eodem
929 793 1130 842 spectare

232 840 378 884 Taciti
417 842 555 886 verba
589 843 841 886 existimant
882 841 964 886 illi.
1042 843 1128 884 Sed

233 913 425 955 quaere,
483 915 591 942 num
639 900 885 944 divisiones
916 915 1128 956 agrorum

229 971 310 1013 per
336 972 382 999 se
410 955 719 1023 displicuerint
746 957 994 1000 veteranis?
1044 957 1128 998 lm·

229 1028 334 1063 mo,
362 1013 466 1058 satis
493 1013 559 1058 his
575 1014 848 1081 placebant,
882 1014 1129 1072 quer-eban

229 1069 306 1114 tur
330 1087 440 1115 vero
466 1087 515 1114 ex
542 1072 679 1116 nimla
705 1071 962 1130 cupiditate.
1005 1070 1127 1113 Mul-

229 1135 328 1171 tum
353 1146 364 1170 1
399 1129 488 1171 itur
512 1129 657 1180 abest,
686 1139 736 1172 ut
761 1147 783 1172 e
811 1139 1127 1172 veteranomm

230 1146 426 1252 querelis
459 1186 732 1254 vituperium
758 1185 947 1244 Augusti
984 1185 1126 1243 repeti

228 1243 392 1342 possit,
423 1252 471 1286 ut
499 1245 646 1302 potius
674 1261 720 1287 ιη
749 1246 842 1287 eius
868 1243 1049 1286 laudem
1075 1242 1126 1284 il-

249 1315 298 1343 ae
349 1299 536 1345 valeant.
610 1301 762 1344 Altera
804 1300 1006 1360 quaestio
1049 1309 1128 1349 est.

230 1373 343 1400 num
381 1359 544 1403 ve1·:ba
596 1375 689 1402 ne.
749 1361 1027 1410 .laudatas,
1069 1357 1126 1401 ad

231 1413 478 1459 divisiones
524 1433 739 1484 agrorum
781 1425 954 1459 tantum
995 1415 1128 1473 perti-

228 1481 389 1524 neant,
420 1490 474 1516 an
509 1475 641 1518 etiam
674 1473 908 1518 referenda
949 1473 1038 1517 sint
1071 1472 1128 1515 ad

228 1530 611 1595 proscriptionem
669 1531 866 1575 civium?
926 1529 1044 1574 lllud
1090 1528 1129 1573 si

230 1586 408 1637 statuis,
449 1587 632 1632 Tacitus
670 1588 770 1632 satis
806 1590 925 1631 nude
955 1587 1129 1646 posuit.

224 1646 616 1699 proscriptionem
638 1647 830 1695 σι”,υιαηι
860 1647 977 1690 inter
995 1645 1129 1688 hasce

229 1701 472 1745 sententias
499 1703 554 1746 ad
590 1720 727 1746 unam
760 1720 917 1746 omnes
957 1702 1130 1768 plenio-

228 1757 267 1800 ri
309 1759 501 1816 quadam
545 1761 855 1804 enuntiatione
897 1760 1129 1825 expositas.

234 1814 406 1859 Omnia
434 1818 596 1876 potius
620 1819 831 1870 suadent,
867 1827 916 1862 ut
941 1816 1131 1918 Ητεεάἰ-

231 1883 352 1918 cata:
407 1889 506 1919 ne.
533 1906 545 1919 .
575 1878 861 1926 .laudatas,
913 1892 935 1920 a
1015 1890 1130 1932 pro-

229 1930 531 1999 scriptionem
566 1933 734 1978 civium
772 1909 908 1978 sim’ul
946 1934 1131 1976 referas.

230 1987 351 2031 Tum
379 2005 492 2036 vero
520 1990 723 2049 ineptum
761 1992 912 2035 evadit
937 1991 1129 2035 verbum

231 2061 406 2101 cepere.
467 2046 598 2103 Quae
634 2065 739 2092 cum
771 2050 830 2092 ita
863 2050 975 2099 sint,
1004 2046 1131 2091 rede·

229 2104 406 2147 undum
450 2106 534 2148 e1it
575 2106 630 2149 ad
679 2106 783 2150 cod.
826 2106 928 2150 MS.
968 2104 1134 2147 verba.

226 2162 492 2218 quifecere.
543 2162 638 2218 Qui
668 2164 815 2207 secere
839 2161 1131 2222 proscriptio·

228 2235 335 2262 nem
368 2220 539 2264 civium
575 2230 618 2264 et
643 2221 880 2265 divisiones
906 2235 1131 2286 agrorum,

230 2285 336 2320 sunt
380 2278 606 2322 triumviri
652 2287 695 2322 et
747 2279 824 2338 qui
878 2276 1131 2342 plurimum

230 2334 349 2391 apud
381 2334 484 2378 illos
522 2345 732 2402 potuere,
767 2345 1026 2394 spectatque
1058 2334 1133 2376 hic

231 2390 360 2435 locus
391 2392 447 2435 ad
483 2393 628 2438 varias
665 2394 962 2438 dissensiones
997 2407 1134 2448 super

229 2449 560 2517 proscriptione
611 2450 777 2494 civium
821 2461 864 2494 et
909 2449 1132 2495 divisione

231 2521 444 2564 agrorum
479 2507 525 2550 in
558 2508 906 2553 triumvirorum
931 2506 1131 2574 partibus

231 2574 419 2608 exortas.
489 2564 604 2609 Nam
641 2565 695 2608 de
729 2565 804 2609 illa
840 2565 978 2609 lesert
1008 2565 1131 2606 Suet.

234 2619 341 2666 Oct.
373 2623 700 2666 ο.271·εείι“ίιι
725 2624 907 2682 quidem
932 2621 1130 2678 (Octav.)

232 2682 520 2736 aliquamdiu
553 2683 755 2734 collegis,
796 2696 857 2723 ne
883 2696 972 2737 qua
989 2679 1132 2734 fieret

227 2739 501 2792 proscriptio
520 2771 532 2789 ,
560 2742 643 2782 sed
675 2740 908 2792 inceptam
940 2745 1133 2791 utroque

230 2796 438 2838 acerbius
461 2798 679 2839 exercuit.
730 2799 949 2853 Namque
971 2795 1061 2837 illis
1083 2795 1131 2835 in

235 2855 491 2894 multorum
543 2868 682 2907 saepe
735 2869 994 2909 personam
1046 2862 1136 2905 per

232 2912 439 2964 gratiam
460 2917 505 2951 et
523 2925 683 2965 preces
707 2913 1030 2959 exorabilibus,
1054 2923 1134 2951 so-

233 2970 306 3009 lus
329 2982 501 3020 magno
524 2984 661 3022 opere
689 2972 948 3020 contendit,
980 2983 1041 3010 ne
1063 2966 1139 3009 cui

226 3033 516 3079 parceretur.
535 3051 591 3059 -
634 3025 788 3083 Quum
807 3034 1002 3080 peracta
1018 3039 1137 3080 pro-

230 3084 476 3136 scriptione
517 3083 579 3125 M.
626 3085 824 3137 Lepidus
871 3087 918 3127 in
966 3091 1135 3126 senatu

233 3149 595 3196 excusasset
643 3142 1035 3195 praeterita,
1089 3146 1135 3181 et

234 3212 362 3250 spem
397 3199 670 3241 clementiae
705 3200 751 3241 in
782 3208 1020 3252 posterum
1044 3196 1132 3253 fe-

234 3256 390 3308 cisset,
440 3255 664 3312 quoniam
711 3259 826 3298 satis
864 3269 1131 3318 poenarum

237 3322 462 3357 exactum
515 3322 657 3365 esset3
704 3315 826 3356 hunc
874 3329 898 3356 e
950 3304 1132 3355 diuerso

229 3373 515 3424 professum,
543 3371 613 3414 ita
643 3374 836 3414 modum
857 3386 906 3414 se
925 3371 1133 3426 proscri-

233 3428 375 3471 bendi
393 3430 634 3482 statuisse,
660 3436 712 3472 ut
732 3431 894 3472 omnia
915 3428 1002 3471 sibi
1021 3430 1133 3470 reli-

235 3487 384 3541 querit
415 3489 577 3530 li.bera
646 3486 719 3530 De
753 3485 979 3530 divisione
1005 3502 1131 3543 agro·

235 3558 341 3586 rum
368 3541 462 3587 Dio
496 3543 566 3597 48,
585 3544 628 3588 6.
658 3537 750 3589 Ἠν
778 3543 834 3588 δὲ
861 3543 914 3588 ἓν
940 3544 995 3605 τῇ
1021 3545 1133 3599 κλη-

1202 673 1365 740 ρουχίᾳ
1410 668 1695 730 ἀμφοτέροις
1734 671 1763 724 ἡ
1793 675 2003 744 πλείστη
2022 675 2100 746 τῇς

1201 726 1444 798 δυνάμεως
1463 730 1609 784 ἐλπὶς,
1635 732 1712 773 καὶ
1735 729 1810 774 διὰ
1832 731 1959 775 τοῦ9’
1982 728 2098 791 ὑπὲρ

1201 784 1340 841 αὐτῆς
1363 788 1549 843 ποῶτον
1575 786 1824 846 ἀρξάμενοι
1846 790 2100 861 διεφέρον-

1201 858 1269 886 το.
1330 827 1560 895 Mox-1259
1590 849 1710 918 γοῦν
1738 846 1865 903 παρὰ
1898 847 1981 902 τὴν
2009 844 2098 891 δό-

1200 903 1285 951 ξαν
1307 900 1463 944 αὐτῶν
1495 902 1641 958 πολλὴ
1671 904 1846 974 ταοαχὴ
1871 907 2096 974 ἐγίγνετο,

1199 960 1278 1002 καὶ
1315 957 1365 1003 τὸ
1400 962 1534 1019 πρᾶγ
1533 976 1597 1003 αα
1635 962 1680 1010 ἒς
1711 959 1921 1035 πόλεμον
1952 960 2101 1021 ποοή-

1197 1030 1339 1090 γετο·
1364 1041 1422 1049 —-
1462 1000 1844 1088 μετεβάλλοντο”
1819 1039 1847 1071 η
1869 1036 1915 1064 τε
1940 1019 2098 1064 Φουλ-

1201 1073 1305 1119 ου’ίᾱ
1349 1076 1426 1117 καὶ
1459 1073 1482 1119 ὁ
1517 1073 1716 1132 ὕπατος,
1775 1081 1916 1122 πλείω
1951 1075 2101 1122 δύνα-

1197 1147 1282 1191 μιν
1314 1132 1366 1177 ἒν
1400 1138 1496 1183 τοῖς
1529 1135 1698 1192 ἑτέροις
1726 1141 1822 1185 τοῖς
1848 1134 2102 1195 ἀδικουμέ-

1199 1205 1296 1240 νοις
1334 1188 1523 1248 σχήσειν
1556 1194 1852 1243 ἐλπίσαντες·
1897 1198 1974 1238 καὶ
2006 1196 2102 1238 τῶν

1196 1250 1287 1308 μὲν
1310 1250 1591 1320 ληψομένων
1609 1250 1716 1300 τοὺς
1740 1250 1919 1323 ἀγροὺς
1921 1252 2101 1321 ἠμέλη-

1198 1319 1315 1361 σαν,
1370 1306 1484 1377 πρὸς
1523 1309 1574 1352 δὲ
1616 1309 1843 1364 ἐκείνους,
1901 1308 1979 1354 ἅτε
2023 1312 2102 1353 καὶ

1198 1367 1415 1423 πλείονας
1440 1363 1600 1421 ὄντας,
1635 1370 1709 1409 καὶ
1742 1366 1887 1425 ὀργὴν
1915 1369 2102 1412 δικαίαν

1199 1419 1318 1479 ὑπὲρ
1338 1424 1404 1465 ὦν
1421 1422 1759 1480 ἀπεστεροῦντο
1778 1440 1914 1469 notor)
1955 1429 2099 1482 ένους,

1198 1467 1454 1536 ἐτράποντο
1481 1498 1521 1524 κ.
1553 1497 1593 1524 τ.
1616 1485 1657 1526 λ.
1729 1483 1827 1526 Et
1817 1501 1863 1526 in
1890 1443 1986 1527 {iim
2022 1501 2102 1528 ca-

1199 1539 1327 1596 pitis.
1359 1542 1435 1581 καὶ
1457 1539 1553 1607 9639
1572 1543 1649 1583 καὶ
1673 1544 1736 1597 τῷ
1754 1539 1936 1599 Μάρκῳ
1958 1544 2103 1586 ταῦτα

1199 1598 1446 1640 συνδοκεῖν
1476 1593 1702 1656 ἐνόμιζον.
1782 1599 1903 1643 Haec
1937 1600 2104 1644 viden-

1200 1664 1275 1698 tur
1328 1656 1556 1705 sufficere,
1611 1665 1660 1700 ut
1701 1667 1933 1723 appareat,
1974 1674 2104 1727 ..φισ-

1201 1712 1341 1755 modo
1369 1712 1518 1755 dicere
1543 1714 1771 1773 potuerint
1799 1717 2103 1774 proscriptio-

1199 1785 1307 1812 nem
1337 1771 1527 1822 civium,
1574 1774 1815 1814 divtsiones
1859 1787 2103 1826 agrorum,

1199 1841 1260 1870 ne
1304 1829 1411 1883 ipsis
1457 1804 1643 1883 qu'idem
1688 1831 1769 1885 qui
1795 1829 1954 1886 secere
1995 1833 2106 1873 Iau-

1199 1889 1354 1928 datas
1418 1885 1488 1928 De
1523 1886 1722 1930 formula
1758 1903 1834 1943 qul
1830 1887 2016 1944 secere
2044 1889 2104 1934 cf.

1203 1944 1384 1987 Sallust.
1411 1942 1543 1987 Catil.
1577 1960 1616 1987 c.
1639 1945 1679 1987 8.

1253 2016 1447 2070 privata
1483 2045 1493 2057 .
1517 2045 1528 2057 .
1555 2046 1568 2057 .
1600 2045 1610 2056 .
1645 2015 1898 2060 remittere.
1982 2016 2103 2061 Plin.

1203 2088 1304 2130 epp.
1346 2072 1396 2122 7,
1433 2072 1500 2115 18.
1546 2071 1643 2115 Sed
1687 2081 1869 2127 oportet
1905 2076 2106 2128 privatis

1202 2131 1478 2172 utilitatibus
1527 2130 1766 2183 publicas,
1826 2133 2103 2175 moreatzbus

1203 2196 1426 2230 aeternas
1461 2187 1716 2242 anteferre.
1797 2187 1892 2233 Cic.
1930 2205 1972 2248 p.
2006 2191 2102 2234 red.

1202 2246 1249 2288 in
1276 2261 1370 2287 sen.
1403 2261 1442 2287 c.
1468 2245 1509 2287 8.
1554 2246 1608 2287 de
1640 2244 1848 2304 provinc.
1878 2247 2104 2312 consular.

1204 2319 1243 2345 c.
1260 2303 1328 2346 18.
1361 2302 1457 2346 Liv.
1475 2302 1516 2350 9,
1532 2301 1600 2346 38.
1665 2302 1846 2350 Uncos‚
1878 2304 1975 2360 quis
1991 2303 2104 2347 haec

1202 2362 1250 2405 in
1273 2359 1502 2419 prioribus
1520 2359 1620 2402 edd.
1645 2359 1753 2403 inde
1780 2359 1934 2419 aLips.
1957 2361 2103 2420 plima

1206 2417 1621 2466 ci1cu1ndabantur,
1653 2417 1768 2460 bene
1792 2418 1970 2462 sustulit
1991 2418 2104 2462 Bek-

1206 2475 1354 2520 kerus.
1419 2475 1597 2518 Absuut
1625 2474 1758 2518 etiam
1785 2475 1838 2517 ab
1875 2477 2102 2520 edd.Be1.

1203 2533 1348 2577 Rhen.
1367 2531 1469 2575 Ald.
1529 2532 1631 2576 Non
1650 2532 1770 2575 enim
1794 2542 1970 2590 praeter
1990 2544 2104 2578 stru·

1206 2601 1380 2635 eturam
1408 2589 1497 2633 loci
1524 2591 1662 2636 verba
1687 2590 1990 2649 adponuntur.

1261 2665 1386 2704 sed.
1450 2663 1582 2704 ..sed
1652 2660 1723 2703 De
1774 2660 1998 2717 anaphora
2045 2659 2104 2703 cf.

1203 2717 1474 2762 Ramshorn.
1511 2734 1652 2775 gram.
1686 2718 1759 2761 lat.
1791 2735 1834 2775 p.
1867 2718 1963 2761 707.
1995 2717 2104 2760 Not.

1203 2775 1351 2820 Nemo
1391 2775 1551 2819 Tacito
1601 2774 1826 2819 amantior
1868 2784 1931 2817 est
1973 2775 2104 2818 huius

1203 2834 1386 2892 figurae.
1448 2833 1649 2890 cf.sup1.
1681 2835 1776 2876 c.1.
1798 2847 1895 2873 non
1917 2834 2105 2884 Cinnae,

1203 2907 1298 2935 non
1330 2891 1517 2943 Sullae3
1560 2890 1664 2934 infr.
1708 2907 1746 2934 c.
1770 2889 1840 2932 38.
1866 2894 1948 2932 sed
1982 2890 2106 2934 Ger-

1207 2951 1439 2992 manicam
1462 2952 1639 2998 ducem,
1662 2951 1744 2991 sed
1758 2948 1987 2990 Tiberium
2009 2950 2105 2989 im-

1201 3015 1497 3064 peratorem3
1539 3023 1579 3048 c.
1609 2981 1679 3048 5’9.
1711 3019 1852 3048 arma
1891 3006 1940 3046 in
1980 3005 2103 3047 Cae-

1204 3080 1363 3110 sarem
1409 3078 1628 3118 poscens,
1681 3077 1823 3105 arma
1867 3063 1917 3103 in
1960 3063 2104 3117 Sege-

1203 3132 1349 3171 stem;
1388 3121 1489 3163 eod.
1522 3137 1562 3163 c.
1600 3128 1709 3164 extr.
1741 3135 1802 3161 ne
1834 3148 1892 3155 —
1927 3135 1988 3162 ne
2018 3138 2104 3174 --;

1206 3196 1248 3224 c.
1270 3179 1340 3222 62.
1364 3186 1415 3220 ut
1437 3206 1496 3214 --
1522 3186 1572 3219 ut
1594 3195 1678 3231 —;
1707 3194 1745 3220 c.
1765 3177 1836 3219 22.
1863 3193 1964 3219 cum
1989 3194 2103 3220 ocu-

1203 3238 1282 3287 lis,
1309 3251 1414 3279 cum
1437 3237 1658 3279 lacrimis.
1702 3234 1921 3277 Nostrum
1946 3235 2103 3280 locum

1201 3294 1405 3337 Rhenan.
1427 3292 1612 3337 volebat
1636 3292 1827 3351 corrigi:
1860 3291 1954 3335 Sed
1971 3293 2024 3338 P.
2048 3325 2062 3339 .
2087 3324 2102 3337 .

1204 3359 1250 3396 et
1274 3351 1435 3406 Lepid.

1259 3421 1538 3477 Pompeium
1572 3420 1780 3474 imagine
1804 3422 1947 3474 pacis.
2006 3421 2100 3466 Dio

1202 3479 1274 3530 48,
1295 3479 1368 3523 36.
1428 3477 1546 3524 vell.
1574 3479 1617 3530 2,
1642 3478 1712 3521 77.
1772 3477 1959 3523 sueton.
1994 3479 2102 3526 Oct.

1206 3553 1247 3582 c.
1275 3538 1343 3582 16.
