2222 4030
1794 223 1847 300 2:
1863 222 1915 301 ¹32:
1934 222 2018 300 ⁷3:

253 225 371 282 1⁴82
926 216 1429 284 ANNALIUM
1473 244 1479 247 ·

255 324 388 410 cum
411 349 797 408 contumelias
824 348 1034 409 iacere:
1081 352 1437 429 quibusdam
1466 352 1640 409 etiam
1661 353 1958 413 bonorum
1989 357 2107 413 mi—

202 430 204 433 *
254 438 429 494 litum
454 438 528 493 ad
551 437 708 492 mala
734 436 1014 514 obsequia
1037 437 1356 512 promptiS‚
1404 440 1564 514 quod
1588 434 1748 496 haud
1779 441 1965 498 invito
1993 443 2108 498 im-

253 533 521 599 peratore
547 542 613 578 ea
634 520 763 577 fieri
785 523 1048 578 occultus
1077 542 1282 578 rumor
1305 521 1628 583 incedebat.

426 604 587 666 LVI.
630 605 785 664 Nota
817 603 960 664 haec
996 604 1380 664 Germanico:
1425 608 1526 664 sed
1558 608 1852 684 praeverti
1885 610 1959 666 ad
1990 605 2110 666 Ar-

254 691 484 748 menios
510 691 824 749 instantior
860 691 1159 750 cura-fuit.
1245 693 1543 766 Ambigua
1578 713 1717 766 gens
1752 715 1817 750 ea
1850 695 2112 771 antiqui-

256 788 351 834 tus
376 773 689 834 hominum
712 777 963 850 ingeniis
988 787 1044 831 et
1066 776 1182 832 situ
1205 788 1525 848 terrarum,
1569 800 1685 855 quo
1723 781 1939 837 nostris
1970 801 2112 855 pro-
2191 792 2209 798 ”

255 862 469 919 vinciis
492 863 606 919 late
630 873 930 938 praetenta
953 861 1187 935 penitus
1213 864 1288 918 ad
1302 861 1515 919 Medos
1534 864 1881 937 porrigitur,
1923 867 2112 922 maxi—

256 939 494 1025 misque>
523 947 788 1023 imperiis
826 946 1116 1003 interiecti
1154 958 1208 1004 et
1244 949 1472 1022 saepius
1508 949 1803 1004 discordes
1843 963 1981 1007 sunt
2007 953 2114 1007 ad-

259 1052 462 1090 versus
498 1031 805 1090 Romanos
843 1031 981 1087 odio
1027 1043 1084 1088 et
1119 1031 1185 1086 in
1215 1029 1504 1089 Parthum
1546 1033 1792 1093 invidia.
1887 1034 2113 1108 Regem

261 1113 366 1174 illa
400 1128 737 1193 tempestate
770 1137 894 1196 non
931 1111 1227 1172 habebant
1254 1129 1448 1174 amoto
1471 1116 1751 1174 Vonone:
1809 1120 1910 1175 sed
1947 1121 2115 1177 favor

260 1203 520 1259 nationis
552 1202 877 1258 inclinabat
910 1201 976 1256 in
996 1201 1300 1258 Zenonem
1324 1202 1665 1259 Polemonis
1696 1204 1848 1276 regis
1880 1203 2116 1262 Pontici

258 1287 447 1345 filium
463 1334 479 1357 ‚
523 1289 682 1364 quod
711 1287 760 1341 is
782 1287 972 1362 prima
996 1288 1069 1342 ab
1094 1287 1343 1344 infantia
1373 1288 1640 1344 instituta
1669 1299 1725 1344 et
1751 1290 1975 1346 cultum
1995 1287 2117 1346 Ar-

259 1374 595 1429 meniorum
629 1373 953 1428 aemulatus
984 1384 1229 1442 venatu,
1271 1374 1456 1450 epulis
1483 1385 1538 1430 et
1564 1393 1711 1449 quae
1737 1375 1852 1430 alia
1875 1375 2117 1431 barbari

259 1459 586 1527 celebrant,
629 1477 900 1532 proceres
922 1458 1271 1534 plebemque
1299 1459 1456 1515 iuxta
1486 1458 1844 1518 devinxerat.
1930 1458 2118 1533 Igitur

260 1541 648 1598 Germanicus
688 1543 753 1597 in
785 1543 933 1599 urbe
969 1539 1249 1600 Artaxata
1282 1544 1748 1618 adprobantibus
1797 1545 2119 1615 nobilibus,

259 1629 608 1685 circumfusa
641 1628 1021 1684 multitudine
1054 1628 1283 1701 insigne
1320 1629 1547 1702 regium
1571 1629 1747 1704 capiti
1775 1630 1898 1685 eius
1923 1630 2120 1706 impo—

261 1713 395 1773 suit.
456 1714 633 1771 ceteri
671 1725 1016 1769 venerantes
1064 1732 1259 1786 regem
1307 1711 1612 1770 Artaxiam
1660 1715 2118 1786 consalutavere‚

260 1799 421 1876 quod
463 1799 554 1858 illi
591 1799 948 1856 vocabulum
982 1799 1325 1855 indiderant
1358 1820 1427 1855 ex
1471 1797 1714 1856 nomine
1754 1799 1938 1860 urbis,
2035 1797 2123 1878 At

175 3533 205 3574 ‘—
256 3539 390 3583 latine
439 3541 668 3593 scribunt,

257 1997 354 2034 ton.
387 1989 496 2035 Ner.
532 2007 570 2035 c.
601 1992 642 2035 7.
685 1990 816 2036 Galb.
841 2009 880 2036 c·
906 1993 948 2036 6.
998 1994 1150 2051 Veget-

259 2050 300 2104 1,
325 2049 394 2091 27.
421 2049 461 2099 3,
484 2049 527 2091 4.

196 2099 204 2108 ’
315 2107 566 2149 incedebat.
634 2105 750 2150 Edd.
783 2106 904 2166 Lips.
942 2123 1040 2165 sqq.
1073 2123 1152 2150 ve-

254 2162 448 2207 rissime.
490 2166 717 2206 incidebat
739 2164 838 2208 edd.
863 2173 968 2210 vett.

250 2254 255 2265 .
315 2219 428 2264 CAP.
463 2221 532 2263 56.
576 2223 829 2276 praeverti.

255 2277 380 2322 tione
419 2278 571 2322 medii.
623 2278 682 2322 cf.
727 2279 844 2323 Plin.
884 2294 955 2337 ep.
1001 2280 1039 2330 5,
1083 2279 1151 2322 15.

253 2335 542 2379 Praevertor
564 2341 627 2378 ad
649 2352 728 2385 ea,
760 2352 881 2392 quae
905 2352 981 2378 me
1001 2352 1150 2390 agen-

260 2403 358 2436 tem
431 2395 504 2436 hic
573 2397 767 2436 nuntius
838 2396 1150 2449 deprehendit.

259 2449 432 2495 Graece
465 2446 669 2508 φθάνειν
704 2455 768 2500 εἴς
803 2467 859 2494 τι.
919 2451 1149 2494 Plutarch.

255 2508 387 2552 Thes.
410 2526 448 2552 c.
477 2509 542 2552 18.
584 2509 789 2566 Xenoph.
823 2508 930 2568 Cyr.
966 2510 1005 2560 5,
1035 2510 1075 2560 4,
1106 2509 1150 2551 9.

251 2575 552 2623 praevertere
601 2568 806 2622 aliquid,
867 2567 1152 2609 zuvorkom-

256 2639 382 2667 men.
442 2623 561 2668 Ptin.
595 2641 662 2683 ep.
694 2623 736 2676 3,
761 2625 804 2667 9.
835 2625 925 2667 Ille
955 2639 1147 2670 accusa-

258 2683 437 2725 tionem
483 2682 695 2736 sortuita
754 2684 828 2724 vel
882 2683 1150 2724 voluntaria

256 2748 408 2796 marte
430 2739 704 2793 praevertit.
750 2739 807 2782 cf.
827 2739 932 2783 infr.
961 2739 1002 2788 4,
1027 2739 1093 2781 19.

312 2799 561 2841 hominum
582 2797 775 2852 ingeniis
794 2806 839 2840 et
862 2798 954 2842 situ
978 2805 1013 2839 t.
1073 2794 1150 2839 Sic

255 2853 455 2900 Pichena
478 2870 501 2896 e
526 2854 625 2897 cod.
639 2855 740 2901 MS.
766 2853 918 2900 locum
940 2853 1148 2900 restituit.

255 2910 340 2957 Ed.
388 2911 598 2957 Beroald.
645 2914 886 2954 hominum
933 2911 1151 2966 ingeniis,

253 2973 338 3011 sed
377 2972 467 3012 situ
505 2977 536 3013 t.
620 2969 736 3013 Edd.
769 2969 913 3014 Rhen.
949 2985 1045 3028 sqq.
1090 2971 1149 3012 7ιὸ

256 3029 395 3069 modo
417 3027 638 3082 ingeniis,
667 3031 749 3069 sed
768 3029 858 3070 situ
881 3035 914 3069 t.

310 3091 356 3126 et
385 3087 583 3138 saepius.
643 3084 870 3130 Particula
895 3091 939 3126 et
963 3083 1152 3141 explicat

253 3141 581 3208 praecedentia.
641 3141 757 3184 Nam
793 3141 917 3201 quod
949 3141 1151 3186 maximis

255 3197 456 3256 imperiis
478 3198 699 3241 interiecti
723 3207 848 3249 sunt,
870 3214 920 3241 ea
938 3207 1002 3242 est
1018 3214 1148 3241 eausa

257 3254 531 3305 discordiae,
564 3257 673 3298 alios
697 3256 805 3299 odio
828 3256 1037 3300 adversus
1058 3255 1147 3297 Ro-

254 3328 436 3360 manos,
464 3309 573 3358 alios
604 3313 649 3355 in
672 3313 888 3358 Parthum
912 3312 1079 3357 invidia
1101 3312 1149 3355 in

253 3369 444 3412 diversas
489 3377 633 3426 partes
671 3369 884 3415 trahente.
938 3370 996 3414 cf.
1033 3370 1147 3413 Hist.

253 3425 295 3476 8,
306 3425 379 3469 44.
413 3428 585 3480 legioni
598 3443 632 3476 ‚a
649 3427 838 3469 Claudio
857 3429 1151 3482 praepositus

255 3491 309 3527 et
341 3486 458 3527 bello
481 3487 635 3527 clarus
657 3491 833 3540 egerat.
899 3485 991 3542 Qui
1017 3484 1151 3529 hodie

727 3541 775 3584 in
821 3541 983 3587 talibus
1038 3541 1149 3586 locis

923 2221 1155 2280 Significa-

1225 1992 1372 2037 solent
1394 1991 1600 2035 omittere
1623 1991 1833 2049 copulam
1857 1998 1915 2036 et.
1949 1991 2007 2037 ef.
2019 2000 2117 2036 not.

1226 2051 1282 2095 ad
1305 2050 1460 2105 Agrie.
1485 2066 1524 2091 c.
1546 2051 1588 2092 4.

1283 2115 1446 2149 amoto
1470 2107 1680 2150 Vonone.
1724 2106 1781 2152 cf.
1803 2123 1925 2177 supr.
1952 2125 1991 2154 c.
2012 2108 2056 2153 4.

1283 2166 1553 2208 Polemonis
1612 2166 1749 2220 regis.
1839 2166 1924 2208 Lui
1983 2181 2120 2224 super

1225 2238 1415 2280 regnum
1441 2221 1577 2263 Ponti
1606 2231 1650 2264 et
1673 2223 1937 2266 Armeniam
1967 2223 2123 2266 mino-

1221 2296 1322 2322 rem
1349 2278 1530 2322 dederat
1552 2280 1806 2334 Antonius,
1837 2281 2010 2324 deiecto
2026 2283 2117 2324 Ar-

1222 2337 1417 2380 tavasde.
1475 2335 1532 2379 cs.
1564 2345 1661 2381 not.
1696 2339 1752 2381 ad
1781 2354 1818 2381 c.
1843 2337 1884 2380 3.
1938 2339 2029 2382 1)ἰο
2051 2339 2122 2391 49,

1221 2395 1277 2438 33
1299 2403 1339 2436 et
1361 2393 1432 2439 44.
1493 2395 1733 2438 Armeniae
1756 2404 1904 2438 tamen
1941 2413 2120 2454 posses--

1224 2452 1290 2508 sio
1334 2450 1453 2494 haud
1493 2452 1703 2496 diuturna
1743 2451 1828 2495 fuit
1861 2452 2117 2497 Polemoni.

1223 2510 1294 2552 De
1361 2510 1551 2551 Zenone
1627 2510 1711 2553 vid.
1776 2509 1985 2554 strabon.
2050 2513 2119 2564 12,

1222 2583 1252 2624 p
1279 2625 1329 2674 in
1353 2624 1465 2665 urbe
1478 2625 1741 2678 Artaxata.
1779 2624 1946 2669 Eadem
1970 2625 2120 2670 forma

1220 2681 1326 2724 infr.
1354 2682 1394 2732 6,
1418 2680 1488 2724 33.
1521 2684 1631 2724 urbe
1651 2685 1896 2724 Artaxata
1926 2686 2116 2738 potiun-

1222 2747 1316 2783 tur.
1398 2737 1563 2781 Contra
1608 2755 1732 2781 num.
1776 2738 1896 2797 plur.
1940 2740 2006 2790 13,
2044 2743 2115 2786 41.

1223 2797 1291 2844 14,
1316 2795 1389 2839 23.
1426 2795 1491 2846 13,
1512 2795 1581 2839 39.
1642 2796 1819 2838 Etenim
1851 2813 1945 2840 non
1979 2799 2118 2842 semel

1223 2853 1410 2902 accidit,
1440 2863 1490 2896 ut
1515 2854 1615 2899 cod.
1639 2854 1726 2896 MS
1759 2885 1771 2902 ,
1805 2853 1883 2910 qui
1909 2870 1979 2898 sex
2001 2857 2118 2914 prio-

1221 2928 1292 2955 res
1322 2910 1569 2957 Annalium
1609 2911 1748 2954 libros
1788 2911 2119 2978 complectitur,

1223 2969 1406 3012 diversis
1424 2967 1751 3012 vocabulorum
1775 2969 1934 3012 fornus
1956 2978 2121 3017 utatur.

1282 3027 1455 3081 insigne
1487 3029 1675 3079 regium
1717 3034 1803 3069 etc.
1882 3027 2117 3085 Suspicio-

1222 3100 1358 3132 nem,
1399 3099 1532 3142 quam
1555 3083 1728 3140 Lipsius
1761 3083 1813 3124 ad
1846 3082 1890 3125 h.
1913 3084 1942 3126 l.
1975 3085 2119 3130 movit

1222 3142 1276 3185 de
1307 3140 1411 3184 loco
1435 3140 1556 3183 Suet.
1586 3140 1680 3184 Cal.
1714 3156 1753 3183 c.
1779 3140 1818 3182 1.
1853 3141 2010 3196 (quum
2026 3146 2120 3186 Ar-

1219 3199 1405 3240 meniae
1426 3212 1585 3251 regem
1614 3201 1646 3238 d
1662 3198 2009 3253 evicisset),
2034 3200 2118 3243 dis-

1220 3271 1491 3310 sensumque
1527 3255 1759 3311 utriusque
1789 3256 2019 3313 scriptoris
2051 3273 2119 3300 re-

1222 3312 1445 3355 centiores
1467 3312 1673 3355 Suetonii
1700 3313 1966 3370 interpretes
1989 3314 2118 3357 dimi-

1222 3369 1370 3415 nuisse
1393 3368 1573 3427 quidem
1589 3403 1600 3420 ,
1632 3387 1779 3427 neque
1804 3378 1956 3412 tamen
1981 3386 2115 3428 pror-

1221 3443 1295 3470 sus
1319 3426 1546 3470 sustulisse
1570 3427 1715 3471 videri
1740 3435 1943 3484 possunt.

1281 3500 1344 3527 ex
1399 3488 1590 3527 nomine
1641 3486 1782 3527 urbis.
1867 3486 2118 3529 Artaxata

1223 3540 1339 3587 dicta
1363 3542 1415 3585 ab
1440 3542 1604 3585 Artaxe
1629 3541 1696 3584 vel
1719 3540 1898 3585 Artaxia
1919 3558 2022 3600 rege
2045 3559 2116 3587 ur-
