2222 4030
1799 196 1850 231 A.
1867 195 1923 230 15.
1939 196 2021 231 770.

1802 237 1854 274 A.
1875 238 1921 275 C.
1961 242 2020 274 17.

931 195 1437 258 ANNALIUM

253 333 410 407 ignis
443 338 792 387 memorant.
886 325 1225 404 Asperrima
1274 327 1338 382 in
1377 324 1698 383 Sardianos
1743 330 1871 386 lues
1908 333 2108 406 ‘pluri-

252 436 420 474 mum
491 416 556 470 in
613 415 847 471 eosdem
902 413 1340 470 misericordiae
1395 411 1587 470 traxit.
1696 432 1837 469 nam
1891 418 2106 474 centies

255 502 584 559 sestertium
631 498 928 578 pollicitus
975 497 1187 556 Caesar
1237 508 1324 565 et,
1392 508 1682 572 quantum
1729 500 1954 557 aerario
2005 514 2106 559 aut
2183 522 2188 531 ¹

252 588 390 646 fisco
424 585 814 662 pendebant,
845 584 910 639 in
946 582 1424 660 quinquennium
1457 583 1702 642 remisit.
1800 584 2109 660 Magnetes

252 672 529 750 asssipylo
566 669 821 746 proximi
857 670 1073 726 damno
1110 687 1176 722 ac
1213 667 1473 724 remedio
1511 663 1719 727 habiti.
1806 668 2109 740 TemnioS‚

250 749 785 831 Philadelphenos,
872 749 1185 826 AegeataS,
1274 747 1804 828 ApollonidenseS‚
1886 756 2107 832 quique

250 841 518 910 Mosteni
547 853 648 898 aut
671 839 1029 901 Macedones
1053 835 1319 914 Hyrcani
1344 836 1660 907 vocantur,
1705 851 1764 896 et
1787 837 2108 898 Hierocae-

251 941 502 997 saream‚
558 924 889 1002 Myrinam,
947 921 1205 1000 Cymen,
1260 920 1574 992 Tmolum,
1627 923 1814 980 levari
1846 927 2006 982 idem
2040 927 2105 982 in

248 1024 482 1090 tempus
506 1010 744 1070 tributis
769 1007 1041 1084 mittique
1066 1028 1135 1063 ex
1163 1018 1369 1064 senatu
1403 1007 1649 1082 placuit,
1692 1014 1796 1085 qui
1829 1031 2108 1085 praesen-

247 1098 337 1156 ti‘a'
377 1107 658 1173 spectaret
699 1094 1121 1169 refoveretque.
1239 1092 1497 1149 delectus
1552 1103 1638 1149 est
1665 1091 1770 1153 ⁴M.
1817 1091 2027 1153 Aletus
2077 1117 2108 1151 e

246 1182 589 1259 praetoriiS,
633 1200 708 1235 ne
746 1179 1043 1234 consulari
1082 1178 1386 1234 obtinente
1413 1173 1619 1233 Asiam
1652 1181 1967 1241 aemulatio
2008 1181 2106 1236 in-

245 1279 339 1326 ter
359 1287 529 1344 pares
555 1277 610 1322 et
636 1285 703 1320 ex
717 1265 800 1319 ‘eo
829 1264 1321 1339 impedimentum
1345 1263 1615 1324 oriretur.
1637 1307 1640 1310 .

260 191 381 263 1⁶12

1212 1453 1259 1481 sa
1296 1444 1400 1480 sunt
1439 1436 1602 1495 oppida
1646 1438 1845 1482 eiusdem
1886 1438 2108 1498 regionis;

301 1441 569 1496 asperrima
602 1439 651 1480 in
686 1437 962 1483 Sardianos.
1022 1437 1140 1481 Vide

1211 1494 1657 1553 comprehenduntur
1716 1497 1798 1538 sub
1859 1496 2106 1540 formulam

247 1499 389 1567 epigr:
412 1499 456 1541 in
476 1495 671 1540 Brunck.
692 1495 823 1539 Anal.
847 1505 877 1540 t.
895 1497 946 1545 2,
980 1511 1022 1553 p.
1045 1497 1139 1538 157.

244 1556 317 1599 De
349 1555 557 1599 Sardium
603 1555 713 1597 urbe
759 1553 816 1597 cf.
863 1554 1028 1598 Strabo
1074 1554 1142 1606 13,

242 1613 408 1673 Ρ.430.
466 1612 585 1656 Plin.
611 1611 650 1662 5,
669 1612 742 1655 29.

303 1701 419 1741 lues.
481 1695 539 1741 cf.
572 1697 684 1740 Hist.
716 1697 758 1748 2,
791 1695 858 1740 15.
900 1696 1140 1738 immensa

242 1757 354 1800 belli
367 1758 484 1799 lues.

301 1847 528 1896 quantum
551 1838 742 1882 aerario
770 1847 856 1882 aut
872 1839 991 1896 fisco
1017 1853 1138 1893 pen-

241 1900 429 1941 debant.
485 1897 686 1954 intellige
699 1897 938 1939 Sardianos
958 1906 1000 1939 et
1021 1912 1139 1939 aera·

241 1955 312 2000 rio
347 1962 388 1997 et
418 1954 527 2020 fisco
554 1954 842 2013 pependisse,
874 1953 1136 2020 Caesarem-

243 2028 333 2072 que
368 2027 591 2054 remlslsse
627 2021 669 2054 et
705 2021 922 2069 quantuni
966 2027 1137 2054 aerario

242 2079 287 2116 et
310 2077 529 2128 quantum
561 2068 671 2111 fiseo
704 2070 966 2125 penderent.
1030 2068 1136 2111 Vid-

241 2136 338 2172 not.
372 2127 426 2170 de
458 2125 616 2185 partic.
637 2135 720 2168 aut
742 2126 796 2169 ad
825 2129 861 2175 1,
885 2126 927 2168 8.
963 2134 1006 2168 et
1029 2125 1136 2169 infr.

243 2185 299 2230 ad
320 2185 361 2234 3,
381 2183 451 2227 63.
476 2183 692 2226 Dianam
716 2191 799 2226 aut
821 2186 974 2238 Apoll.

298 2268 544 2323 Magnetes
585 2284 618 2310 a
653 2270 827 2324 Srpylo.
913 2268 972 2311 cf.
1015 2267 1133 2311 Plin.

241 2328 282 2378 5,
303 2326 345 2369 9.
395 2325 491 2368 Liv.
512 2324 580 2376 37,
603 2325 677 2368 44.
736 2325 918 2368 Diversa
944 2327 1135 2384 Magne-2

240 2384 305 2428 sia
351 2400 376 2427 a
415 2383 680 2426 Maeandro.
761 2382 818 2427 cf.
861 2384 1024 2425 Strabo
1067 2383 1135 2433 13,

239 2441 406 2502 Ρ.621.
437 2449 481 2483 et
502 2439 666 2484 Noster
689 2441 792 2484 infr.
818 2440 859 2492 3,
882 2442 952 2483 62.

298 2505 537 2558 Temnios.
612 2510 733 2555 Plin.
766 2513 805 2563 5,
838 2512 909 2555 30.
971 2511 1135 2556 Strabo

242 2569 320 2622 13,
355 2586 399 2629 p.
420 2569 521 2612 621.
715 2590 725 2596 ⁴

277 2640 695 2695 philadelphenos.
755 2638 916 2683 Strabo
949 2638 1017 2690 13,
1053 2639 1134 2682 sub

240 2699 318 2744 fin.
375 2699 626 2752 Aegeatas.
686 2695 807 2740 Plin.
830 2697 860 2740 l.
883 2696 916 2739 l.
970 2697 1134 2740 Strabo

297 2827 703 2882 Apollonidenses.
780 2825 944 2868 Strabo
974 2824 1056 2873 13,
1091 2842 1135 2882 p.

240 2885 339 2931 430.
400 2883 520 2927 Plin.
550 2883 591 2934 5,
623 2883 694 2926 30.
754 2882 849 2927 Cic.
881 2881 1032 2926 Flacc.
1062 2884 1134 2927 21.

239 2943 309 2986 29.
329 2941 398 2985 32.
443 2941 538 2985 Au.
565 2942 604 2992 5,
630 2941 698 2984 13.
722 2940 777 2983 ad
791 2940 952 2996 Quint.
980 2943 1017 2989 1,
1035 2940 1133 2991 23.

242 2999 476 3057 Scriptura
508 3008 572 3042 est
603 2999 656 3042 ab
688 2997 918 3041 Ernestio:
960 2998 1136 3056 priores

243 3057 345 3101 edd.
367 3056 470 3099 inde
499 3072 522 3099 a
546 3057 651 3098 Ber.
675 3056 1046 3111 Apollonienses.

298 3128 462 3183 quique
499 3125 707 3168 Mosteni
741 3133 824 3169 aut
858 3126 1135 3168 Macedones

239 3182 457 3240 Hyrcani
485 3191 728 3226 vocantur.
797 3184 872 3227 Sic
901 3183 1004 3227 cod.
1033 3183 1134 3226 MS.

242 3241 345 3286 essdd.
386 3240 597 3284 Beroald.
639 3239 840 3284 Rhenan.
872 3257 971 3298 sqq.
1040 3240 1133 3282 Re-

243 3299 468 3344 centiores
502 3305 650 3339 tamen
685 3298 878 3342 editores
916 3296 1029 3340 male
1062 3315 1133 3340 se-

243 3356 336 3400 duli
359 3363 411 3398 at
430 3354 502 3401 vel
528 3361 573 3395 et
601 3354 669 3396 vel
699 3363 836 3410 atque
868 3355 1136 3398 substituere

237 3430 327 3472 pro
343 3421 442 3466 aut,
461 3411 589 3455 cuius
604 3411 846 3470 particulae
861 3414 947 3455 vim
962 3429 1056 3454 non
1071 3430 1135 3455 sa-

242 3472 299 3514 tis
321 3469 570 3529 capiebant.
619 3467 678 3512 cf.
703 3476 796 3511 not.
822 3470 875 3511 ad
899 3473 937 3517 1,
961 3471 1004 3512 8.
1030 3470 1135 3511 Μο-

242 3530 368 3572 steni
385 3535 427 3572 et
449 3527 725 3571 Macedones
745 3525 955 3582 Hyrcani
983 3527 1132 3571 diver-

1213 1555 1377 1608 quique
1410 1561 1649 1596 vocantur.
1708 1553 1797 1597 Sed
1830 1553 1931 1611 quia
1956 1554 2106 1597 diver-

1211 1611 1273 1652 si:
1330 1609 1662 1667 distinguendi,
1722 1626 1818 1654 non
1860 1610 2104 1670 copulandi

1213 1674 1354 1710 erant.
1416 1666 1491 1709 Sic
1518 1667 1648 1724 paulo
1672 1678 1773 1711 ante
1805 1672 1993 1711 aerario
2021 1676 2106 1712 aut

1196 1725 1340 1780 fisco3
1397 1723 1505 1768 infr.
1543 1726 1594 1774 3,
1636 1726 1706 1770 63.
1757 1726 1972 1769 Dianam
2021 1734 2106 1768 out

1210 1783 1474 1837 Apollinem
1517 1785 1787 1826 venerandi.
1861 1783 2002 1841 Igitur
2032 1782 2103 1826 lo-

1212 1856 1290 1882 cus
1310 1840 1472 1895 quique
1484 1839 1691 1882 Mosteni
1709 1848 1794 1882 aut
1811 1841 1875 1883 M.
1897 1841 2110 1898 Hyrcani

1210 1913 1304 1939 voc.
1344 1895 1584 1954 significat:
1637 1897 1803 1956 quique
1848 1915 1953 1942 cum
1993 1899 2113 1942 Mo·-

1210 1955 1354 2003 steni‚
1416 1963 1511 1996 tum
1561 1955 1629 1998 M.
1674 1954 1815 2014 Hyrc.
1865 1964 2100 2000 vocantur.

1210 2011 1519 2054 Herrmannus
1543 2011 1596 2054 ad
1617 2011 1660 2055 h.
1687 2012 1715 2054 l.
1740 2012 1970 2072 distinguit
1996 2013 2103 2056 Mo-

1208 2077 1365 2110 stenos
1415 2068 1665 2124 Hyrcanos
1731 2077 1774 2111 et
1827 2071 2105 2115 Macedones

1207 2125 1459 2182 Hyrcanos
1493 2126 1822 2182 (Mostenisclee
1852 2132 1967 2170 oder
1992 2129 2103 2173 Ma-

1208 2184 1482 2226 cedonische
1503 2184 1754 2238 Hyrcaner
1778 2218 1788 2228 .
1845 2185 1951 2228 Erat
1983 2188 2103 2231 enim

1207 2240 1459 2284 secundum
1510 2241 1656 2283 strab.
1705 2244 1724 2285 1
1769 2276 1781 2294 ,
1832 2259 1876 2302 p.
1908 2243 2008 2286 432.
2046 2241 2104 2289 ’τὸ

1205 2296 1430 2356 ὑρκάνιον
1489 2298 1680 2355 πεδίον,
1742 2302 1937 2360 Περσῶν
1991 2302 2104 2347 ἔπο-

1208 2353 1518 2415 raptandum
1577 2359 1654 2399 καὶ
1707 2357 1922 2409 ἐποίκους
1981 2358 2103 2418 ἀγα-

1206 2413 1390 2473 γόιζτων
1416 2415 1611 2458 ἐκεῖθεν.
1670 2415 1738 2458 lbi
1772 2418 1903 2460 urbes
1924 2418 2100 2462 Moste-

1208 2489 1266 2516 na
1293 2481 1336 2515 et
1358 2472 1610 2530 Hyrcania,
1650 2489 1843 2531 quarum
1876 2474 2047 2519 incolas
2078 2493 2102 2520 a

1210 2546 1371 2587 campo
1423 2529 1639 2588 Hyrcano
1692 2538 1907 2589 utrosque
1957 2532 2101 2576 dictos

1206 2587 1444 2646 Hyrcanos
1464 2603 1559 2629 non
1582 2586 1776 2631 mireris.
1829 2588 1885 2632 cf.
1909 2597 1965 2632 et.
1981 2590 2100 2634 Plin.

1208 2646 1248 2694 5,
1270 2645 1342 2687 29.
1403 2643 1580 2687 Desunt
1602 2653 1754 2687 tamen
1780 2645 1940 2690 idonea
1964 2663 2099 2706 argu-

1207 2710 1383 2753 menta,
1422 2702 1521 2760 quis
1549 2701 1661 2744 baec
1695 2703 1993 2762 distinguendi
2027 2722 2100 2749 ra-

1207 2760 1272 2802 tio
1294 2760 1525 2817 probetur.
1587 2757 1796 2803 Ceterum
1822 2761 1867 2804 in
1889 2762 1960 2806 ed.
1978 2761 2099 2806 Rhe-

1207 2833 1314 2860 nan.
1357 2833 1497 2874 quum
1537 2816 1731 2860 venisset
1771 2819 1977 2861 Mosceni
2014 2835 2100 2877 pro

1205 2876 1428 2924 Mosteni,
1454 2875 1575 2918 idem
1595 2874 1756 2919 vitium
1780 2876 1826 2919 in
1851 2893 1975 2935 seqq.
2000 2879 2100 2922 edd.

1207 2941 1503 2991 propagatum
1534 2940 1625 2983 est,
1675 2933 1823 2976 donec
1855 2934 1941 2978 lac.
1973 2933 2098 2978 Gro-

1206 2991 1365 3033 novius
1401 2989 1557 3032 docuit
1600 2989 1649 3032 in
1691 2990 1792 3033 cod.
1821 2990 1921 3034 MS.
1954 2993 2018 3035 uti
2051 2993 2099 3036 in

1207 3048 1276 3090 ed.
1305 3047 1406 3090 Ber.
1449 3063 1542 3089 esse
1573 3047 1805 3096 Mosteni,
1854 3050 1973 3104 quod
2015 3067 2097 3092 vo-

1208 3103 1352 3148 luerat
1375 3103 1564 3162 Lipsius.
1610 3103 1693 3146 Ed.
1719 3105 1824 3147 Ald.
1850 3105 2068 3150 Mosteni.

1263 3188 1704 3230 Hierocaesaream.
1754 3187 1813 3231 cf.
1838 3188 1941 3233 infr.
1965 3189 2007 3239 3,
2028 3191 2099 3236 62.

1206 3246 1394 3289 Pausan.
1419 3245 1487 3287 El.
1519 3246 1556 3295 1,
1580 3244 1649 3286 27.

1262 3329 1511 3384 IWyrinam.
1574 3328 1692 3371 Plin.
1719 3328 1759 3381 5,
1780 3329 1850 3373 30.
1913 3330 2097 3389 Cymen,

1208 3387 1444 3430 Tmolum.
1489 3386 1607 3429 Plin.
1633 3388 1660 3429 l.
1685 3388 1712 3430 l.

1206 3472 1472 3572 57ηι1ιξιιηυε
1495 3485 1560 3513 ex
1579 3480 1749 3515 senatu
1777 3481 1860 3517 etc.
1918 3474 1978 3519 cf.
2005 3475 2096 3519 Dio
