2222 4030
671 207 1265 296 PRAEFATIO.
1740 250 1899 295 xxxt

38 363 167 425 Bat.
199 359 445 444 1586.)‚
486 374 545 422 et
570 360 798 425 Mureti
835 361 1143 436 ingenium
1165 361 1422 420 multum
1452 363 1676 439 profuit
1694 362 1898 443 Lipsio

38 451 101 507 in
126 449 511 507 emendandis
532 446 728 506 Taciti
751 447 943 508 libris.
1103 460 1105 462 ’

223 612 277 691 ᾖ.
299 610 406 672 26.
455 606 679 668 Editio
717 602 930 669 Curtii
964 602 1289 667 Pichenae.
1382 607 1615 669 Prodiit
1637 603 1901 671 Franco-

32 698 176 756 furti
204 698 362 772 apud
375 694 695 755 Claudium
707 695 1019 755 Marnium
1046 707 1103 754 et
1127 689 1411 751 haeredes
1428 693 1669 752 Ioannis
1680 693 1901 757 Aubrii

30 803 126 844 an.
155 781 338 843 1607.
362 779 424 843 4.
452 778 567 840 hoc
601 782 803 839 titulo:
863 774 935 839 C.
959 772 1243 838 Cornelii
1267 775 1331 837 T
1329 771 1483 837 c‘zciti
1525 799 1708 860 opera
1742 801 1901 863 quae

28 874 279 925 exstant
308 865 493 925 iuxta
525 866 868 925 veterrimos
891 861 1361 945 Manuscriptos
1386 860 1741 933 emendata,
1786 888 1899 926 no-

26 952 109 1010 tis
134 949 516 1011 auctioribus
557 949 884 1011 illustrata
913 969 1024 1033 per
1050 943 1337 1011 Curtium
1365 945 1704 1009 Pichenam
1740 971 1899 1011 sere·
1943 1010 1946 1012 ,
2013 1015 2018 1022 ,

26 1037 179 1096 m'SS.
207 1035 452 1116 Magni
468 1035 675 1098 Ducis
701 1035 1006 1096 Etruriae
1042 1057 1084 1094 a
1122 1033 1379 1094 secreti&
1421 1070 1502 1082 —-
1588 1035 1772 1096 Notas
1796 1035 1900 1095 Pi-
1979 1072 1982 1078 ·

26 1120 215 1182 chena
265 1125 385 1182 iam
433 1125 599 1201 prius
646 1125 892 1183 seorsim
937 1122 1203 1181 ediderat
1222 1175 1231 1181 ,
1247 1122 1509 1198 primum
1543 1119 1900 1206 Florentiae,

25 1221 154 1267 tum
178 1206 576 1267 Hannoverae
598 1230 694 1271 an.
728 1207 910 1270 1604.
945 1209 1005 1270 8.
1090 1206 1326 1266 Profuit
1354 1206 1566 1266 Tacito
1606 1228 1675 1266 eo
1709 1207 1899 1285 potis-

24 1294 267 1362 simum,
329 1295 491 1372 quod
529 1315 561 1351 e
596 1292 777 1354 MSS.
815 1293 1180 1354 Florentinis
1215 1293 1512 1351 veriorem
1543 1293 1898 1371 scripturam

21 1379 227 1437 multis
252 1379 399 1437 locis
424 1379 683 1438 restituit
722 1391 780 1437 et
816 1379 1022 1438 subtili
1060 1378 1301 1453 ingenio
1340 1379 1689 1440 aestimavit.
1732 1401 1734 1404 ·
1775 1370 1897 1438 Sed
1980 1439 2001 1457 -.

22 1464 205 1539 magis
232 1465 410 1523 etiam
433 1464 780 1543 profuisset,
820 1464 869 1522 si
903 1465 1233 1523 accuratius
1269 1463 1621 1540 scripturam
1642 1462 1898 1522 Floren-

20 1550 208 1608 tinam
231 1551 583 1611 adnotasset.
668 1549 823 1608 Nam
849 1570 1054 1627 saepe,
1089 1549 1234 1610 ,licet
1269 1549 1559 1626 scriptura
1589 1561 1732 1609 tunc
1761 1552 1898 1609 vul-

18 1647 151 1711 gata
177 1657 211 1693 a
237 1637 407 1697 codd.
434 1633 596 1697 Flor.
622 1637 951 1706 aberraret,
994 1635 1221 1693 variam
1254 1635 1607 1712 scripturam
1642 1636 1896 1712 prodere

17 1720 303 1796 neglexit,
364 1722 504 1799 quia
543 1722 608 1779 in
643 1721 840 1778 verbis
890 1720 1146 1795 vulgatis
1195 1720 1319 1796 ipse
1365 1741 1490 1778 non
1537 1720 1899 1783 offendebat.

17 1804 298 1865 Ceterum
321 1803 583 1866 Pichena
609 1808 886 1865 utebatur
913 1806 1090 1865 etiam
1112 1804 1448 1866 ed.Veneta
1478 1806 1553 1864 de
1586 1826 1683 1868 an.
1709 1803 1896 1867 1497.

21 1890 214 1968 Ipsius
237 1892 420 1950 editio
435 1892 682 1969 repetita
709 1904 794 1950 est
809 1889 1088 1950 Genevae
1105 1892 1264 1967 apud
1278 1889 1524 1949 Petrum
1551 1891 1626 1948 de
1649 1892 1707 1949 la
1722 1890 1896 1952 Rou-

17 1976 138 2035 iere
175 1975 357 2039 1609.
399 1976 459 2039 8.

187 2140 243 2220 ἓ.
268 2139 371 2203 27.
424 2136 650 2199 Editio
686 2137 846 2200 Iani
883 2134 1155 2200 Gruteri.
1243 2138 1479 2199 Prodiit
1516 2138 1894 2199 Francofurti

14 2248 48 2285 e
69 2227 317 2302 collegio
341 2223 736 2286 Paltheniano
761 2227 1097 2304 sumptibus
1122 2223 1303 2283 Ionae
1319 2222 1549 2284 Rhodii
1579 2246 1676 2288 an.
1709 2226 1895 2289 1607.

14 2312 76 2376 8.
192 2310 488 2372 Gruterus
523 2313 589 2370 in
628 2309 739 2370 hac
778 2314 1040 2371 editione
1079 2311 1307 2389 primus
1342 2310 1602 2370 instituit
1642 2332 1775 2370 eam
1814 2312 1892 2369 li-

11 2399 260 2456 brorum
312 2399 684 2473 singulorum
736 2399 801 2455 in
849 2398 1037 2475 capita
1089 2396 1478 2468 divisionem,
1544 2418 1662 2475 qua
1709 2393 1891 2456 hodie

13 2484 269 2555 utimur,
310 2484 661 2563 addiditque
685 2484 944 2542 indicem
978 2503 1181 2542 rerum
1206 2493 1264 2541 et
1290 2483 1722 2541 vocabulorum
1759 2483 1891 2560 ple-

15 2569 268 2632 niorem.
353 2567 687 2628 Posteriore
722 2570 865 2627 libri
903 2581 1070 2646 parte
1101 2568 1510 2627 continentur:
1551 2564 1745 2629 Andr.
1778 2564 1892 2626 Al-

14 2655 155 2713 ciati
184 2655 625 2714 annotationes:
666 2654 834 2714 Beati
864 2651 1149 2714 Rhenani
1186 2654 1621 2728 castigationes:
1665 2649 1889 2732 Aemy-

8 2727 82 2796 lii
121 2736 371 2799 Ferretti
416 2739 463 2802 Ῑ.
499 2740 567 2802 C.
604 2741 1151 2798 annotatiunculae:
1213 2737 1303 2799 M.
1346 2738 1650 2796 Vertranii
1682 2737 1889 2797 Mauri

17 2820 64 2884 l.
100 2821 169 2885 C.
206 2839 380 2884 notae
426 2825 808 2901 (Vertranius
839 2847 870 2883 e
906 2827 1141 2883 duobus
1179 2822 1360 2884 MSS.
1397 2822 1622 2885 Vaticc.
1666 2824 1886 2882 auxilia

14 2905 277 2986 habuit):
323 2908 522 2967 Fulvii
550 2909 752 2968 Ursini
796 2922 997 2967 notae:
1042 2907 1318 2966 Marcelli
1343 2906 1568 2967 Donati
1594 2909 1888 2968 dilucida-

11 2994 229 3054 tiones:
278 2993 575 3053 Francisci
602 2994 797 3052 Modii
840 2994 1236 3071 novantiquae
1278 2994 1557 3053 lectiones
1597 2996 1673 3053 ad
1707 2994 1888 3054 Taci-

11 3092 138 3137 tum
178 3078 372 3155 (epist.
399 3079 532 3141 XV.
571 3078 714 3137 lano
755 3079 1042 3139 Lernutio
1084 3091 1144 3138 et
1179 3078 1423 3156 epistola
1462 3076 1680 3141 XCIX.
1721 3078 1884 3139 Iusto

10 3163 271 3243 Lipsio):
330 3163 515 3223 Iasiae
552 3163 801 3222 Merceri
850 3168 920 3223 ad
958 3163 1307 3224 Cornelium
1335 3163 1612 3223 Tacitum
1656 3165 1886 3243 aliquot

14 3263 213 3307 notae:
285 3249 474 3308 Curtii
514 3247 808 3308 Pit-honae
849 3263 1044 3310 notae:
1110 3245 1527 3326 Christophori
1566 3248 1766 3309 Coleri
1807 3253 1884 3309 ad

9 3334 349 3395 C.Cornelii
369 3335 559 3394 Taciti
590 3337 802 3412 scripta
829 3336 1220 3413 spicilegium:
1267 3333 1395 3393 Iani
1428 3334 1671 3394 Gruteri
1696 3332 1883 3395 Sche-

11 3421 250 3481 diasma.
278 3459 356 3469 —
418 3421 711 3479 Gruterus
743 3425 1090 3499 plerumque
1117 3421 1384 3498 sequitur
1410 3433 1662 3492 textum,
1704 3443 1882 3499 quem

11 3508 241 3569 dicunt„
289 3508 497 3580 Lipsii:
545 3510 833 3563 nonnulla
872 3507 1203 3564 emendavit
1245 3528 1274 3560 e
1312 3503 1601 3564 ‚Dicin-,nae
1644 3519 1878 3564 senten·

1162 3585 1278 3646 3*
