2222 4030
346 179 471 241 340
1018 174 1528 249 ANNALIUM
1682 231 1685 233 ,
1893 177 2108 258 2φᾶξὲ

512 309 583 374 L.
641 306 870 364 Verum
919 327 952 364 e
989 308 1238 364 ducibus
1284 303 1461 361 Dinis
1503 318 1812 382 provectus
1859 325 2087 370 senecta
2138 324 2197 371 et

346 399 523 469 longo
578 414 691 450 usu
747 392 872 448 vim
921 403 1094 469 atque
1148 390 1517 447 clementiam
1567 389 1903 451 Romanam
1956 393 2197 457 edoctus

344 480 620 559 ponenda
651 497 841 547 arma,
891 497 1080 534 unum
1114 474 1362 530 adflictis
1397 475 1461 531 id
1498 478 1825 535 remedium
1860 480 2197 554 disserebat,

344 567 686 643 primusque
726 582 787 619 se
829 583 964 619 cum
1006 559 1252 631 coniuge
1291 570 1348 616 et
1394 560 1597 616 liberis
1647 563 1860 620 victori
1902 567 2195 640 permisit:

346 650 529 707 secuti
579 659 763 705 aetate
815 659 916 703 aut
956 665 1095 700 sexu
1137 643 1418 700 imbecilli
1463 658 1518 703 et
1560 645 1774 722 quibus
1811 650 2003 708 maior
2042 651 2198 709 vitae

344 755 522 813 quam
573 732 791 807 gloriae
847 729 1079 804 cupido,
1193 724 1275 785 At
1334 729 1607 786 iuventus
1652 731 1899 790 Tarsam
1944 735 2100 792 inter
2140 747 2198 794 et

343 819 622 878 Turesim
647 812 1095 874 distrahebatur.
1180 813 1417 889 utrique
1450 815 1807 874 destinatum
1843 840 1978 876 cum
2014 821 2199 877 liber-

343 917 460 964 tate
497 903 786 961 occidere:
832 900 932 955 sed
962 896 1147 966 Tarsa
1171 917 1491 972 properum
1511 900 1719 971 finem,
1763 903 2196 979 abrumpendas

342 990 560 1066 pariter
593 1007 720 1064 spes
754 1004 819 1040 ac
846 994 1037 1038 metus
1063 981 1368 1038 clamitans
1395 984 1558 1040 dedit
1585 987 1915 1062 exemplum
1943 990 2194 1048 demisso

341 1077 405 1132 in
442 1086 643 1151 pectus
677 1073 854 1128 ferm.
949 1087 1057 1123 nec
1095 1067 1330 1123 defuere
1368 1068 1472 1143 qui
1507 1070 1712 1126 eodem
1746 1074 1923 1129 modo
1957 1086 2198 1149 oppete-

339 1173 490 1220 rent.
576 1154 817 1213 Turesis
866 1172 972 1209 sua
1009 1172 1143 1208 cum
1181 1158 1383 1208 manu'
1403 1165 1638 1210 noctem
1684 1158 1990 1231 opperitur
2034 1155 2195 1217 haud

338 1245 534 1302 nescio
574 1243 720 1298 duce
758 1250 980 1296 nostro,
1078 1236 1259 1310 igitur
1299 1237 1558 1294 firmatae
1591 1242 1866 1298 stationes
1904 1244 2195 1300 densiori-

337 1332 450 1388 bus
477 1326 682 1402 globis,
747 1334 803 1380 et
823 1322 1136 1396 ingruebat
1163 1341 1279 1378 nox
1302 1322 1507 1380 nimbo
1535 1336 1720 1394 atrOX‚
1748 1322 2048 1405 hostisque
2075 1330 2195 1386 cla-

337 1434 502 1471 more
527 1410 786 1479 turbido,
805 1409 986 1464 modo
1011 1427 1118 1482 per
1138 1418 1369 1464 vastum
1395 1408 1696 1467 silentium
1721 1411 1974 1469 incertos
1996 1415 2195 1470 obses-

336 1517 494 1556 sores
531 1497 825 1563 effecerat,
868 1513 1003 1550 cum
1032 1491 1291 1550 Sabinus
1325 1493 1663 1565 circumire,
1706 1492 1961 1569 hortari,
2004 1519 2080 1554 ne
2116 1500 2192 1556 ad

332 1583 607 1657 ambigua
656 1580 883 1637 sonitus
931 1588 1032 1635 aut
1079 1578 1518 1634 simulationem
1561 1581 1775 1656 quietis
1807 1603 2005 1640 casum
2042 1572 2194 1640 insi-

333 1669 634 1726 diantibus
682 1664 1008 1740 aperirent,
1060 1663 1162 1718 sed
1203 1682 1307 1720 sua
1355 1663 1603 1741 quisque
1644 1667 1850 1724 munia
1892 1681 2193 1728 servarent

331 1753 564 1816 immoti
585 1751 831 1827 telisque
855 1768 979 1805 non
1004 1748 1070 1804 in
1098 1748 1313 1805 falsum
1339 1748 1520 1809 iactiS.

498 1849 601 1912 LI.
670 1849 902 1908 Interea
943 1846 1185 1905 barbari
1223 1847 1468 1903 catervis
1514 1849 1886 1906 decurrentes
1918 1870 2078 1908 nunc
2125 1855 2191 1908 in

328 1939 554 1996 vallum
590 1935 889 1993 manualia
934 1954 1096 2001 saxa,
1137 1944 1439 2007 praeustas
1484 1934 1685 2004 sudeS‚
1737 1936 1931 1993 decisa
1972 1938 2191 1994 robora

329 2025 542 2081 iacere:
587 2042 748 2078 nunc
773 2019 1045 2093 virgultis
1082 2029 1138 2074 et
1164 2017 1420 2075 cratibus
1446 2029 1501 2074 et
1527 2020 1873 2094 corporibus
1907 2021 2191 2079 exanimis

330 2109 622 2183 complere
660 2107 869 2163 fossas:
914 2103 1158 2181 quidam
1192 2114 1401 2178 pontes
1438 2114 1494 2159 et
1530 2104 1711 2160 scalas
1747 2117 1883 2161 ante
1920 2106 2190 2164 fabricati

330 2193 546 2249 inferre
583 2189 1040 2266 propugnaculis
1077 2209 1259 2265 eaque
1293 2208 1603 2263 prensare,
1647 2185 1950 2247 detrahere
1988 2203 2043 2249 et
2083 2192 2191 2247 ad-

329 2297 531 2336 versus
565 2276 887 2332 resistentis
932 2274 1200 2330 cominus
1233 2273 1371 2329 niti:
1427 2273 1596 2331 miles
1634 2285 1841 2332 contra
1876 2276 2190 2334 deturbare

331 2364 493 2433 telis,
535 2361 754 2438 pellere
782 2358 1176 2427 umbonibus,
1217 2358 1469 2423 muralia
1508 2359 1654 2434 pila,
1699 2373 1996 2434 congestas
2036 2362 2188 2438 lapi-

331 2449 476 2505 dum
501 2446 687 2502 moles
723 2443 1089 2519 provolvere.
1174 2437 1270 2498 his
1300 2454 1499 2516 partae
1533 2443 1813 2502 victoriae
1846 2465 1975 2520 spes
2009 2447 2188 2518 et,-si

330 2535 568 2601 cedant,
607 2528 944 2603 insignitius
980 2525 1300 2601 flagitium,
1343 2526 1463 2602 illis
1496 2538 1750 2584 extrema
1786 2529 1904 2585 iam
1938 2531 2093 2587 salus
2130 2543 2188 2589 et

329 2618 671 2678 adsistentes
715 2614 1010 2690 plerisque
1054 2623 1270 2669 matres
1316 2623 1372 2668 et
1418 2611 1694 2686 coniuges
1740 2633 2057 2692 earumque
2099 2615 2187 2672 la-

328 2714 526 2761 menta
563 2701 794 2758 addunt
824 2698 1073 2758 animos,
1158 2717 1276 2753 nox
1309 2695 1442 2754 aliis
1468 2695 1532 2753 in
1563 2698 1901 2770 audaciam,
1946 2700 2077 2758 aliis
2108 2703 2185 2760 ad

329 2933 459 2977 cessit
477 2931 723 2980 discordia,
746 2932 930 2973 malum
950 2937 1219 2972 extremum
1290 2931 1431 2971 litum
1460 2931 1809 2982 protegentibus
1830 2933 2054 2978 saucium.
2120 2932 2182 2978 cf.

329 2991 526 3037 turbatis
557 2991 706 3033 rebus.
766 2987 1064 3030 Germanice:
1111 2988 1221 3029 Una
1291 2995 1387 3030 not.
1419 2986 1473 3029 ad
1498 2988 1537 3037 5,
1564 2989 1630 3030 10.

329 3055 468 3090 anter
514 3048 821 3090 star-misenen
863 3045 1220 3087 Verhdlemtesen
1350 3045 1464 3089 CAP.
1487 3043 1557 3087 51.
1617 3044 1829 3088 catervis.
1891 3045 1946 3089 H.
1974 3063 2010 3089 e.
2043 3055 2181 3092 σείει·-
2219 3085 2222 3092 ,

328 3109 415 3148 das
447 3107 723 3147 schlimmste
762 3104 925 3154 (sehet,
965 3103 1040 3145 die
1064 3101 1213 3144 Zwie-
1290 3101 1442 3145 vatim.
1521 3100 1597 3143 Sic
1628 3100 1737 3144 Hist.
1773 3100 1823 3152 3,
1853 3102 1924 3146 29.
1967 3105 2182 3149 nituntur·

328 3163 482 3205 tractat
504 3161 616 3204 lu'zm
642 3162 805 3204 hinzu.
1289 3160 1460 3202 cuneis.
1532 3158 1589 3202 cf.
1615 3158 1770 3202 Matth.
1797 3157 1878 3202 Gr.
1906 3159 1986 3202 Gr.
2023 3161 2049 3216 §
2076 3162 2177 3206 404.

1290 3215 1561 3259 Ramshorn.
1587 3214 1667 3258 Gr.
1700 3215 1725 3270 ξ
1749 3215 1845 3260 139.
1869 3217 1923 3259 ab
1946 3218 2043 3261 init.
2214 3213 2222 3220 ³

387 3271 498 3318 CM).
521 3272 590 3317 50.
652 3273 1075 3330 telzleque...iactis.
1128 3271 1220 3315 Ab·
1343 3274 1710 3327 propugnaculis.
1777 3273 2106 3318 Freinshemius
2136 3285 2179 3321 et

330 3332 450 3378 lativi
473 3332 661 3375 absoluti
684 3346 821 3389 aeque
842 3330 1040 3388 pendent
1071 3345 1095 3373 e
1124 3345 1220 3371 ver·
1289 3329 1524 3372 Ernestius
1577 3337 1738 3429 negant
1786 3339 1932 3374 turres
1977 3332 2176 3392 intelligi.

326 3390 387 3432 bo
429 3395 669 3432 servarent
714 3404 768 3430 ac
818 3385 1082 3431 vocabulum
1136 3387 1220 3428 im·
1289 3385 1378 3428 Sed
1400 3385 1459 3429 ef.
1481 3394 1574 3429 not.
1598 3401 1621 3428 a
1677 3403 1715 3430 c.
1737 3387 1807 3430 49.
1863 3388 1971 3436 Mox
1985 3404 2177 3443 prensa-

327 3448 456 3489 moti.
517 3445 684 3489 Similis
710 3444 836 3487 locus
861 3452 924 3486 est
944 3443 1048 3486 infr.
1079 3443 1120 3495 6,
1145 3442 1216 3487 35.
1289 3442 1547 3487 repit-,hena
1565 3459 1659 3500 sqq.
1685 3460 1732 3486 ex
1756 3460 1836 3487 usu
1848 3443 2008 3491 Taciti.
2052 3447 2177 3491 Prio-

319 3506 568 3559 praelacus
588 3517 702 3560 equo
723 3508 767 3544 et
776 3502 1051 3559 firmissimis
1071 3503 1218 3545 satel-
1289 3516 1358 3545 res
1379 3498 1479 3544 edd.
1500 3503 1804 3554 prehensam.
