2222 4030
1798 208 1852 244 A.
1871 209 1921 245 U.
1940 210 2019 246 767.

1797 255 1847 289 A.
1865 253 1912 289 C.
1956 254 2017 293 u.

243 157 338 293 16*
908 203 1426 293 ANNALtUM

234 337 412 400 blicis
479 333 827 394 muneribus
894 356 1198 414 usurpare.
1318 336 1438 396 Sed
1501 337 1778 397 defuncto
1831 338 2101 418 Augusto

234 427 475 501 signum
502 421 814 499 praetoriis
851 417 1196 481 cohortibus
1233 434 1303 480 ut
1336 422 1656 499 imperator
1694 425 1958 485 dederat:
2005 448 2106 485 ex-

235 510 482 578 cubiae,
536 527 732 578 armas,
786 517 975 565 cetera
1012 509 1208 565 aulae:
1258 507 1429 563 miles
1458 508 1522 564 in
1551 505 1783 579 forum,
1832 513 2002 569 miles
2040 513 2105 569 in

235 594 465 676 curiam
534 584 942 653 comitabatur.
1068 594 1295 650 litteras
1353 592 1428 649 ad
1485 594 1768 651 exercitus
1823 606 2106 674 tanquam

235 680 450 755 adepto
486 676 822 755 principatu
862 675 1060 746 misit,
1118 696 1413 752 nusquam
1453 680 1932 751 cunctabundUS‚
1990 682 2107 737 nisi

238 785 375 824 cum
414 763 480 820 in
518 774 727 819 senatu
762 762 1125 838 loqueretur.
1209 758 1399 818 Causa
1426 764 1747 838 ‘praecipua
1787 786 1855 822 ex
1896 765 2108 823 formi-

238 851 413 920 dine,
457 867 532 905 ne
561 844 982 916 Germanicu8‚
1025 846 1090 902 in
1122 844 1291 902 cuius
1319 866 1502 903 manu
1541 859 1630 904 tot
1659 842 1946 922 legioneS‚
1990 852 2104 907 im·
2168 859 2170 861 ’

235 953 443 993 mensa
496 931 793 989 sociorum
844 932 1093 1001 auxilia,
1163 931 1350 987 mirus
1386 933 1545 1006 apud.
1584 936 1873 1008 populum
1920 938 2108 1005 favor,

234 1017 455 1079 habere
482 1017 799 1094 imperium
830 1037 1007 1092 quam
1038 1026 1366 1091 exspectare
1404 1017 1624 1076 mallet.
1713 1017 1908 1076 Dabat
1935 1033 1989 1077 et
2018 1023 2109 1078 fa-

166 1124 171 1134 ·
234 1125 402 1176 mac,
440 1114 511 1160 ut
544 1113 786 1159 vocatus
812 1102 1145 1176 electusque
1172 1100 1367 1175 potius
1394 1120 1427 1157 a
1453 1121 1516 1157 re
1547 1102 1783 1175 publica
1808 1105 2109 1162 videretur

237 1210 417 1270 quam
470 1207 578 1264 per
631 1186 907 1242 uxorium
962 1185 1255 1241 ambitum
1310 1196 1368 1241 et
1420 1187 1595 1241 senili
1638 1189 1955 1264 adoptione
2010 1190 2109 1246 in·-

234 1275 501 1352 repsisse.
583 1269 794 1328 Postea
825 1270 1126 1343 cognitum
1166 1281 1252 1327 est
1288 1271 1364 1327 ad
1404 1269 1895 1347 introspiciendas
1933 1277 2109 1332 etiam

186 1383 188 1386 ’
235 1377 552 1438 procerum
577 1356 910 1412 voluntates
939 1355 1241 1411 inductam
1274 1356 1724 1418 dubitationem.
1806 1381 1944 1416 nam
1974 1381 2110 1418 ver..

235 1448 312 1505 ba
331 1492 348 1517 ,
391 1444 591 1501 vultus
618 1441 681 1497 in
708 1440 932 1497 crimen
960 1442 1315 1519 detorquens
1343 1443 1717 1502 recondebat.

236 1650 408 1682 munus
440 1634 570 1685 dicit,
603 1633 815 1691 quoniam
850 1632 965 1677 haud
1003 1633 1137 1678 dubie

234 1704 439 1739 senatum
493 1707 748 1736 convocare
790 1691 1020 1748 publicum
1071 1700 1138 1734 est

233 1769 400 1797 munus
445 1765 592 1807 neque
635 1749 811 1806 privati.

232 1819 359 1856 stum
396 1807 458 1864 (h.
487 1825 525 1850 e.
554 1807 719 1874 procul
755 1807 808 1849 ab
849 1807 972 1849 omni
999 1807 1136 1865 impe-

233 1869 289 1913 rii
333 1866 610 1922 adrogantla)
647 1863 756 1906 illud
794 1863 993 1906 edictum
1043 1881 1135 1906 non

233 1933 410 1987 poterat
460 1939 555 1965 non
597 1921 767 1967 videri:
822 1921 971 1978 prodit
1015 1921 1136 1964 enirn

233 1983 438 2029 anim'um
477 1987 626 2022 morte
673 1979 866 2036 parentis
911 1979 969 2020 ita
1013 1979 1136 2022 adfli-

233 2049 360 2087 ctum
409 2045 452 2081 et
497 2039 551 2081 ab
597 2036 844 2092 imperandi
893 2036 1133 2094 cupiditate

203 2119 207 2122 ’
234 2106 488 2147 remotum,
520 2103 568 2137 ut
585 2092 763 2151 publica
790 2109 977 2136 munera
1006 2093 1136 2150 plane

231 2155 484 2200 omissurus
516 2149 739 2199 videatur,
780 2151 825 2192 ni
865 2159 1041 2192 senatus
1082 2152 1137 2193 de

230 2212 485 2257 honoribus
513 2208 708 2268 parentis
744 2207 1046 2251 consulendus
1074 2224 1137 2250 es·

230 2278 314 2315 set.
361 2297 420 2305 —-
491 2267 613 2310 Inter
658 2273 825 2308 veteres
874 2265 1137 2322 interpretes

181 2330 184 2335 ’
236 2326 566 2385 disceptabatur
618 2322 671 2365 de
724 2337 940 2376 corpore,
1012 2322 1136 2422 «quod

234 2386 425 2429 Maurus
471 2391 514 2425 et
546 2379 879 2424 Freinshemius
922 2381 1026 2423 intel
1050 2381 1136 2438 ige.-

232 2444 342 2487 bant
359 2441 412 2484 de
431 2441 494 2484 rei
516 2437 720 2507 publicae
741 2438 811 2480 vel
837 2447 1013 2480 senatus
1036 2454 1133 2480 cor-

234 2516 371 2561 pore,
403 2514 526 2556 quasi
555 2495 763 2539 Tiberius
797 2495 963 2538 diceret
991 2510 1135 2537 unum

232 2575 280 2602 se
344 2565 603 2601 senatorum
674 2569 782 2610 esse.
878 2551 1137 2595 Ernestius:

230 2631 356 2674 „ego
396 2627 506 2659 vero
542 2612 606 2654 sic
636 2610 864 2667 intelligo:
906 2625 1051 2666 neque
1090 2625 1136 2651 se

233 2674 536 2717 discessurum
564 2669 617 2712 ab
643 2667 726 2712 hac
752 2684 839 2710 una
872 2683 944 2718 re,
977 2667 1030 2708 de
1066 2666 1135 2708 fu-

231 2746 342 2774 nere
373 2727 591 2785 Augusti3
643 2725 731 2770 hoc
766 2740 932 2775 unum,
973 2739 1135 2780 nempe

232 2789 473 2832 consulere
507 2791 732 2828 senatum
768 2786 826 2824 de
861 2797 920 2823 ea
958 2796 1033 2829 re,
1090 2797 1136 2823 se

235 2846 291 2890 de
325 2843 516 2902 publicis
555 2841 818 2884 muneribus
862 2837 1134 2897 usurpare.”

231 2901 410 2961 Lipsius
447 2916 604 2942 verum
640 2897 815 2943 viderat
844 2896 897 2939 de
924 2910 1136 2949 εον-ρονες

231 2960 373 3007 verba
413 2959 549 3012 idque
587 2971 736 2997 unum
775 2955 884 2997 falso
915 2953 1136 2996 referebat

234 3018 289 3061 ad
314 3014 366 3059 τὸ
393 3029 542 3070 neque
565 3015 804 3054 abscedere
825 3015 857 3052 ὰ
882 3029 918 3056 c.
961 3011 1134 3053 Freins-
1160 3056 1167 3066 s

172 3115 174 3117 ,
233 3075 408 3120 hernius
432 3087 594 3115 vocem
625 3069 678 3111 de
703 3070 892 3127 publicis
932 3069 1134 3111 muneri-

233 3134 319 3177 bus
351 3131 517 3173 rectius
542 3127 813 3183 intelligebat
841 3126 894 3169 de
923 3126 1009 3168 hoc
1035 3126 1133 3184 ipso

237 3190 408 3239 edicto,
440 3185 561 3245 quod
586 3185 958 3244 praeponebatur.
1004 3182 1136 3241 Opti·

236 3263 311 3290 me
345 3247 399 3289 cle
435 3245 539 3287 loco
573 3241 759 3284 meritus
803 3250 866 3283 est
904 3241 1133 3284 Wolfius.

236 3302 492 3361 Schuppius
519 3300 656 3346 verba
685 3297 917 3354 coniungit
947 3299 1029 3341 ita:
1077 3302 1136 3339 de
1173 3344 1176 3347 ¹

236 3361 488 3406 honoribus
542 3357 755 3412 parentis
811 3359 1137 3397 consulturum

237 3430 386 3474 neque
418 3418 662 3458 obscedere
694 3430 724 3456 α
748 3426 958 3466 corpore,
1001 3416 1138 3469 idque

239 3485 324 3520 etc.
345 3483 394 3518 ut
415 3471 633 3517 sententia
649 3471 726 3514 sit:
757 3487 826 3520 se,
863 3478 910 3511 ut
932 3471 985 3512 de
1005 3470 1152 3527 patris»

238 3532 487 3580 honoribus
525 3529 689 3575 referat
725 3528 793 3572 vel
835 3535 885 3572 ut
918 3528 1138 3579 consulat,

879 1752 1135 1803 permode-
1148 1790 1159 1802 .

1210 1633 1360 1692 quales
1395 1634 1509 1693 patri
1547 1634 1742 1678 honores
1781 1635 1868 1678 sint
1903 1635 2107 1688 habendi,

1209 1708 1303 1734 non
1333 1693 1570 1735 abscedere
1602 1710 1625 1735 a
1661 1709 1876 1751 corpore,
1919 1694 1947 1737 i.
1983 1710 2020 1737 e.
2062 1711 2109 1737 se

1207 1749 1319 1792 illud
1356 1750 1402 1791 in
1444 1752 1600 1793 urbem
1638 1750 1921 1793 inferendum
1969 1753 2109 1794 comi·

1209 1807 1315 1858 tari,
1354 1815 1438 1849 etc.
1510 1807 1581 1849 De
1614 1823 1698 1849 usu
1737 1808 2004 1865 copularum
2031 1824 2107 1850 ne-

1209 1879 1295 1920 que
1324 1892 1383 1899 —
1413 1872 1457 1906 et
1516 1874 1731 1922 provocat
1787 1864 1841 1908 ad
1893 1866 2109 1909 Broederi

1210 1938 1400 1980 gramm.
1433 1922 1533 1964 mai.
1571 1925 1613 1976 §.
1646 1922 1744 1964 654.
1807 1921 1894 1965 Sed
1929 1937 1978 1965 se
2011 1937 2108 1965 non

1209 1981 1452 2021 abscedere
1500 1996 1532 2021 a
1575 1994 1764 2034 corpore
1812 1978 1929 2021 haud
1974 1980 2108 2024 dubie

1208 2036 1308 2094 plus
1362 2037 1467 2078 dicit
1514 2045 1646 2092 atque
1693 2037 1836 2087 aliud,
1890 2054 2025 2096 quam
2073 2037 2108 2080 si

1209 2094 1473 2151 simpliciter
1497 2094 1765 2151 scripsisset,
1800 2111 1844 2136 se
1871 2111 2038 2152 corpus
2062 2096 2109 2138 in

1210 2152 1366 2193 u‘rhem
1392 2152 1596 2194 comitari
1615 2182 1626 2198 ‚
1669 2160 1709 2193 et
1737 2161 1974 2210 propterea
2002 2169 2109 2195 con-

1209 2209 1438 2265 sequentia
1483 2209 1820 2260 membrorum,
1866 2226 2000 2268 quam
2036 2209 2110 2253 ille

1209 2265 1359 2323 fingit,
1387 2267 1577 2310 absurda
1608 2266 1788 2310 videtur
1813 2283 1920 2310 esse.

1266 2324 1449 2377 signum
1469 2325 1718 2376 praetoriis
1744 2326 2002 2367 cohortibus
2023 2333 2108 2367 etc.

1208 2379 1282 2423 Ad
1318 2390 1463 2423 totum
1499 2381 1620 2424 hunc
1654 2381 1805 2424 locum
1843 2382 1901 2426 cf.
1927 2382 2015 2425 Dio
2042 2382 2110 2434 57,

1207 2439 1236 2481 2
1257 2453 1356 2496 sqq.
1420 2439 1490 2481 De
1521 2439 1646 2496 signo
1686 2441 1917 2495 praetoriis
1950 2439 2109 2482 eohor-

1208 2496 1326 2538 tibus
1362 2497 1463 2539 dato
1503 2496 1561 2539 cf.
1601 2495 1722 2538 Suet.
1754 2496 1848 2543 Cal.
1882 2513 1921 2540 c.
1950 2497 2021 2540 58.
2054 2497 2110 2539 de

1209 2553 1402 2596 excubiis
1446 2555 1532 2596 An.
1572 2553 1637 2604 13,
1677 2553 1743 2595 18.
1807 2555 1918 2598 Hist.
1956 2555 2000 2604 2,
2037 2555 2108 2598 44.

1209 2607 1249 2662 4,
1282 2613 1347 2652 11.
1373 2611 1441 2654 58.
1502 2611 1592 2653 An.
1621 2613 1683 2659 1⁶2,
1710 2612 1780 2656 69.

1266 2669 1449 2710 litteras
1474 2673 1538 2709 ad
1561 2669 1808 2713 exercitus.
1868 2671 1958 2714 Dio
1985 2672 2013 2714 l.
2039 2671 2068 2714 l.

1265 2739 1409 2766 causa
1447 2726 1699 2778 praecipua
1739 2743 1802 2769 ex
1835 2729 2108 2783 formidine.

1206 2782 1297 2824 Dio
1326 2781 1393 2832 57,
1422 2781 1463 2825 3.
1520 2782 1642 2824 Suet.
1666 2782 1766 2827 Tib.
1800 2783 1839 2829 c.
1865 2786 1934 2828 25.

1264 2847 1331 2881 tot
1355 2840 1573 2894 legiones.
1635 2840 1692 2883 ef.
1723 2859 1844 2900 supr.
1883 2859 1922 2887 c.
1946 2843 1988 2886 3.

1265 2905 1554 2950 exspectare.
1649 2897 1763 2942 Edd.
1815 2908 1916 2944 vett.
1961 2916 2109 2956 expe-

1206 2963 1348 2997 ctare.

1263 3013 1409 3054 dabat
1431 3021 1475 3055 et
1486 3013 1672 3067 famae.
1730 3013 1823 3055 Dio
1850 3013 1879 3056 l.
1904 3014 1934 3057 l.

1257 3085 1345 3121 ,oet-
1368 3071 1604 3120 Διιαῐονίαηῑ
1638 3073 1882 3114 ambitum.

1209 3127 1269 3170 cit
1295 3126 1347 3168 ad
1375 3127 1530 3169 matris
1556 3137 1669 3169 artes
1701 3144 1739 3171 c.
1769 3127 1810 3170 3.

1266 3185 1505 3226 inductam
1543 3186 1896 3230 dubitationem.
1969 3187 2002 3230 l.
2032 3188 2105 3231 Fr.

1210 3239 1469 3284 Gronovius
1507 3242 1722 3285 coniecit:
1766 3243 2013 3293 indutam,
2059 3254 2109 3288 ut

1207 3295 1312 3342 infr.
1337 3298 1377 3348 6,
1403 3297 1472 3339 42.
1512 3300 1575 3347 15,
1598 3299 1667 3342 69.
1715 3300 1812 3342 Liv.
1845 3305 1879 3352 1,
1905 3301 1974 3344 56.
2031 3302 2107 3344 Se-

1211 3372 1307 3398 nec.
1337 3355 1389 3396 de
1417 3355 1559 3399 henes.
1593 3358 1633 3407 2,
1657 3357 1698 3400 Ξ.
1763 3357 1999 3416 Vulgatarn
2033 3360 2106 3401 ‹le-

1208 3411 1352 3454 rendit
1382 3412 1611 3456 Ernestius
1643 3423 1684 3456 et
1718 3414 1958 3457 inductam
1994 3418 2109 3459 acei-

1209 3470 1274 3529 pit
1295 3485 1378 3526 pro
1406 3472 1681 3513 adhibitam.
1743 3470 1835 3516 Cic.
1896 3489 1946 3516 ro
1965 3473 2106 3518 Cloel.

1209 3543 1249 3574 c.
1278 3528 1345 3571 11.
1378 3527 1532 3570 oracio
1554 3528 1759 3573 inducta.
1905 3529 1982 3574 olf.
2005 3546 2108 3576 cum

1953 3071 2108 3131 Respi-
