2222 4030
235 196 359 253 vm
736 168 738 170 ’
856 184 1458 251 ΡΒΑΕῈΑΤΙΟ.

239 333 510 379 nostrum
559 319 737 376 fuisse
789 317 980 377 filium
1033 319 1207 376 illum
1257 316 1525 377 Cornelii
1568 317 1792 391 Taciti,
1827 309 1932 380 'de
1975 346 2093 403 quo

236 406 470 464 Plinius
505 404 790 480 loquitur.
884 400 967 463 At
1002 404 1134 481 quis
1167 423 1436 480 unquam
1473 405 1588 460 sibi
1618 408 1996 480 persuadebit
2028 431 2096 467 ex

235 502 502 549 monstro
543 490 648 546 illo
683 489 854 564 pueri
887 490 1146 565 potuisse
1181 489 1312 546 fieri
1351 489 1627 547 Tacitum
1663 495 1972 549 nostrum?

412 574 463 652 ξ.
504 573 566 634 4.
628 569 733 631 De
765 572 980 653 patria
1013 569 1242 631 Taciti.
1343 572 1766 632 Interamnates
1816 574 2100 655 (munici-

238 661 407 736 pium
441 671 527 716 est
564 657 880 729 Umbriae,
933 656 1114 716 hodie
1149 654 1379 738 Terni)
1427 671 1494 716 ut
1537 660 1725 716 civem
1763 681 1934 719 suum
1985 663 2101 720 sibi

241 745 519 803 Tacitum
545 745 852 802 vindicant
876 745 1310 820 imaginemque
1340 745 1464 802 eius
1489 746 1811 803 ostendunt
1846 747 1911 803 in
1934 744 2102 823 Apo-

238 830 446 888 stolico
484 830 732 906 palatio:
801 842 1051 887 statuam
1089 849 1324 906 quoque
1361 831 1417 886 ei
1450 850 1701 906 posuere
1740 852 1837 891 an.
1868 853 1926 908 p.
1957 829 2103 893 Chr.

243 912 428 975 1514.
511 914 634 972 Nec
659 916 869 990 procul
904 915 1123 990 oppido
1161 915 1380 971 tumuli
1414 916 1561 972 olim
1596 918 1929 988 exstabant,
1972 918 2103 995 quis

240 1000 436 1058 Taciti
482 1001 763 1078 reliquias
802 1002 919 1074 tegi
959 1002 1115 1056 fama
1154 1000 1396 1057 ferebat.
1511 998 1806 1058 Tumulos
1844 1003 2107 1060 turbavit

238 1085 585 1162 disiecitque
638 1083 859 1142 Hector
903 1084 1263 1152 Simonetta,
1347 1082 1487 1159 quia
1522 1082 1766 1142 Tacitus
1817 1087 1890 1142 de
1927 1088 2105 1144 sacris

237 1167 718 1230 Christianorum
753 1171 906 1227 male
944 1171 1178 1226 locutus
1206 1169 1322 1224 tale
1359 1169 1499 1246 quid
1543 1171 1827 1227 meruisse
1862 1172 2108 1229 videba-

237 1268 352 1314 tur.
416 1313 418 1317 ,
455 1257 527 1316 cf.
562 1255 859 1314 Francisc.
897 1251 1199 1328 Angeloni
1238 1251 1393 1313 Hist.
1435 1254 1500 1310 di
1532 1252 1735 1311 Terni.
1764 1276 1825 1331 p.
1860 1254 1946 1314 42
1983 1277 2108 1334 sqq.

204 1400 206 1403 ,
237 1340 548 1399 Hanckius
585 1344 658 1398 de
689 1341 912 1416 scriptt.
932 1338 1115 1398 Rom.
1154 1337 1243 1407 II,
1284 1359 1344 1414 p.
1367 1338 1516 1400 270.
1599 1336 1770 1398 Nihil
1809 1353 2008 1398 tamen
2045 1342 2111 1398 in
2186 1335 2190 1339 ⁴

240 1425 437 1484 Taciti
474 1428 644 1484 libris
692 1438 794 1483 aut
837 1426 970 1482 aliis
1013 1436 1279 1481 veterum
1325 1425 1682 1499 scriptorum
1726 1427 2111 1486 monimentis

239 1525 532 1588 superest,
575 1529 692 1590 quo
719 1508 863 1568 haec
889 1511 1076 1584 gloria
1101 1511 1370 1566 firmetur
1394 1507 1915 1572 Interamnatihus.

413 1598 464 1675 ἓ.
494 1593 556 1659 5.
611 1592 717 1653 De
754 1592 1169 1653 adolescentia
1215 1601 1269 1651 et
1307 1589 1534 1651 studiis
1573 1591 1805 1653 Taciti.
1889 1596 2115 1655 Adole-

106 1680 145 1758 3
241 1684 524 1740 scentiam
561 1682 845 1755 transegit
882 1681 1125 1750 studiis,
1169 1680 1302 1758 quis
1331 1681 1620 1739 excoleret
1649 1682 1914 1739 animum
1941 1694 2116 1761 atque

238 1779 690 1845 praepararetur
723 1769 798 1823 ad
835 1786 928 1822 res
966 1767 1034 1822 in
1070 1767 1200 1830 foro
1242 1765 1593 1842 iudiciisque
1631 1769 1883 1840 agendas
1909 1781 1967 1825 et
1989 1789 2118 1825 ma·-

240 1855 514 1926 gistratus
552 1853 955 1928 capessendos,
1043 1851 1114 1910 cf.
1153 1848 1309 1909 Dial.
1349 1851 1421 1906 de
1454 1847 1697 1912 Orator.
1731 1871 1778 1911 c.
1810 1852 1872 1911 2.
1917 1849 1993 1913 V
1982 1872 2117 1909 ene-

243 1946 385 1996 runt
424 1933 517 1995 ad
551 1957 680 1994 eum
712 1932 811 1995 M
835 1932 1000 2013 Aper
1026 1942 1079 1991 et
1100 1931 1316 1992 Iulius
1341 1930 1690 2002 SecundaS,
1736 1932 2115 1993 celeberrima

241 2032 367 2082 tum
428 2021 680 2100 ingenia
727 2020 873 2103 fori
920 2019 1144 2087 nostri,
1218 2038 1371 2099 quos
1420 2038 1530 2096 ego
1580 2018 1647 2076 in
1697 2016 1946 2078 iudiciis
1995 2042 2119 2079 non

243 2119 526 2190 utrosque
565 2103 746 2165 modo
776 2102 1058 2165 ‘studiose
1095 2101 1458 2171 audiebam,
1526 2101 1640 2162 sed
1675 2101 1847 2163 domi
1886 2127 2121 2188 quoque

244 2204 297 2253 et
328 2195 393 2252 in
420 2190 664 2272 publico
699 2188 1071 2252 adsectabar
1107 2189 1271 2247 mira
1310 2186 1658 2248 studiorum
1697 2189 2028 2273 cupiditate
2069 2199 2120 2250 et

243 2276 514 2362 quodam
555 2273 776 2336 ardore
820 2273 1079 2335 iuvenili
1119 2289 1226 2336 etc.
1325 2275 1712 2351 Praecipuam
1755 2280 2122 2356 eloquentiae

244 2368 484 2424 laudem
520 2365 765 2423 rettulit.
863 2363 1018 2420 Nam
1058 2361 1218 2421 Plin.
1256 2382 1389 2437 epp.
1426 2360 1503 2430 II,
1535 2363 1588 2423 1.
1629 2364 1859 2421 scribit:
1915 2361 2122 2421 Huius

247 2450 367 2510 viri
440 2450 714 2525 Verginii
753 2447 925 2527 Rufi)
978 2445 1302 2528 exsequiae
1351 2468 1652 2524 magnum
1701 2457 2122 2507 ornamentum

239 2534 542 2619 principi,
611 2554 911 2611 magnam
958 2530 1238 2599 saecula,
1306 2553 1605 2609 magnam
1657 2532 1841 2590 etiam
1924 2555 2029 2592 oro
2073 2543 2126 2591 et

247 2619 465 2680 rostris
499 2615 859 2695 attulerunt.
957 2612 1301 2675 Laudatus
1344 2626 1429 2674 est
1470 2639 1513 2674 a
1559 2616 1803 2676 consule
1839 2615 2128 2677 Cornelio

210 2705 487 2765 ·Tacit0.
595 2700 772 2764 Nam
812 2699 913 2761 hic
952 2721 1272 2782 supremus
1308 2700 1648 2782 felicitatis
1683 2703 1812 2763 eius
1850 2703 2129 2764 cumulus

249 2791 531 2860 accessit,
578 2785 877 2848 laudator
907 2785 1460 2868 eloquentissimus.

424 2875 526 2936 An
553 2876 871 2934 castrensia
895 2874 1190 2949 stipendia
1213 2874 1446 2944 fecerit,
1489 2874 1589 2930 vix
1626 2875 1891 2932 dubitari
1923 2887 2132 2950 potest,

252 2982 595 3043 quanquam
633 2957 793 3017 nihil
830 2962 904 3018 de
945 2956 1041 3016 his
1075 2961 1232 3016 fama
1268 2958 1422 3017 tulit.
1524 2956 1717 3017 Credo
1754 2961 1876 3017 acri
1907 2961 2135 3018 littera-

204 3063 207 3065 ’
253 3071 390 3108 rum
434 3048 629 3107 studio
679 3047 992 3122 abreptum
1031 3045 1210 3102 rebus
1257 3044 1619 3100 militaribus
1653 3064 1866 3118 parum
1904 3046 2133 3103 dedisse

255 3155 505 3211 operae,
548 3152 659 3190 nec
683 3132 903 3190 frustra
931 3130 1129 3204 ipsum
1156 3125 1319 3188 Ann.
1344 3126 1483 3198 XII,
1518 3128 1611 3187 12.
1643 3130 1969 3205 scripsisse:
2015 3130 2133 3187 mi-

257 3209 476 3278 litares
525 3223 692 3276 artes
740 3234 847 3294 per
901 3211 1092 3271 otium
1151 3210 1432 3289 ignotae,
1516 3208 1971 3295 industriosque
2025 3223 2134 3275 aut

262 3305 521 3383 ignavos
570 3318 706 3384 pax
747 3300 812 3358 in
855 3318 1048 3379 aequo
1086 3305 1257 3356 tenet.

443 3389 493 3467 ᾗ.
516 3389 575 3449 6.
618 3383 722 3444 De
750 3383 878 3443 eius
907 3381 1322 3441 matrimonio.
1393 3377 1573 3440 Anno
1601 3384 1732 3444 urb.
1753 3383 1897 3444 830.
1920 3405 1978 3460 p.
1995 3381 2138 3445 Chr.

276 3476 378 3545 77.
413 3474 647 3539 iuvenis
667 3492 912 3535 uxorem
936 3471 1102 3534 duxit
1126 3470 1306 3531 filiam
1331 3463 1661 3548 Agricolae.
1730 3471 1799 3534 cf.
1824 3468 1965 3533 Tac.
1995 3465 2139 3549 Agr.
