2222 4030
1827 227 1880 266 A.
1898 216 2059 268 U.‘76⁷.'

1826 275 1878 308 A.
1898 274 1943 310 C.
1989 276 2046 310 14.

280 232 388 292 60³
437 296 445 305 .
946 227 1462 291 ANNALIUM

281 374 338 420 et
358 362 546 439 siqua·
565 359 680 415 alia
704 378 776 415 ex
797 361 1133 436 'necessitate
1159 371 1260 417 aut
1286 362 1565 417 adversus
1591 358 2133 424 otium-castrorum

281 456 663 525 quaeruntur.
707 438 1125 502 AtrOcissimus
1143 457 1559 504 veteranorum
1581 447 1801 501 clamor
1818 450 2132 523 oriebatur,

279 534 385 608 qui
424 531 647 588 tricena
684 541 784 587 aut
821 551 996 606 supra
1030 532 1321 606 stipendia
1352 541 1757 599 numeranteS,
1799 527 2131 594 mederetur

277 617 472 686 fessiS‚
524 636 642 672 neu
663 627 916 672 mortem
941 618 1005 671 in
1031 617 1241 671 iisdem
1275 616 1608 686 laboribus,
1663 617 1766 671 sed
1798 617 1977 674 finem
2011 632 2148 678 tam‘

277 702 559 759 exercitae
580 701 826 757 militiae
841 747 857 770 ‚
885 722 1075 777 neque
1100 702 1340 775 inopem
1365 702 1633 778 requiem
1653 702 1920 762 orabant.
1965 705 2129 762 fuere

276 787 486 857 etiam,
503 787 613 864 qui
637 786 886 860 legatam
908 806 942 842 a
965 787 1102 842 divo
1118 780 1384 858 Augusto
1408 787 1719 862 pecuniam
1742 803 2131 863 reposcerent,

273 872 479 937 faustis
502 872 567 929 in
582 870 1005 929 Germanicum
1031 870 1356 928 ominibus:
1401 883 1484 942 et,
1527 873 1578 928 si
1600 872 1776 929 vellet
1797 865 2129 949 imperium,

331 1038 636 1090 quaeruntur.
698 1029 776 1075 Sic
798 1032 1012 1088 quaesita
1035 1043 1162 1085 aspe-

271 1091 391 1135 ritas
412 1090 454 1140 5',
475 1088 518 1133 3.
549 1091 761 1145 quaesita
793 1090 988 1131 comitas
1023 1089 1063 1138 6,
1089 1089 1160 1129 50.

273 1148 388 1192 Hist.
407 1148 454 1197 ¹4,
477 1148 549 1190 49.
583 1149 841 1203 quaesitum
865 1147 955 1188 sibi
985 1147 1163 1188 crimen

270 1208 551 1262 caedemque
592 1204 987 1259 (beabsiclzcigen).
1072 1201 1163 1245 Ce-

270 1273 420 1307 terum
444 1268 739 1319 quaeruntur
772 1261 953 1304 nonnisi
989 1276 1164 1306 eonve-

265 1321 334 1364 nit
353 1321 479 1364 alteri
501 1320 732 1374 membro,
769 1321 996 1360 adversus
1017 1319 1162 1360 otium

267 1385 560 1427 castrorum,·
612 1375 667 1419 ad
713 1376 836 1433 prius
888 1376 1162 1426 membrum,

186 1443 187 1456 ¹
266 1437 312 1480 si
331 1452 374 1492 q.
400 1450 448 1478 a.
475 1449 538 1476 ex
560 1436 832 1476 necessitate
856 1432 904 1482 ἐξ
925 1429 1161 1490 ἀναλόγου

264 1495 459 1539 verbum
481 1500 545 1534 est
566 1490 920 1547 intelligendum.
998 1489 1158 1533 Simile

267 1562 453 1608 zeugma
492 1557 556 1592 est
591 1547 698 1591 infr.
736 1549 777 1598 2,
809 1549 882 1590 20.
915 1548 1134 1604 permisit
1145 1562 1160 1598 ,·

265 1609 319 1660 2,
342 1607 414 1651 58.
455 1607 504 1649 id
540 1609 734 1654 datum,
783 1605 1026 1663 multisque
1062 1605 1158 1649 aliis

264 1665 393 1709 locis.
452 1664 639 1706 Frustra
661 1664 866 1706 Heinsius
895 1664 1015 1707 coni.
1041 1676 1157 1719 que—

264 1731 462 1767 runtur:
506 1722 650 1764 immo
678 1721 839 1772 vmale,
898 1735 1158 1779 quanquam

262 1780 334 1824 ed.
349 1778 559 1823 Beroald.
588 1778 649 1822 ita
670 1778 827 1831 habet,
855 1779 1030 1836 vulgari
1055 1793 1161 1822 con-

259 1839 454 1883 fusione.

262 1948 264 1953 ¹
319 1957 616 1998 mederetur.
634 1983 646 1996 .
665 1983 675 1994 .
693 1983 705 1995 .
740 1952 956 1995 orabant.
1016 1949 1159 1993 Muti-

261 2015 404 2059 latum
426 2011 661 2060 Heinsius,
695 2008 906 2052 ’vitiosum'
925 2007 1156 2051 Ernestius

262 2073 418 2123 locum
443 2069 617 2126 arguit,
659 2067 824 2126 quippe
852 2066 1015 2124 quibus
1041 2081 1152 2111 ver-

259 2131 374 2174 bum
418 2129 619 2170 orabant
652 2141 747 2168 non
785 2125 888 2167 satis
921 2123 1152 2170 videretur

261 2185 508 2233 convenire
542 2184 773 2226 membrm
818 2196 909 2224 neu
947 2189 1151 2223 mortem

260 2246 294 2288 i.
321 2245 350 2287 i.
375 2245 410 2287 l.
470 2242 527 2284 Et
551 2241 740 2284 Ern'est.>
765 2239 948 2297 quidem
982 2246 1148 2286 censet,

257 2311 336 2347 aut
357 2300 595 2359 legendum
617 2312 709 2340 neu
731 2304 1049 2345 morerentur,
1074 2302 1152 2338 aut

255 2359 514 2405 addendum
547 2358 749 2411 obirent,
804 2363 882 2398 aut
917 2368 1011 2397 non
1044 2369 1151 2396 mu-

257 2417 447 2462 tandum
470 2416 519 2458 in
542 2428 705 2470 neque.
766 2411 982 2456 Wolfius
1004 2410 1151 2470 vulga-

258 2483 352 2520 tam
373 2481 423 2517 ut
449 2471 726 2516 tolerabilem
762 2478 950 2514 excusat.
1022 2469 1151 2512 Alius

258 2533 333 2578 vir
378 2532 540 2575 doctus
581 2529 632 2572 in
665 2527 858 2572 Seebod.
895 2527 1004 2570 bibl.
1045 2526 1148 2571 crit.

259 2589 392 2634 1826.
421 2604 493 2631 nr.
519 2587 562 2630 9.
593 2601 640 2645 p.
667 2586 768 2630 969.
792 2585 854 2628 ita
883 2585 994 2628 hae'c
1027 2583 1151 2628 aeci-

257 2649 349 2708 pit:
387 2645 624 2694 orabant,
656 2646 740 2701 (ut)
766 2645 1028 2685 mederetur
1038 2641 1152 2697 fes-

259 2708 350 2760 sis,
407 2718 500 2747 neu
539 2702 603 2758 (b.
637 2719 676 2746 e.
716 2717 826 2750 nec,
880 2709 931 2743 ut
969 2699 1151 2756 passim)

258 2769 459 2806 mortem
506 2761 554 2803 in
602 2761 764 2804 iisdem
810 2758 1052 2800 laboribus
1093 2779 1151 2790 —-·

257 2834 403 2876 neque
441 2820 624 2873 inopem
660 2817 869 2872 requiem
915 2816 1150 2870 (orantes).

255 2878 566 2921 Herrmannus
579 2875 806 2919 emendat:
825 2887 921 2916 neu
933 2905 942 2915 .
957 2903 969 2915 .
982 2903 993 2916 .
1007 2904 1019 2916 .
1035 2886 1152 2914 neve

258 2939 444 2989 inopem
468 2948 565 2976 r.0.
602 2931 692 2975 Sed
705 2931 912 2975 Tacitum
930 2946 1025 2973 non
1050 2929 1152 2973 satis

257 2998 505 3042 noverant,
532 2991 607 3048 qui
628 2990 701 3033 hic
721 2989 967 3049 quidquam
993 3003 1152 3030 emen-

261 3049 461 3094 dandum
498 3064 589 3091 esse
628 3056 878 3091 censerent.
951 3046 1153 3088 Verbum

259 3110 397 3151 orare
428 3104 596 3147 Nostro
631 3105 820 3161 ponitur
855 3119 962 3148 cum
997 3102 1152 3146 infini-

258 3166 377 3212 tivo.
401 3163 472 3206 cf.
498 3162 601 3204 infr.
629 3162 670 3210 6,
693 3163 734 3204 2.
759 3162 1020 3216 principem
1040 3175 1153 3203 ora-

262 3225 343 3266 bat
366 3220 566 3273 deligere
590 3227 827 3262 senatores
851 3228 935 3262 etc.
985 3216 1052 3269 13,
1081 3217 1151 3260 13.

263 3280 552 3332 orabantque
609 3291 773 3319 cavere
823 3277 1015 3319 insidias
1066 3285 1150 3319 etc.

262 3338 360 3380 Iam
395 3335 498 3378 satis
532 3333 663 3377 etiam
700 3334 806 3378 viris
842 3334 989 3377 doctis
1015 3333 1148 3376 inno·

263 3394 404 3437 tuisse*
423 3407 578 3451 spero,
620 3390 835 3434 sexcentis
861 3391 970 3434 loeis
995 3390 1154 3435 Tacito

266 3449 414 3494 omitti
461 3451 654 3495 verbum
697 3448 1040 3492 substantivum.
1093 3449 1153 3492 cf.

269 3509 359 3552 An.
394 3506 460 3555 13,
494 3505 564 3549 13.
606 3506 702 3549 Sed
725 3506 986 3559 Agrippina
1014 3507 1155 3549 liber-

272 3574 372 3609 tam
405 3566 673 3614 aemulam,
727 3576 898 3605 nurum
931 3565 1156 3607 ancillam

1234 1029 1476 1085 (sc-‘esse),
1503 1029 1734 1085 fremere.
1789 1030 1835 1074 3.
1863 1032 1933 1076 46.
1960 1034 2126 1087 imbel-⁴

1233 1089 1303 1130 les
1323 1090 1512 1130 Aeduos
1545 1088 1749 1130 evincite.
1813 1089 1917 1132 Vid.
1940 1090 2002 1132 ib.
2025 1100 2122 1135 not.

1233 1144 1374 1190 Plane
1403 1145 1468 1188 sic
1500 1153 1657 1187 nostro
1694 1145 1822 1188 loco:
1863 1150 2129 1195 mederetur-1

1221 1201 1393 1258 fessis,
1435 1216 1528 1245 neu
1561 1211 1762 1245 mortem
1785 1203 1835 1244 in
1859 1205 2026 1246 iisdem·
2045 1207 2125 1246 la-

1236 1261 1417 1302 boribus
1436 1292 1449 1316 ,
1485 1263 1568 1303 sed
1586 1260 1738 1315 finem
1763 1268 1866 1302 tam
1888 1262 2125 1304 exercitae

1234 1318 1457 1369 militiae,
1511 1332 1658 1373 neque
1698 1319 1883 1372 inopem
1920 1322 2125 1375 requiem

1237 1375 1321 1429 (sc.
1347 1379 1459 1430 esse)
1487 1378 1714 1424 orabant,
1745 1375 1789 1418 h.
1817 1392 1854 1418 e.
1883 1393 1971 1418 neu
1998 1393 2123 1419 mors

1231 1433 1279 1474 in
1303 1432 1332 1474 i.
1360 1433 1390 1475 l.
1407 1466 1419 1484 ,
1451 1432 1528 1475 sed
1551 1432 1583 1475 f.
1608 1441 1639 1475 t.
1669 1449 1708 1474 e.
1734 1449 1794 1475 m.
1823 1450 1968 1489 neque
1993 1434 2122 1492 inops

1231 1490 1405 1548 requies
1446 1497 1582 1541 esset,
1623 1490 1824 1532 orabant.
1883 1491 2124 1534 structura

1230 1555 1296 1590 est
1343 1562 1516 1605 graeca.
1590 1547 1669 1597 cf„
1693 1545 1786 1589 Dio
1833 1547 1903 1596 55,
1948 1549 1992 1590 9.
2045 1550 2124 1592 καὶ

1227 1602 1571 1675 π’ροςςπηύξατο
1597 1604 1863 1675 (Augustus)
1885 1607 2124 1665 μηδεμίαν

1228 1677 1447 1722 τοιαυτηνι
1478 1665 1651 1722 καιρῶν
1685 1663 1893 1720 ἀναγκην
1915 1697 1926 1707 .
1951 1696 1962 1707 .
1992 1694 2004 1705 .
2039 1679 2122 1724 γε·

1229 1722 1417 1766 νέσθαι.
1498 1719 1710 1764 Ceterum
1747 1737 1931 1779 zeugma
1970 1729 2013 1764 et
2047 1723 2123 1766 hie

1233 1791 1465 1837 agnosces.
1545 1778 1661 1821 Nam
1702 1776 1890 1821 verbum
1924 1793 2021 1822 esse
2063 1778 2119 1823 ad

1217 1837 1375 1894 finem
1402 1845 1444 1879 et
1478 1836 1664 1892 inopem
1697 1838 1902 1892 requiem
1936 1843 1988 1879 ut
2019 1847 2121 1895 apte

1230 1894 1438 1950 ponitur,
1478 1895 1538 1937 ita
1563 1893 1618 1936 ad
1646 1901 1846 1935 mortem
1879 1894 1928 1936 in
1957 1894 2121 1937 iisdem

1228 1952 1462 1994 laboribus
1475 1952 1522 2003 ἐξ
1543 1947 1779 2008 ἀναλόγου
1802 1951 2019 2010 intelliges
2041 1967 2121 1995 ac-

1228 2011 1377 2051 cidere
1423 2010 1498 2054 vel
1545 2009 1690 2052 simile
1748 2009 1869 2065 quid.
1954 2009 2117 2052 Kiessl.

1224 2075 1327 2123 post
1357 2079 1452 2109 neu
1485 2074 1689 2108 mortem
1722 2065 1929 2124 intelligit
1961 2069 2115 2110 daret.

1277 2169 1485 2223 legatam
1506 2183 1553 2210 a.
1578 2169 1625 2210 d.
1650 2167 1710 2210 A.
1728 2182 1777 2223 p.
1809 2166 1868 2211 cf.
1893 2184 1934 2213 c.
1957 2168 2001 2211 8.

1265 2269 1449 2325 faustis
1471 2270 1520 2311 in
1549 2266 1708 2311 Germ.
1737 2267 1979 2312 ominibus.
2039 2268 2116 2314 Sic

1222 2327 1327 2371 eod.
1351 2325 1457 2368 MS.
1484 2325 1584 2369 edd.
1611 2325 1852 2376 Beroald.,
1890 2325 2034 2369 Rhen.
2073 2335 2117 2370 et

1222 2400 1325 2443 sqq.
1366 2383 1542 2440 Lipsius
1557 2385 1749 2426 malebat
1763 2385 2032 2427 nominibus
2056 2385 2114 2427 ob

1221 2443 1376 2513 lo'cum
1400 2440 1542 2510 pion.
1562 2441 1630 2493 57,
1651 2441 1692 2484 5.
1713 2438 1806 2510 'zor
1828 2440 2118 2500 Γερμανικὸν

1222 2499 2118 2613 232005351222’05„fgiffl‘gtnffi.¹2012ss

1226 2614 1360 2659 Ovid.
1397 2614 1586 2657 Metam.
1628 2615 1696 2663 12,
1720 2614 1820 2657 218.
1866 2614 1989 2658 Suet.
2018 2614 2111 2659 Cal.

1221 2690 1262 2718 c.
1283 2670 1350 2716 13.
1393 2672 1528 2728 Apud
1543 2672 1667 2715 Suet.
1686 2673 1716 2717 l.
1734 2671 1764 2713 l.
1791 2680 1834 2714 et
1846 2671 1965 2728 Aug.
1983 2688 2022 2714 c.
2038 2672 2110 2714 57.

1223 2730 1378 2775 eadem
1423 2737 1488 2771 est
1531 2731 1830 2786 interpretum
1871 2729 2114 2782 dissensio;

1221 2803 1347 2831 nunc
1392 2785 1538 2829 editur
1587 2788 1829 2829 ominibus.
1883 2785 1938 2829 cf.
1977 2787 2112 2829 etiam

1221 2844 1454 2889 Drakenb.
1495 2844 1550 2887 ad
1584 2844 1684 2888 Liv.
1719 2842 1760 2892 5,
1791 2843 1863 2886 34.
1950 2843 2114 2886 Noster

1222 2903 1384 2947 similia
1407 2901 1539 2944 habet
1566 2901 1647 2944 inf.
1677 2901 1717 2951 5,
1741 2900 1785 2944 4.
1811 2901 2040 2957 festisque
2067 2903 2116 2943 in

1227 2963 1479 3005 Caesarem
1511 2959 1760 3009 ominibus3
1815 2958 1927 3001 Hist.
1963 2959 2005 3010 4,
2038 2958 2109 3001 49.

1225 3022 1352 3062 laeta
1363 3017 1528 3060 Pisoni
1548 3016 1731 3058 omina.
1777 3015 1993 3059 Wolfius
2015 3031 2110 3058 mo-

1225 3077 1351 3126 nuit,
1410 3075 1663 3131 „faustum
1704 3082 1747 3116 et
1786 3073 2025 3115 nominum
2068 3081 2112 3115 et

1226 3133 1435 3176 ominum
1480 3131 1706 3189 epitheton
1751 3146 1874 3182 esse3
1938 3126 2111 3187 ἄκυρον

1224 3206 1329 3233 vero
1356 3205 1525 3232 nomen
1551 3190 1597 3232 in
1621 3188 1839 3243 aliquem3
1872 3196 1914 3230 et
1939 3187 1988 3230 in
2007 3188 2113 3245 ipsis

1223 3247 1482 3291 nominibus
1511 3246 1678 3288 omina.
1693 3245 1720 3261 ’²
1778 3245 1839 3286 In
1861 3253 2011 3288 tamen
2039 3245 2113 3288 hic

1222 3304 1388 3363 pendet
1425 3320 1448 3346 e
1475 3304 1676 3359 faustis,
1742 3317 1839 3344 non
1881 3319 1932 3345 ex
1974 3302 2109 3346 altera

1224 3378 1361 3415 voce3
1390 3361 1555 3405 dieitur
1578 3377 1660 3419 pro
1687 3359 1855 3406 dative.

1282 3447 1325 3489 si
1339 3447 1476 3488 vellet
1495 3446 1755 3498 imperium.
1815 3443 1929 3485 Vell.
1947 3442 1989 3494 2,
2008 3442 2106 3486 125.

1226 3503 1485 3562 defuitque,
1528 3504 1610 3558 qui
1637 3509 1803 3544 contra
1829 3515 1931 3542 rem
1954 3501 2110 3554 publi-

1229 3577 1333 3606 cam
1351 3565 1561 3610 duceret,
1591 3574 1689 3602 non
1707 3560 1788 3614 qui
1804 3561 2068 3601 duceretur.
