2222 4030
1842 220 1898 255 Α.
1915 219 1968 255 υ.
1990 219 2060 258 774

1845 265 1897 314 A..
1919 262 1964 299 C.
2015 266 2075 298 22.

300 227 425 290 258
966 213 1487 282 ANNALIUM

302 369 360 413 et
384 351 663 429 cupidine
690 350 1036 409 mutationis
1065 353 1185 409 suis
1211 369 1446 427 quoque
1468 348 1746 424 periculis
1768 351 2161 414 laetabantur:

301 439 800 514 increpabantque
840 435 1179 506 Tiberium,
1243 435 1405 511 quod
1450 434 1517 490 in
1555 446 1718 494 tanto
1760 457 1960 494 rerum
1994 453 2164 499 motu

300 523 520 582 libellis
554 533 956 580 accusatorum
995 523 1316 578 insumeret
1345 540 1601 594 operam.
1628 555 1634 566 ι
1677 541 1766 598 ¹an
1805 520 2026 579 Iulium
2053 524 2164 583 Sa-

302 609 602 667 crovirum
641 607 957 665 maiestatis
1003 605 1249 662 crimine
1285 625 1455 661 reum
1495 605 1561 660 in
1596 617 1802 663 senatu
1834 608 1999 664 fore?
2063 629 2164 665 ex-

301 695 514 752 stitisse
536 693 775 751 tandem
796 693 985 760 virOS,
1029 690 1134 766 qui
1156 701 1429 753 cruentas
1469 690 1743 766 epistolas
1786 693 1964 748 armis
1996 689 2164 750 cohi-
2219 730 2222 741 .

300 783 528 838 berent.
613 779 889 836 miseram
924 793 1130 851 pacem
1163 775 1260 831 vel
1284 776 1441 831 bello
1467 776 1617 831 bene
1642 776 1876 837 mutari.
1965 776 2162 835 Tanto

303 863 626 941 impensius
651 864 719 920 in
747 861 1118 919 securitatem
1145 860 1534 934 compositUS‚
1576 881 1767 939 neque
1798 863 1932 919 loco
1971 883 2164 940 neque

300 951 474 1008 vultu
506 959 763 1018 mutam,
816 946 917 1002 sed
964 955 1032 1002 ut
1075 945 1317 1001 solitum
1346 965 1454 1020 per
1491 945 1627 1001 illos
1663 947 1786 1003 dies
1828 948 1972 1020 egit,
2027 949 2166 1005 alti-

302 1036 508 1094 tudine
547 1032 731 1092 animi
767 1050 843 1088 an
875 1041 1239 1107 compererat
1267 1030 1504 1087 modica
1540 1050 1660 1087 esse
1695 1044 1752 1088 et
1784 1032 2036 1106 vulgatis
2078 1035 2165 1090 le-

303 1121 491 1182 viora.

231 1212 234 1214 ’
376 1198 378 1200 μ
468 1200 654 1263 XLV.
740 1198 989 1260 Interim
1028 1199 1211 1260 Silius
1254 1222 1389 1259 cum
1426 1201 1758 1276 legionibus
1795 1201 2024 1259 duabus
2070 1203 2168 1259 in-

303 1291 512 1350 cedens
540 1289 857 1365 praemissa
880 1287 1154 1345 auxiliari
1186 1308 1370 1345 manu
1406 1299 1595 1345 vastat
1620 1286 2033 1364 Sequanorum
2061 1309 2169 1364 pa-

302 1397 430 1452 gOS,
489 1374 593 1451 qui
632 1374 844 1431 finium
878 1374 1121 1431 extremi
1159 1385 1216 1432 et
1250 1368 1477 1429 Aeduis
1514 1372 1868 1430 contermini
1905 1373 2167 1450 sociique
2213 1396 2216 1398 ’

296 1464 373 1517 in
436 1459 614 1517 armis
669 1471 853 1519 erant.
964 1456 1112 1516 Mox
1156 1454 1660 1533 Augustodunum
1713 1458 1860 1533 petit
1911 1478 2166 1534 propero

296 1547 561 1620 agmine,
616 1544 975 1602 certantibus
1015 1542 1171 1602 inter
1207 1564 1266 1600 se
1303 1543 1626 1617 signiferis,
1666 1544 1953 1601 fremente
1993 1543 2168 1599 etiam

303 1630 565 1706 gregario
597 1630 815 1700 milite,
856 1649 932 1686 ne
967 1641 1191 1687 suetam
1225 1629 1522 1706 requiem,
1565 1649 1641 1686 ne
1680 1630 1866 1705 spatia
1903 1629 2170 1686 noctium

304 1716 700 1792 opperiretur:
764 1716 1037 1773 viderent
1086 1715 1267 1771 modo
1318 1716 1592 1770 adversos
1637 1725 1693 1770 et
1741 1713 2166 1790 aspicerentur:

302 1803 366 1859 id
403 1802 542 1858 satis
575 1802 651 1858 ad
679 1800 1010 1860 victoriam.
1094 1798 1530 1857 Duodecimum
1567 1799 1725 1874 apud
1762 1800 2022 1875 lapidem
2060 1797 2170 1856 Sa·-

304 1887 499 1945 crovir
533 1884 851 1963 copiaeque
886 1886 1224 1962 patentibus
1256 1884 1402 1942 locis
1440 1905 1778 1960 apparuere.
1876 1885 1940 1940 in
1973 1885 2169 1941 fronte

304 1983 584 2030 statuerat
614 1973 890 2042 ferratOS,
931 1971 998 2027 in
1027 1971 1306 2041 cornibus
1338 1966 1663 2049 cohortesQ
1684 1991 1717 2026 a
1752 1982 1912 2044 tergo
1952 1989 2172 2027 semer-

304 2078 450 2118 mos,
539 2055 671 2133 Ipse
700 2057 856 2115 inter
877 2057 1167 2133 primores
1190 2076 1340 2134 equo
1365 2055 1585 2129 insigni
1607 2056 1799 2125 adire,
1842 2075 2170 2111 memorare

304 2154 526 2199 veteres
557 2141 872 2200 Gallorum
901 2142 1143 2216 gloriaS‚
1182 2162 1446 2219 quaeque
1471 2139 1763 2198 Romanis
1800 2140 2092 2197 adversa
2066 2160 2171 2195 ln-

306 2228 603 2284 tulissent:
653 2249 830 2303 quam
860 2229 1070 2284 decora
1093 2227 1419 2285 victoribus
1445 2227 1711 2284 libertas:
1757 2237 1978 2303 quanto
2013 2226 2173 2282 into-

307 2313 593 2369 lerantior
617 2313 868 2369 servitus
895 2313 1112 2370 iterum
1128 2312 1328 2372 victis,
2031 2320 2042 2331 ”

477 2393 693 2455 XLVI.
752 2395 890 2454 Non
918 2398 1024 2454 diu
1047 2393 1189 2454 haec
1214 2416 1321 2453 nec
1347 2397 1505 2472 apud
1535 2397 1745 2454 laetos:
1787 2394 2005 2453 etenim
2029 2415 2222 2494 pro-
2220 2408 2222 2422 ²

307 2483 636 2559 pinquabat
657 2481 960 2555 legionum
985 2482 1156 2551 acieS,
1193 2482 1601 2558 inconditique
1627 2502 1692 2538 ac
1716 2482 1964 2538 militiae
1990 2481 2174 2537 nescii
2215 2439 2222 2539 i

293 2567 594 2644 oppidani
628 2586 818 2644 neque
855 2567 1042 2624 oculis
1071 2587 1263 2644 neque
1293 2567 1536 2623 auribus
1568 2567 1706 2624 satis
1747 2567 2222 2641 competebant.

1334 2756 1527 2812 glorias.
1588 2755 1645 2800 τὰ
1673 2759 1807 2812 κλέα,
1845 2758 2021 2800 decora.
2080 2757 2174 2801 Sal·

1279 2813 1381 2858 lust.
1401 2831 1442 2858 c.
1465 2814 1536 2858 41.
1564 2791 1827 2859 ruhmvoll'e
1851 2815 2054 2865 Thalen,
2079 2816 2174 2863 sive

1279 2872 1468 2941 gloriam
1488 2872 1664 2929 saepius
1687 2882 1972 2938 reportatam

365 2760 612 2802 altitudine
644 2759 810 2802 animi.
872 2757 1076 2824 Intellige
1109 2772 1207 2801 eam

309 2817 606 2860 altitudinem
636 2817 812 2865 anissmz
849 2831 984 2874 quam
1017 2815 1095 2866 iis,
1160 2816 1206 2858 ui

308 2874 374 2917 rei
405 2874 610 2932 publicae
640 2882 878 2931 praesunt,
916 2889 1129 2918 commen
1165 2881 1208 2916 at

311 2930 405 2976 Cic.
438 2932 492 2974 de
525 2931 599 2975 off.
632 2934 670 2981 1,
696 2931 767 2974 25.
796 2929 1070 2997 laudatque
1058 2946 1106 2972 m
1128 2946 1208 2988 po-

309 2987 419 3048 pulo
452 2987 604 3047 prisco
634 2987 736 3034 Liv.
760 2989 802 3038 4,
823 2989 862 3031 6.
894 2987 943 3031 in
965 2987 1092 3031 Sulla
1113 2987 1207 3031 sal-

311 3048 415 3089 lust.
444 3046 538 3104 lug.
573 3061 613 3089 c.
636 3045 707 3089 95.

369 3102 484 3146 CAP.
518 3102 590 3146 45.
663 3104 742 3159 qui
772 3103 972 3170 fimum·
990 3102 1207 3145 extremi.

315 3157 414 3216 Qui
432 3176 492 3202 sc.
509 3160 1022 3218 eSequanorurnpagis3
1035 3161 1209 3216 fimum

288 3217 493 3271 ·(Gebiet
531 3217 591 3260 cf.
624 3226 722 3261 not.
760 3218 883 3269 adl,
904 3218 1022 3274 60.)
1062 3216 1205 3259 intell.

312 3273 650 3340 Sequanorum,
693 3275 960 3318 extremi.h
990 3292 1027 3317 e.
1057 3274 1206 3331 quiin

313 3330 518 3374 extremis
535 3330 852 3387 Sequanorum
875 3332 1040 3375 finibus
1063 3340 1204 3373 erant.

310 3389 415 3432 Non
449 3388 585 3446 igitur
617 3405 772 3432 omnes
795 3389 1110 3447 Sequanorum
1134 3404 1204 3445 pa·

311 3463 391 3504 gos
420 3447 631 3496 vastavit3
670 3448 748 3489 sed
783 3465 855 3490 eos
888 3455 1088 3496 tantum,
1128 3446 1203 3502 qui

312 3508 479 3551 Aeduis
502 3500 770 3550 contermini
797 3514 837 3547 et
861 3520 974 3562 quos
1002 3503 1202 3549 vicinitas

311 3566 366 3610 ad
389 3566 647 3613 societatem
669 3571 709 3608 et
730 3579 851 3607 arma
873 3561 1066 3620 pellexei
1070 3570 1127 3609 at.

1339 2930 1684 2972 1‘ntoleranti.0r
1737 2929 1814 2974 Sic
1836 2931 1936 2973 cod.
1950 2929 2051 2973 MS.
2072 2930 2172 2974 edd.

1278 2986 1488 3030 Beroald.
1515 2986 1658 3030 Rhen.
1689 3003 1788 3046 sqq.
1822 3004 1994 3030 omnes
2056 2987 2174 3030 Gro-
2204 2986 2222 3019 ἶ

1277 3045 1365 3087 tius
1388 3052 1540 3087 tamen
1569 3043 1756 3087 malebat
1789 3045 2090 3087 i‘ncoleratmr
2114 3047 2172 3088 ob
2216 3076 2222 3085 .

1279 3103 1432 3145 locum
1472 3102 1640 3151 12,11.
1684 3102 1759 3143 ubi
1801 3110 1865 3144 est
1906 3104 2170 3145 tolerattssor

1282 3158 1368 3201 Sed
1392 3159 1726 3200 intolerantior
1748 3173 1825 3200 set
1830 3160 1950 3200 vitus
1973 3167 2036 3201 est
2059 3176 2174 3217 quae
2221 3181 2222 3185 ¹

1279 3214 1460 3258 tolerari
1488 3215 1667 3272 nequi13
1699 3216 2011 3266 zNJncoleratior,
2037 3232 2173 3273 quam

1278 3272 1470 3315 tolerare
1521 3271 1700 3315 nolunt.

1277 3343 1411 3380 rans,
1443 3329 1573 3371 sicuti
1598 3329 1679 3371 alia
1705 3331 1919 3386 quaedam
1947 3330 2171 3381 adiectiva,
2213 3356 2222 3380 ,ι

1277 3396 1320 3430 et
1350 3403 1390 3428 a
1391 3386 1494 3429 :tivo
1528 3395 1569 3428 et
1603 3387 1774 3442 passivo
1807 3387 2055 3444 significatu
2082 3389 2175 3430 uti·
2214 3388 2222 3437 ἶ

1276 3451 1366 3487 tur.
1429 3443 1488 3486 cf.
1519 3446 1586 3494 11,
1611 3447 1676 3485 lO.
1739 3443 1856 3486 Gell.
1893 3445 1958 3492 19,
1982 3444 2024 3486 7.
2218 3441 2222 3444 ⁸

1337 3500 1450 3543 CAP.
1487 3500 1558 3543 46.
1630 3516 1776 3556 neque
1827 3502 1971 3543 οευίιε
2021 3515 2173 3557 neque

1276 3559 1471 3602 auribus
1503 3559 1620 3601 salis
1650 3560 1986 3612 competebant.
2047 3559 2101 3602 Η.
2132 3577 2170 3603 e.

1785 3272 1960 3314 Etenim
2013 3274 2172 3315 intole*
2220 3293 2222 3298 ·
