2222 4030
255 203 382 263 230
934 166 1443 256 ANNALIUM
1815 196 1855 230 A
1876 193 2034 233 um.

1816 238 1869 275 A.
1887 236 1934 272 C.
1972 238 2034 272 20.

260 341 567 406 „repetere
592 326 826 405 Syriam
852 322 1194 384 dehortatus
1222 335 1322 383 est.
1409 335 1584 400 atque
1609 324 1839 382 utinam
1872 347 1976 401 ego
2012 348 2123 403 po-
2194 335 2199 346 ²

261 416 425 486 „tius
455 415 577 471 filio
613 411 817 470 iuveni
851 432 1028 489 quam
1065 412 1164 466 ille
1198 409 1512 484 patriseni
1545 411 1831 469 cessisset!
1901 433 1969 469 eo
2010 414 2125 468 im-

267 500 554 576 „pensius
595 517 834 573 precor,
897 517 974 552 ne
1017 514 1180 551 meae
1228 494 1532 568 pravitatis
1577 515 1798 569 poenas
1847 497 2127 555 innoxius

269 630 304 656 „
316 587 456 644 luat.
522 582 638 645 Per
671 583 931 660 quinque
960 593 1016 638 et
1037 578 1424 656 quadraginta
1445 581 1741 637 annorum
1764 582 2128 658 obsequium,

268 689 425 746 „per
489 669 801 743 collegium
872 665 1209 723 consulatus
1274 667 1579 740 quondam
1647 667 1785 723 divo
1855 667 2124 740 Augusto

267 753 546 831 „parenti
586 766 689 817 tuo
731 753 1016 828 probatus
1070 762 1126 807 et
1173 748 1286 806 tibi
1339 751 1591 820 amicuS,
1652 772 1761 808 nec
1805 753 2131 828 quidquam

269 852 448 917 „post
487 835 632 897 haec
674 848 984 910 rogaturus
1027 835 1275 891 salutem
1314 835 1564 891 infelicis
1605 837 1713 892 filii
1747 856 1908 911 rogo,
1926 837 1951 856 ”

438 922 633 983 XVII.
718 921 806 980 De
831 919 1117 976 Plancina
1154 915 1309 975 nihil
1346 920 1594 979 addidit.
1678 920 1821 980 Post
1847 945 1996 999 quae
2022 923 2135 983 Ti-

269 1009 469 1070 berius
491 1009 923 1067 adulescentem
953 1005 1199 1062 crimine
1225 1004 1416 1074 civilis
1440 1006 1586 1061 belli
1611 1008 1910 1080 purgavit:
1954 1010 2137 1084 patris
2217 1020 2222 1066 ξ

189 1102 194 1107 ’
273 1095 492 1174 quippe
525 1095 682 1151 iussa
710 1111 818 1146 nec
846 1090 1105 1165 potuisse
1139 1090 1329 1146 filium
1358 1091 1704 1147 detrectare:
1749 1092 1926 1149 simul
1959 1095 2138 1151 nobi-

271 1181 495 1240 litatem
521 1180 758 1245 domu5,
791 1176 967 1231 etiam
997 1175 1180 1250 ipsius
1207 1196 1445 1252 quoquo
1471 1176 1649 1232 modo
1679 1178 1876 1238 meriti
1903 1197 2140 1252 gravem

274 1285 472 1324 casum
518 1264 845 1319 miseratus,
932 1259 1050 1316 Pro
1077 1259 1362 1316 Plancina
1401 1260 1534 1317 cum
1564 1262 1791 1336 pudore
1829 1274 1887 1320 et
1917 1265 2139 1338 flagitio
2180 1258 2195 1264 ⁴

277 1348 579 1418 disseruit,
646 1346 854 1402 matris
903 1366 1102 1420 preces
1158 1346 1514 1403 obtendens:
1581 1347 1647 1403 in
1705 1369 1884 1424 quam
1933 1350 2144 1425 optimi
2204 1393 2206 1395 -

279 1435 560 1510 cuiusque
597 1431 803 1488 secreti
837 1442 1075 1507 questus
1103 1432 1286 1506 magis
1314 1432 1721 1490 ardescebant:
1778 1431 1848 1489 Id
1884 1454 2018 1508 ergo
2055 1436 2144 1491 fas

278 1520 441 1578 aviae
492 1517 945 1575 interfectricem
988 1517 1218 1590 nepotis
1260 1517 1542 1591 aspicere,
1597 1518 1867 1595 adloqui,
1923 1521 2147 1595 eripere

277 1603 548 1687 senatui?
590 1603 751 1680 quod
778 1623 885 1678 pro
912 1603 1193 1658 omnibus
1222 1602 1450 1658 civibus
1474 1604 1628 1676 leges
1660 1604 1996 1676 obtineant,
2039 1606 2150 1663 uni

281 1688 638 1748 Germanico
673 1708 798 1745 non
825 1687 1155 1760 contigisse.
1243 1686 1474 1743 Vitellii
1510 1701 1564 1745 et
1587 1686 1832 1745 Veranii
1866 1711 2009 1747 voce
2046 1692 2151 1747 de-

279 1776 487 1832 fletum
519 1772 856 1832 Caesarem:
924 1774 999 1829 ab
1045 1773 1400 1848 imperatore
1448 1784 1504 1829 et
1543 1769 1810 1847 Augusta
1849 1775 2151 1833 defensam

280 1860 647 1919 Plancinam.
735 1857 989 1935 proinde
1011 1879 1239 1914 venena
1266 1870 1322 1915 et
1347 1869 1499 1915 artes
1526 1869 1646 1914 tam
1671 1860 1921 1919 feliciter
1950 1882 2153 1939 exper-

337 2110 426 2150 per
461 2096 705 2150 collegium
738 2110 859 2139 cons.
920 2094 1036 2139 Nam
1069 2110 1185 2137 con-
1259 2092 1302 2145 Ι,
1331 2111 1373 2151 p.
1401 2094 1467 2136 10.
1501 2104 1675 2147 censet,
1699 2098 1894 2150 perinde
1923 2106 1967 2140 et
1984 2111 2155 2152 prom-

285 2155 359 2199 sul
400 2168 503 2198 cum
544 2153 749 2210 Augusto
793 2152 879 2195 suit
917 2168 987 2195 an.
1022 2169 1066 2195 u.
1101 2151 1184 2196 731
1257 2153 1314 2193 de
1340 2151 1394 2195 ab
1427 2152 1607 2209 optimis
1637 2154 1888 2212 quibusque
1919 2154 2156 2212 scriptori-

287 2226 383 2255 non
419 2209 651 2262 suffectus,
683 2211 760 2254 sed
793 2210 1064 2254 ordinarius.
1127 2209 1186 2254 cf.
1260 2208 1345 2252 bus
1376 2209 1543 2266 ubique
1578 2211 1704 2254 nullo
1732 2211 1991 2255 discrimine
2021 2227 2154 2254 usur-

288 2268 380 2313 Dio
404 2267 473 2317 58,
494 2267 564 2311 30.
589 2268 687 2311 init.
1261 2266 1382 2323 pari,
1414 2267 1557 2310 rarius
1581 2277 1724 2311 tamen
1748 2269 1936 2327 reperiri
1956 2270 2159 2323 proinde

347 2325 461 2371 CAP.
490 2325 559 2368 17.
621 2341 727 2373 cum
755 2329 939 2379 pudore
970 2334 1014 2368 et
1035 2325 1185 2382 flagi·
1260 2324 1554 2380 praecedente
1579 2328 1706 2374 laaud
1728 2328 1801 2371 vel
1825 2343 1918 2368 non
1943 2327 2034 2382 (sed
2065 2327 2159 2373 vid.

291 2384 371 2427 tio.
441 2382 492 2427 ἓν
530 2381 608 2427 διὰ
641 2384 775 2426 δυοῖν
813 2391 858 2424 ut
891 2383 1004 2426 Hist.
1042 2385 1083 2432 4,
1114 2383 1185 2431 62.
1262 2389 1357 2424 not.
1395 2381 1449 2427 nd
1486 2384 1552 2433 15,
1584 2384 1702 2441 44.);
1740 2385 1965 2440 proinde,
2010 2384 2046 2428 si
2079 2384 2159 2426 ad-

290 2443 459 2484 rubore
480 2448 525 2483 et
546 2440 761 2497 infamia.
813 2439 873 2484 cf.
898 2440 1032 2483 Roth.
1057 2457 1098 2499 p.
1116 2440 1186 2483 33.
1264 2438 1470 2486 verbium
1506 2441 1763 2485 exhortandi
1795 2442 1872 2492 sit,
1924 2458 2160 2498 nunquam

347 2499 551 2554 proinde
587 2513 775 2540 venena.
851 2498 1050 2541 Perinde
1086 2498 1187 2541 cod.
1263 2497 1512 2552 permutari
1538 2514 1640 2540 cum
1666 2515 1769 2543 voc.
1789 2499 2005 2553 perinde.
2066 2499 2161 2556 Ego

292 2556 394 2601 MS.
429 2555 530 2599 edd.
553 2555 764 2604 Beroald.
799 2563 843 2598 et
868 2555 1025 2599 Alciat.
1071 2570 1188 2609 pro-
1264 2553 1467 2595 concedo
1491 2556 1799 2611 promiscuum
1828 2556 2059 2614 utriusque
2081 2573 2166 2598 vo-

294 2615 401 2658 inde
427 2613 528 2657 edd.
552 2613 754 2663 Rhenan.
786 2612 891 2656 Ald.
920 2629 1017 2671 sqq.
1050 2629 1189 2670 usque
1266 2610 1410 2652 eal-‚uli
1446 2627 1572 2654 usum
1612 2614 1657 2655 in
1696 2613 1919 2671 plerisque
1951 2613 2164 2656 formulis

294 2671 350 2716 ad
383 2672 559 2714 Ernest.
599 2670 674 2730 qui
714 2670 942 2715 revocavit
977 2672 1191 2726 perinde.
1267 2667 1500 2720 obtinere,
1561 2669 1844 2728 alterumque
1891 2686 1974 2728 pro
2023 2671 2164 2715 altero

296 2728 529 2772 Bekkerus
577 2735 729 2772 tamen
777 2729 935 2772 maluit
973 2729 1193 2785 proinde.
1266 2725 1390 2770 salvo
1424 2742 1556 2770 sensu
1591 2728 1846 2786 saepissime
1879 2728 1987 2785 poni
2023 2745 2166 2786 posse,

297 2785 500 2837 Difficile
553 2793 619 2836 est
671 2785 782 2828 cerii
832 2786 941 2844 quid
984 2795 1192 2831 statuere.
1268 2787 1391 2840 quod
1428 2783 1561 2827 etiam
1598 2802 1646 2827 ex
1679 2786 1814 2830 inseri
1851 2785 2049 2828 tionibus
2083 2787 2166 2829 de—

298 2843 414 2888 Nam
435 2844 639 2899 proinde
664 2850 707 2885 et
729 2845 930 2899 perinde
956 2843 1196 2888 sexcenties
1268 2841 1511 2888 monstrari
1555 2851 1715 2900 potest.
1790 2802 1903 2886 hiim
1935 2843 1978 2885 in
2016 2845 2164 2890 moni-

292 2901 548 2962 'permutari
591 2900 710 2959 apud
752 2909 862 2946 vett.
919 2901 1057 2951 libros
1097 2900 1198 2958 quis
1271 2906 1423 2940 mento
1447 2901 1565 2956 apud
1586 2900 1769 2944 Gruter.
1790 2917 1834 2959 p.
1857 2901 1959 2943 242.
1987 2901 2168 2944 inveni-

302 2958 473 3002 nescit?
521 2958 670 3000 Immo
697 2967 801 3002 sunt
824 2958 909 3003 viri
938 2959 1086 3007 docti,
1121 2957 1198 3014 qui
1276 2965 1346 3002 tur
1360 2957 1561 3008 perinde
1587 2960 1722 3001 acsi:
1754 2959 1913 3001 eodem
1932 2975 2064 3003 sensu
2086 2975 2169 3001 au-

304 3015 548 3059 discrimen
581 3015 698 3066 inter
726 3023 971 3074 utrumque
995 3015 1201 3059 vocabu-
1275 3021 1361 3055 tem
1379 3015 1582 3068 proinde
1605 3032 1660 3058 ac
1679 3019 1720 3058 si
1740 3015 1866 3060 estin
1884 3016 2168 3063 monimento

304 3071 400 3116 lum
437 3082 630 3117 statuant
655 3071 847 3117 nullum.
910 3075 971 3117 cf.
1002 3074 1199 3118 Passow.
1274 3073 1391 3126 apud
1422 3072 1647 3118 Muratori
1677 3073 1892 3116 Thesaur.
1925 3073 1967 3114 Ἰ.
2031 3105 2042 3119 .
2068 3073 2168 3116 362.

305 3129 360 3173 ad
397 3128 554 3178 Germ.
595 3146 634 3174 c.
661 3131 702 3172 5.
772 3129 971 3178 Walch.
1005 3131 1059 3173 ad
1090 3132 1199 3186 Agr.
1275 3129 1430 3185 Neque
1451 3138 1599 3173 tamen
1622 3147 1739 3188 nego
1764 3129 1867 3174 satis
1887 3090 2170 3173 luculentum

260 3218 265 3221 »
308 3203 349 3231 e.
376 3189 444 3231 10.
505 3187 719 3246 Heusing.
745 3187 798 3230 ad
822 3188 933 3245 Nep.
965 3188 1066 3246 Lys.
1092 3188 1132 3238 2,
1158 3188 1200 3229 2.
1276 3186 1518 3235 discrimen
1552 3187 1786 3245 utriusque
1821 3187 2032 3230 vocabuli
2077 3189 2170 3232 vim

308 3243 400 3288 Alii
430 3244 740 3304 promiscuum
771 3261 900 3288 usum
929 3246 1205 3302 restringunt
1275 3243 1576 3288 intercedere.
1632 3245 1804 3302 Nempe
1832 3253 2072 3304 utrumque
2092 3262 2172 3290 vo-

309 3301 364 3346 ad
385 3301 604 3355 formulas
627 3303 823 3355 perinde
848 3305 986 3359 quasi
1012 3331 1069 3338 --
1089 3317 1204 3357 per·
1277 3300 1489 3344 cabulum
1537 3303 1921 3359 comparationem
1967 3303 2173 3351 instituit,

312 3361 418 3402 inde
439 3366 492 3402 ut
517 3387 576 3402 -—.-
600 3375 647 3413 p.
673 3375 729 3405 ac
768 3386 821 3394 --
849 3378 896 3414 p,
926 3370 1081 3416 atque.
1145 3359 1203 3407 cf.
1280 3358 1452 3402 diversa
1507 3368 1680 3402 tantum
1736 3359 1941 3412 ratione;
2009 3361 2172 3403 etenim

311 3416 348 3460 I.
371 3418 502 3474 Casp.
529 3414 727 3466 Orellius
750 3417 797 3458 in
821 3427 914 3460 not.
941 3419 993 3461 ad
1010 3417 1105 3460 Cic.
1123 3417 1208 3463 Or.
1273 3416 1470 3470 perinde
1509 3433 1667 3460 nexum
1712 3417 1926 3475 temporis
1967 3426 2044 3459 aut
2084 3416 2173 3460 loci

312 3489 396 3532 pro
415 3474 516 3517 Mil.
537 3473 577 3525 7,
607 3489 652 3532 p.
677 3473 747 3528 58,
777 3503 835 3510 --
879 3475 1004 3518 Hess.
1030 3475 1077 3516 in
1093 3476 1142 3517 V
1137 3489 1207 3518 ar.
1281 3474 1480 3531 (ebenso)
1497 3507 1509 3526 ,
1563 3476 1765 3531 proinde
1807 3489 1970 3516 nexum
2017 3490 2172 3517 causae

316 3535 438 3575 lectt.
460 3539 505 3573 et
530 3534 735 3574 observu.
763 3532 811 3572 in
841 3531 950 3579 Tac.
982 3534 1207 3581 German.
1282 3530 1448 3580 indicat
1490 3529 1832 3588 (demgemoss').
1911 3531 2027 3573 Boni
2069 3530 2172 3574 libri
