<?xml version="1.0" encoding="UTF-8"?>
<!DOCTYPE html PUBLIC "-//W3C//DTD XHTML 1.0 Transitional//EN"
    "http://www.w3.org/TR/xhtml1/DTD/xhtml1-transitional.dtd">
<html xmlns="http://www.w3.org/1999/xhtml" xml:lang="en" lang="en">
 <head>
  <title>
</title>
<meta http-equiv="Content-Type" content="text/html;charset=utf-8" />
  <meta name='ocr-system' content='tesseract 3.04.00' />
  <meta name='ocr-capabilities' content='ocr_page ocr_carea ocr_par ocr_line ocrx_word'/>
</head>
<body>
  <div class='ocr_page' id='page_1' title='image "./operarecensuitet01taciuoft_0462.png"; bbox 0 0 2222 4030; ppageno 0'>
   <div class='ocr_carea' id='block_1_1' title="bbox 1652 139 1935 223">
    <p class='ocr_par' dir='ltr' id='par_1_1' title="bbox 1652 139 1935 223">
     <span class='ocr_line' id='line_1_1' title="bbox 1652 139 1935 223; baseline 0.014 -5"><span class='ocrx_word' id='word_1_1' title='bbox 1652 162 1654 164; x_wconf 84' lang='grc'><strong><em>·</em></strong></span> <span class='ocrx_word' id='word_1_2' title='bbox 1709 140 1764 223; x_wconf 60' lang='lat'>2:</span> <span class='ocrx_word' id='word_1_3' title='bbox 1783 139 1935 222; x_wconf 62' lang='lat'><strong>8:⁷32:</strong></span> 
     </span>
    </p>
   </div>
   <div class='ocr_carea' id='block_1_2' title="bbox 164 136 1344 233">
    <p class='ocr_par' dir='ltr' id='par_1_2' title="bbox 164 136 1344 233">
     <span class='ocr_line' id='line_1_2' title="bbox 164 136 1344 233; baseline -0.01 -22"><span class='ocrx_word' id='word_1_4' title='bbox 164 150 292 211; x_wconf 74' lang='lat'>412</span> <span class='ocrx_word' id='word_1_5' title='bbox 834 136 1344 233; x_wconf 76' lang='lat' dir='ltr'><strong>ANNALIUM</strong></span> 
     </span>
    </p>
   </div>
   <div class='ocr_carea' id='block_1_3' title="bbox 99 271 2053 1030">
    <p class='ocr_par' dir='ltr' id='par_1_3' title="bbox 99 271 2053 1030">
     <span class='ocr_line' id='line_1_3' title="bbox 99 271 2022 356; baseline 0.001 -21"><span class='ocrx_word' id='word_1_6' title='bbox 99 280 101 285; x_wconf 59' lang='lat'>‘</span> <span class='ocrx_word' id='word_1_7' title='bbox 165 288 301 356; x_wconf 92' lang='lat' dir='ltr'>post</span> <span class='ocrx_word' id='word_1_8' title='bbox 336 272 677 334; x_wconf 87' lang='lat' dir='ltr'>Alexandro</span> <span class='ocrx_word' id='word_1_9' title='bbox 721 291 828 348; x_wconf 89' lang='lat' dir='ltr'>per</span> <span class='ocrx_word' id='word_1_10' title='bbox 867 271 1371 349; x_wconf 82' lang='lat' dir='ltr'>vaniloquentiam</span> <span class='ocrx_word' id='word_1_11' title='bbox 1415 290 1484 328; x_wconf 85' lang='lat' dir='ltr'>ac</span> <span class='ocrx_word' id='word_1_12' title='bbox 1515 271 1728 330; x_wconf 85' lang='lat' dir='ltr'>minas</span> <span class='ocrx_word' id='word_1_13' title='bbox 1755 275 2022 339; x_wconf 87' lang='lat' dir='ltr'>iaciebat.</span> 
     </span>
     <span class='ocr_line' id='line_1_4' title="bbox 169 356 2023 423; baseline -0.001 -1"><span class='ocrx_word' id='word_1_14' title='bbox 169 364 289 423; x_wconf 87' lang='lat' dir='ltr'>Sed</span> <span class='ocrx_word' id='word_1_15' title='bbox 301 356 538 418; x_wconf 90' lang='lat' dir='ltr'>Parthis</span> <span class='ocrx_word' id='word_1_16' title='bbox 559 358 837 416; x_wconf 88' lang='lat' dir='ltr'>mittendi</span> <span class='ocrx_word' id='word_1_17' title='bbox 863 369 1110 416; x_wconf 90' lang='lat' dir='ltr'>secretos</span> <span class='ocrx_word' id='word_1_18' title='bbox 1135 356 1379 414; x_wconf 90' lang='lat' dir='ltr'>nuntios</span> <span class='ocrx_word' id='word_1_19' title='bbox 1399 356 1798 417; x_wconf 84' lang='lat' dir='ltr'>validissimus</span> <span class='ocrx_word' id='word_1_20' title='bbox 1819 374 2023 420; x_wconf 81' lang='lat' dir='ltr'>auctor</span> 
     </span>
     <span class='ocr_line' id='line_1_5' title="bbox 165 442 2025 522; baseline -0.006 -16"><span class='ocrx_word' id='word_1_21' title='bbox 165 449 283 506; x_wconf 86' lang='lat' dir='ltr'>fuit</span> <span class='ocrx_word' id='word_1_22' title='bbox 305 446 590 504; x_wconf 79' lang='lat' dir='ltr'>Sinnaces</span> <span class='ocrx_word' id='word_1_23' title='bbox 607 490 624 514; x_wconf 87' lang='lat'>‚</span> <span class='ocrx_word' id='word_1_24' title='bbox 666 443 889 517; x_wconf 80' lang='lat' dir='ltr'>insigni</span> <span class='ocrx_word' id='word_1_25' title='bbox 907 443 1132 499; x_wconf 87' lang='lat' dir='ltr'>familia</span> <span class='ocrx_word' id='word_1_26' title='bbox 1157 461 1223 498; x_wconf 86' lang='lat' dir='ltr'>ac</span> <span class='ocrx_word' id='word_1_27' title='bbox 1242 442 1490 516; x_wconf 86' lang='lat' dir='ltr'>perinde</span> <span class='ocrx_word' id='word_1_28' title='bbox 1514 444 1756 518; x_wconf 84' lang='lat' dir='ltr'>opibuS‚</span> <span class='ocrx_word' id='word_1_29' title='bbox 1796 457 1853 503; x_wconf 87' lang='lat' dir='ltr'>et</span> <span class='ocrx_word' id='word_1_30' title='bbox 1882 467 2025 522; x_wconf 74' lang='lat' dir='ltr'>pro-</span> 
     </span>
     <span class='ocr_line' id='line_1_6' title="bbox 166 525 2026 607; baseline -0.001 -17"><span class='ocrx_word' id='word_1_31' title='bbox 166 534 362 591; x_wconf 84' lang='lat' dir='ltr'>ximus</span> <span class='ocrx_word' id='word_1_32' title='bbox 387 527 526 588; x_wconf 91' lang='lat' dir='ltr'>huic</span> <span class='ocrx_word' id='word_1_33' title='bbox 546 525 797 598; x_wconf 82' lang='lat' dir='ltr'>Abdus‚-</span> <span class='ocrx_word' id='word_1_34' title='bbox 829 529 1134 602; x_wconf 84' lang='lat' dir='ltr'>ademptae</span> <span class='ocrx_word' id='word_1_35' title='bbox 1159 526 1477 586; x_wconf 75' lang='lat' dir='ltr'>virilitatis,</span> <span class='ocrx_word' id='word_1_36' title='bbox 1533 548 1660 585; x_wconf 90' lang='lat' dir='ltr'>non</span> <span class='ocrx_word' id='word_1_37' title='bbox 1687 531 2026 607; x_wconf 91' lang='lat' dir='ltr'>despectum</span> 
     </span>
     <span class='ocr_line' id='line_1_7' title="bbox 166 609 2026 692; baseline -0.003 -18"><span class='ocrx_word' id='word_1_38' title='bbox 166 619 234 676; x_wconf 87' lang='lat' dir='ltr'>id</span> <span class='ocrx_word' id='word_1_39' title='bbox 271 617 431 692; x_wconf 89' lang='lat' dir='ltr'>apud</span> <span class='ocrx_word' id='word_1_40' title='bbox 462 617 748 672; x_wconf 88' lang='lat' dir='ltr'>barbaros</span> <span class='ocrx_word' id='word_1_41' title='bbox 780 615 1053 688; x_wconf 88' lang='lat' dir='ltr'>ultroque</span> <span class='ocrx_word' id='word_1_42' title='bbox 1082 612 1407 687; x_wconf 89' lang='lat' dir='ltr'>potentiam</span> <span class='ocrx_word' id='word_1_43' title='bbox 1429 609 1625 674; x_wconf 82' lang='lat' dir='ltr'>habet.</span> <span class='ocrx_word' id='word_1_44' title='bbox 1716 613 1769 672; x_wconf 92' lang='lat' dir='ltr'>Ii</span> <span class='ocrx_word' id='word_1_45' title='bbox 1790 618 2026 674; x_wconf 79' lang='lat' dir='ltr'>adscitis</span> 
     </span>
     <span class='ocr_line' id='line_1_8' title="bbox 167 695 2028 779; baseline -0.001 -19"><span class='ocrx_word' id='word_1_46' title='bbox 167 714 228 761; x_wconf 90' lang='lat' dir='ltr'>et</span> <span class='ocrx_word' id='word_1_47' title='bbox 261 702 393 760; x_wconf 90' lang='lat' dir='ltr'>aliis</span> <span class='ocrx_word' id='word_1_48' title='bbox 428 700 817 779; x_wconf 85' lang='lat' dir='ltr'>primoribus,</span> <span class='ocrx_word' id='word_1_49' title='bbox 870 697 1009 774; x_wconf 88' lang='lat' dir='ltr'>quia</span> <span class='ocrx_word' id='word_1_50' title='bbox 1044 698 1347 754; x_wconf 88' lang='lat' dir='ltr'>neminem</span> <span class='ocrx_word' id='word_1_51' title='bbox 1386 698 1575 771; x_wconf 88' lang='lat' dir='ltr'>gentis</span> <span class='ocrx_word' id='word_1_52' title='bbox 1605 695 2028 760; x_wconf 84' lang='lat' dir='ltr'>Arsacidarum</span> 
     </span>
     <span class='ocr_line' id='line_1_9' title="bbox 169 780 2027 862; baseline -0.001 -17"><span class='ocrx_word' id='word_1_53' title='bbox 169 807 432 846; x_wconf 88' lang='lat' dir='ltr'>summae</span> <span class='ocrx_word' id='word_1_54' title='bbox 481 786 570 843; x_wconf 90' lang='lat' dir='ltr'>rei</span> <span class='ocrx_word' id='word_1_55' title='bbox 603 786 905 862; x_wconf 87' lang='lat' dir='ltr'>imponere</span> <span class='ocrx_word' id='word_1_56' title='bbox 938 794 1213 857; x_wconf 84' lang='lat' dir='ltr'>poterant</span> <span class='ocrx_word' id='word_1_57' title='bbox 1253 783 1576 848; x_wconf 88' lang='lat' dir='ltr'>interfectis</span> <span class='ocrx_word' id='word_1_58' title='bbox 1613 785 1688 845; x_wconf 86' lang='lat' dir='ltr'>ab</span> <span class='ocrx_word' id='word_1_59' title='bbox 1719 780 2027 845; x_wconf 87' lang='lat' dir='ltr'>Artabano</span> 
     </span>
     <span class='ocr_line' id='line_1_10' title="bbox 166 864 2053 953; baseline 0 -24"><span class='ocrx_word' id='word_1_60' title='bbox 166 870 469 953; x_wconf 78' lang='lat' dir='ltr'>plerisque</span> <span class='ocrx_word' id='word_1_61' title='bbox 502 882 604 929; x_wconf 90' lang='lat' dir='ltr'>aut</span> <span class='ocrx_word' id='word_1_62' title='bbox 636 871 907 928; x_wconf 90' lang='lat' dir='ltr'>nondum</span> <span class='ocrx_word' id='word_1_63' title='bbox 940 867 1158 924; x_wconf 85' lang='lat' dir='ltr'>adultis</span> <span class='ocrx_word' id='word_1_64' title='bbox 1172 913 1190 937; x_wconf 86' lang='lat'>‚</span> <span class='ocrx_word' id='word_1_65' title='bbox 1255 864 1573 925; x_wconf 90' lang='lat' dir='ltr'>Phraatem</span> <span class='ocrx_word' id='word_1_66' title='bbox 1614 871 1770 944; x_wconf 88' lang='lat' dir='ltr'>regis</span> <span class='ocrx_word' id='word_1_67' title='bbox 1802 868 2053 930; x_wconf 89' lang='lat' dir='ltr'>Phraa--</span> 
     </span>
     <span class='ocr_line' id='line_1_11' title="bbox 168 952 2030 1030; baseline -0.002 -14"><span class='ocrx_word' id='word_1_68' title='bbox 168 959 247 1016; x_wconf 86' lang='lat' dir='ltr'>tis</span> <span class='ocrx_word' id='word_1_69' title='bbox 271 958 464 1015; x_wconf 88' lang='lat' dir='ltr'>filium</span> <span class='ocrx_word' id='word_1_70' title='bbox 486 955 682 1016; x_wconf 86' lang='lat' dir='ltr'>Roma</span> <span class='ocrx_word' id='word_1_71' title='bbox 715 953 1052 1030; x_wconf 89' lang='lat' dir='ltr'>poscebant.</span> <span class='ocrx_word' id='word_1_72' title='bbox 1137 952 1396 1011; x_wconf 87' lang='lat' dir='ltr'>Nomine</span> <span class='ocrx_word' id='word_1_73' title='bbox 1432 955 1667 1011; x_wconf 84' lang='lat' dir='ltr'>tantum</span> <span class='ocrx_word' id='word_1_74' title='bbox 1704 967 1762 1013; x_wconf 92' lang='lat' dir='ltr'>et</span> <span class='ocrx_word' id='word_1_75' title='bbox 1793 969 2030 1015; x_wconf 90' lang='lat' dir='ltr'>auctore</span> 
     </span>
    </p>
   </div>
   <div class='ocr_carea' id='block_1_4' title="bbox 146 1034 2032 1206">
    <p class='ocr_par' dir='ltr' id='par_1_4' title="bbox 146 1034 2032 1206">
     <span class='ocr_line' id='line_1_12' title="bbox 146 1034 2032 1119; baseline -0.001 -17"><span class='ocrx_word' id='word_1_76' title='bbox 146 1064 350 1119; x_wconf 66' lang='lat' dir='ltr'>opm,</span> <span class='ocrx_word' id='word_1_77' title='bbox 390 1055 460 1102; x_wconf 93' lang='lat' dir='ltr'>ut</span> <span class='ocrx_word' id='word_1_78' title='bbox 486 1053 694 1119; x_wconf 90' lang='lat' dir='ltr'>sponte</span> <span class='ocrx_word' id='word_1_79' title='bbox 719 1037 1016 1109; x_wconf 84' lang='lat' dir='ltr'>Caesaris,</span> <span class='ocrx_word' id='word_1_80' title='bbox 1064 1049 1132 1096; x_wconf 92' lang='lat' dir='ltr'>ut</span> <span class='ocrx_word' id='word_1_81' title='bbox 1164 1057 1348 1113; x_wconf 89' lang='lat' dir='ltr'>genus</span> <span class='ocrx_word' id='word_1_82' title='bbox 1370 1034 1611 1098; x_wconf 89' lang='lat' dir='ltr'>Arsacis</span> <span class='ocrx_word' id='word_1_83' title='bbox 1642 1040 1835 1118; x_wconf 89' lang='lat' dir='ltr'>ripam</span> <span class='ocrx_word' id='word_1_84' title='bbox 1871 1044 2032 1119; x_wconf 90' lang='lat' dir='ltr'>apud</span> 
     </span>
     <span class='ocr_line' id='line_1_13' title="bbox 167 1125 873 1206; baseline -0.006 -18"><span class='ocrx_word' id='word_1_85' title='bbox 167 1125 494 1206; x_wconf 84' lang='lat' dir='ltr'>Euphratis</span> <span class='ocrx_word' id='word_1_86' title='bbox 522 1136 873 1185; x_wconf 88' lang='lat' dir='ltr'>cerneretur.</span> 
     </span>
    </p>
   </div>
   <div class='ocr_carea' id='block_1_5' title="bbox 167 1207 2049 2145">
    <p class='ocr_par' dir='ltr' id='par_1_5' title="bbox 167 1207 2049 2145">
     <span class='ocr_line' id='line_1_14' title="bbox 340 1207 2035 1285; baseline 0.001 -14"><span class='ocrx_word' id='word_1_87' title='bbox 340 1211 598 1272; x_wconf 90' lang='lat' dir='ltr'>XXXII.</span> <span class='ocrx_word' id='word_1_88' title='bbox 640 1209 926 1285; x_wconf 86' lang='lat' dir='ltr'>Cupitum</span> <span class='ocrx_word' id='word_1_89' title='bbox 955 1209 1019 1266; x_wconf 89' lang='lat' dir='ltr'>id</span> <span class='ocrx_word' id='word_1_90' title='bbox 1042 1207 1312 1269; x_wconf 79' lang='lat' dir='ltr'>Tiberio,</span> <span class='ocrx_word' id='word_1_91' title='bbox 1386 1222 1562 1269; x_wconf 90' lang='lat' dir='ltr'>ornat</span> <span class='ocrx_word' id='word_1_92' title='bbox 1582 1207 1901 1284; x_wconf 62' lang='lat' dir='ltr'>Phraatem</span> <span class='ocrx_word' id='word_1_93' title='bbox 1936 1234 2035 1272; x_wconf 88' lang='lat' dir='ltr'>ac·-</span> 
     </span>
     <span class='ocr_line' id='line_1_15' title="bbox 171 1284 2036 1377; baseline 0 -20"><span class='ocrx_word' id='word_1_94' title='bbox 171 1284 472 1377; x_wconf 88' lang='lat' dir='ltr'>cingitque</span> <span class='ocrx_word' id='word_1_95' title='bbox 492 1309 804 1373; x_wconf 88' lang='lat' dir='ltr'>paternum</span> <span class='ocrx_word' id='word_1_96' title='bbox 826 1295 903 1352; x_wconf 88' lang='lat' dir='ltr'>ad</span> <span class='ocrx_word' id='word_1_97' title='bbox 924 1294 1224 1368; x_wconf 86' lang='lat' dir='ltr'>fastigium</span> <span class='ocrx_word' id='word_1_98' title='bbox 1237 1341 1254 1364; x_wconf 85' lang='lat'>‚</span> <span class='ocrx_word' id='word_1_99' title='bbox 1297 1295 1586 1355; x_wconf 88' lang='lat' dir='ltr'>destinata</span> <span class='ocrx_word' id='word_1_100' title='bbox 1606 1299 1866 1358; x_wconf 88' lang='lat' dir='ltr'>retinens</span> <span class='ocrx_word' id='word_1_101' title='bbox 1891 1320 2036 1357; x_wconf 92' lang='lat' dir='ltr'>con-</span> 
     </span>
     <span class='ocr_line' id='line_1_16' title="bbox 173 1379 2034 1457; baseline 0 -15"><span class='ocrx_word' id='word_1_102' title='bbox 173 1386 322 1442; x_wconf 87' lang='lat' dir='ltr'>siliis</span> <span class='ocrx_word' id='word_1_103' title='bbox 359 1397 415 1442; x_wconf 91' lang='lat' dir='ltr'>et</span> <span class='ocrx_word' id='word_1_104' title='bbox 448 1395 578 1441; x_wconf 90' lang='lat' dir='ltr'>astu</span> <span class='ocrx_word' id='word_1_105' title='bbox 615 1402 710 1438; x_wconf 89' lang='lat' dir='ltr'>res</span> <span class='ocrx_word' id='word_1_106' title='bbox 745 1391 1010 1437; x_wconf 85' lang='lat' dir='ltr'>externas</span> <span class='ocrx_word' id='word_1_107' title='bbox 1049 1381 1280 1449; x_wconf 89' lang='lat' dir='ltr'>moliri,</span> <span class='ocrx_word' id='word_1_108' title='bbox 1343 1401 1507 1439; x_wconf 88' lang='lat' dir='ltr'>arma</span> <span class='ocrx_word' id='word_1_109' title='bbox 1542 1385 1752 1457; x_wconf 92' lang='lat' dir='ltr'>procul</span> <span class='ocrx_word' id='word_1_110' title='bbox 1796 1379 2034 1447; x_wconf 84' lang='lat' dir='ltr'>habere.</span> 
     </span>
     <span class='ocr_line' id='line_1_17' title="bbox 171 1461 2035 1543; baseline 0 -15"><span class='ocrx_word' id='word_1_111' title='bbox 171 1469 404 1529; x_wconf 87' lang='lat' dir='ltr'>Interea</span> <span class='ocrx_word' id='word_1_112' title='bbox 441 1467 691 1543; x_wconf 85' lang='lat' dir='ltr'>cognitis</span> <span class='ocrx_word' id='word_1_113' title='bbox 724 1466 960 1522; x_wconf 88' lang='lat' dir='ltr'>insidiis</span> <span class='ocrx_word' id='word_1_114' title='bbox 985 1461 1326 1526; x_wconf 84' lang='lat' dir='ltr'>Artabanus</span> <span class='ocrx_word' id='word_1_115' title='bbox 1360 1468 1586 1524; x_wconf 89' lang='lat' dir='ltr'>tardari</span> <span class='ocrx_word' id='word_1_116' title='bbox 1621 1481 1813 1540; x_wconf 87' lang='lat' dir='ltr'>metu,</span> <span class='ocrx_word' id='word_1_117' title='bbox 1855 1472 2035 1528; x_wconf 90' lang='lat' dir='ltr'>modo</span> 
     </span>
     <span class='ocr_line' id='line_1_18' title="bbox 174 1552 2036 1633; baseline 0 -20"><span class='ocrx_word' id='word_1_118' title='bbox 174 1557 454 1633; x_wconf 89' lang='lat' dir='ltr'>cupidine</span> <span class='ocrx_word' id='word_1_119' title='bbox 500 1554 798 1611; x_wconf 82' lang='lat' dir='ltr'>vindictae</span> <span class='ocrx_word' id='word_1_120' title='bbox 846 1552 1231 1611; x_wconf 83' lang='lat' dir='ltr'>inardescere.</span> <span class='ocrx_word' id='word_1_121' title='bbox 1329 1564 1387 1610; x_wconf 90' lang='lat' dir='ltr'>et</span> <span class='ocrx_word' id='word_1_122' title='bbox 1430 1553 1700 1611; x_wconf 88' lang='lat' dir='ltr'>barbaris</span> <span class='ocrx_word' id='word_1_123' title='bbox 1744 1554 2036 1613; x_wconf 86' lang='lat' dir='ltr'>cunctatio</span> 
     </span>
     <span class='ocr_line' id='line_1_19' title="bbox 175 1637 2040 1714; baseline 0 -16"><span class='ocrx_word' id='word_1_124' title='bbox 175 1642 405 1699; x_wconf 87' lang='lat' dir='ltr'>servilis</span> <span class='ocrx_word' id='word_1_125' title='bbox 423 1687 440 1712; x_wconf 88' lang='lat'>‚</span> <span class='ocrx_word' id='word_1_126' title='bbox 494 1639 692 1697; x_wconf 86' lang='lat' dir='ltr'>statim</span> <span class='ocrx_word' id='word_1_127' title='bbox 738 1637 976 1714; x_wconf 83' lang='lat' dir='ltr'>exsequi</span> <span class='ocrx_word' id='word_1_128' title='bbox 1016 1637 1246 1711; x_wconf 86' lang='lat' dir='ltr'>regium</span> <span class='ocrx_word' id='word_1_129' title='bbox 1278 1637 1534 1699; x_wconf 84' lang='lat' dir='ltr'>videtur.</span> <span class='ocrx_word' id='word_1_130' title='bbox 1618 1641 1809 1698; x_wconf 85' lang='lat' dir='ltr'>valuit</span> <span class='ocrx_word' id='word_1_131' title='bbox 1841 1654 2040 1700; x_wconf 89' lang='lat' dir='ltr'>tamen</span> 
     </span>
     <span class='ocr_line' id='line_1_20' title="bbox 174 1721 2041 1803; baseline -0.001 -17"><span class='ocrx_word' id='word_1_132' title='bbox 174 1729 430 1798; x_wconf 80' lang='lat' dir='ltr'>utilitas,</span> <span class='ocrx_word' id='word_1_133' title='bbox 480 1737 550 1783; x_wconf 89' lang='lat' dir='ltr'>ut</span> <span class='ocrx_word' id='word_1_134' title='bbox 584 1721 831 1783; x_wconf 90' lang='lat' dir='ltr'>Abdum</span> <span class='ocrx_word' id='word_1_135' title='bbox 866 1723 1058 1798; x_wconf 91' lang='lat' dir='ltr'>specie</span> <span class='ocrx_word' id='word_1_136' title='bbox 1092 1721 1383 1779; x_wconf 85' lang='lat' dir='ltr'>amicitiae</span> <span class='ocrx_word' id='word_1_137' title='bbox 1414 1737 1691 1782; x_wconf 89' lang='lat' dir='ltr'>vocatum</span> <span class='ocrx_word' id='word_1_138' title='bbox 1727 1727 1803 1784; x_wconf 92' lang='lat' dir='ltr'>ad</span> <span class='ocrx_word' id='word_1_139' title='bbox 1840 1729 2041 1803; x_wconf 89' lang='lat' dir='ltr'>epulas</span> 
     </span>
     <span class='ocr_line' id='line_1_21' title="bbox 172 1806 2044 1883; baseline 0 -13"><span class='ocrx_word' id='word_1_140' title='bbox 172 1814 338 1872; x_wconf 92' lang='lat' dir='ltr'>lento</span> <span class='ocrx_word' id='word_1_141' title='bbox 372 1832 604 1869; x_wconf 88' lang='lat' dir='ltr'>veneno</span> <span class='ocrx_word' id='word_1_142' title='bbox 642 1810 948 1883; x_wconf 81' lang='lat' dir='ltr'>inligaret,</span> <span class='ocrx_word' id='word_1_143' title='bbox 990 1806 1310 1866; x_wconf 88' lang='lat' dir='ltr'>Sinnacem</span> <span class='ocrx_word' id='word_1_144' title='bbox 1344 1809 1814 1869; x_wconf 87' lang='lat' dir='ltr'>dissimulatione</span> <span class='ocrx_word' id='word_1_145' title='bbox 1837 1833 1904 1869; x_wconf 89' lang='lat' dir='ltr'>ac</span> <span class='ocrx_word' id='word_1_146' title='bbox 1933 1815 2044 1871; x_wconf 88' lang='lat' dir='ltr'>do·-</span> 
     </span>
     <span class='ocr_line' id='line_1_22' title="bbox 175 1892 2043 1974; baseline 0.002 -20"><span class='ocrx_word' id='word_1_147' title='bbox 175 1899 300 1968; x_wconf 80' lang='lat' dir='ltr'>niS‚</span> <span class='ocrx_word' id='word_1_148' title='bbox 354 1898 533 1955; x_wconf 90' lang='lat' dir='ltr'>simul</span> <span class='ocrx_word' id='word_1_149' title='bbox 579 1916 686 1972; x_wconf 90' lang='lat' dir='ltr'>per</span> <span class='ocrx_word' id='word_1_150' title='bbox 730 1894 967 1969; x_wconf 88' lang='lat' dir='ltr'>negotia</span> <span class='ocrx_word' id='word_1_151' title='bbox 1013 1904 1366 1956; x_wconf 87' lang='lat' dir='ltr'>moraretur.</span> <span class='ocrx_word' id='word_1_152' title='bbox 1451 1893 1534 1954; x_wconf 91' lang='lat' dir='ltr'>Et</span> <span class='ocrx_word' id='word_1_153' title='bbox 1565 1892 1850 1955; x_wconf 89' lang='lat' dir='ltr'>Phraates</span> <span class='ocrx_word' id='word_1_154' title='bbox 1885 1900 2043 1974; x_wconf 90' lang='lat' dir='ltr'>apud</span> 
     </span>
     <span class='ocr_line' id='line_1_23' title="bbox 167 1977 2047 2062; baseline 0 -21"><span class='ocrx_word' id='word_1_155' title='bbox 167 1979 415 2062; x_wconf 37' lang='lat' dir='ltr'>‘Syriam</span> <span class='ocrx_word' id='word_1_156' title='bbox 440 1985 584 2041; x_wconf 90' lang='lat' dir='ltr'>dum</span> <span class='ocrx_word' id='word_1_157' title='bbox 606 1980 824 2038; x_wconf 90' lang='lat' dir='ltr'>omisso</span> <span class='ocrx_word' id='word_1_158' title='bbox 852 1979 1015 2037; x_wconf 93' lang='lat' dir='ltr'>cultu</span> <span class='ocrx_word' id='word_1_159' title='bbox 1025 1977 1303 2037; x_wconf 85' lang='lat' dir='ltr'>Romano</span> <span class='ocrx_word' id='word_1_160' title='bbox 1318 2026 1335 2050; x_wconf 87' lang='lat'>‚</span> <span class='ocrx_word' id='word_1_161' title='bbox 1379 1981 1478 2038; x_wconf 92' lang='lat' dir='ltr'>cui</span> <span class='ocrx_word' id='word_1_162' title='bbox 1498 2002 1605 2058; x_wconf 91' lang='lat' dir='ltr'>per</span> <span class='ocrx_word' id='word_1_163' title='bbox 1624 1995 1714 2040; x_wconf 91' lang='lat' dir='ltr'>tot</span> <span class='ocrx_word' id='word_1_164' title='bbox 1735 2004 1922 2041; x_wconf 91' lang='lat' dir='ltr'>annos</span> <span class='ocrx_word' id='word_1_165' title='bbox 1949 1985 2015 2042; x_wconf 93' lang='lat' dir='ltr'>in</span> <span class='ocrx_word' id='word_1_166' title='bbox 2037 2027 2047 2032; x_wconf 81' lang='lat'><em>-</em></span> 
     </span>
     <span class='ocr_line' id='line_1_24' title="bbox 181 2060 2049 2145; baseline 0 -19"><span class='ocrx_word' id='word_1_167' title='bbox 181 2081 477 2141; x_wconf 86' lang='lat' dir='ltr'>sueverat,</span> <span class='ocrx_word' id='word_1_168' title='bbox 518 2067 789 2126; x_wconf 86' lang='lat' dir='ltr'>instituta</span> <span class='ocrx_word' id='word_1_169' title='bbox 810 2060 1174 2124; x_wconf 83' lang='lat' dir='ltr'>Parthorum</span> <span class='ocrx_word' id='word_1_170' title='bbox 1203 2066 1487 2139; x_wconf 87' lang='lat' dir='ltr'>insumit,</span> <span class='ocrx_word' id='word_1_171' title='bbox 1536 2069 1747 2145; x_wconf 83' lang='lat' dir='ltr'>patriis</span> <span class='ocrx_word' id='word_1_172' title='bbox 1778 2071 2049 2128; x_wconf 88' lang='lat' dir='ltr'>moribus</span> 
     </span>
    </p>
   </div>
   <div class='ocr_carea' id='block_1_6' title="bbox 241 2254 777 2341">
    <p class='ocr_par' dir='ltr' id='par_1_6' title="bbox 241 2254 777 2341">
     <span class='ocr_line' id='line_1_25' title="bbox 241 2254 777 2341; baseline -0.004 -17"><span class='ocrx_word' id='word_1_173' title='bbox 241 2254 522 2341; x_wconf 58' lang='lat' dir='ltr'>Pliraapgm.</span> <span class='ocrx_word' id='word_1_174' title='bbox 585 2280 644 2323; x_wconf 84' lang='lat' dir='ltr'>ef.</span> <span class='ocrx_word' id='word_1_175' title='bbox 668 2280 710 2331; x_wconf 79' lang='lat'>2,</span> <span class='ocrx_word' id='word_1_176' title='bbox 739 2280 777 2323; x_wconf 91' lang='lat'>1.</span> 
     </span>
    </p>
   </div>
   <div class='ocr_carea' id='block_1_7' title="bbox 239 2337 1127 2382">
    <p class='ocr_par' dir='ltr' id='par_1_7' title="bbox 239 2337 1127 2382">
     <span class='ocr_line' id='line_1_26' title="bbox 239 2337 1127 2382; baseline -0.003 0"><span class='ocrx_word' id='word_1_177' title='bbox 239 2340 428 2382; x_wconf 74' lang='lat' dir='ltr'>nominc</span> <span class='ocrx_word' id='word_1_178' title='bbox 456 2370 468 2382; x_wconf 92' lang='lat'>.</span> <span class='ocrx_word' id='word_1_179' title='bbox 489 2369 500 2381; x_wconf 94' lang='lat'><strong>.</strong></span> <span class='ocrx_word' id='word_1_180' title='bbox 520 2369 530 2380; x_wconf 94' lang='lat'>.</span> <span class='ocrx_word' id='word_1_181' title='bbox 549 2369 561 2381; x_wconf 90' lang='lat'><strong><em>.</em></strong></span> <span class='ocrx_word' id='word_1_182' title='bbox 587 2344 865 2381; x_wconf 79' lang='lat' dir='ltr'>cerneretur.</span> <span class='ocrx_word' id='word_1_183' title='bbox 929 2337 1081 2380; x_wconf 87' lang='lat' dir='ltr'>Inter·</span> <span class='ocrx_word' id='word_1_184' title='bbox 1120 2340 1127 2348; x_wconf 99' lang='grc'><strong><em>’</em></strong></span> 
     </span>
    </p>
   </div>
   <div class='ocr_carea' id='block_1_8' title="bbox 182 2394 1103 3539">
    <p class='ocr_par' dir='ltr' id='par_1_8' title="bbox 182 2394 1103 3539">
     <span class='ocr_line' id='line_1_27' title="bbox 183 2394 1083 2456; baseline -0.003 -17"><span class='ocrx_word' id='word_1_185' title='bbox 183 2396 461 2456; x_wconf 88' lang='lat' dir='ltr'>pretationes</span> <span class='ocrx_word' id='word_1_186' title='bbox 518 2394 800 2438; x_wconf 86' lang='lat' dir='ltr'>Nostratiurn</span> <span class='ocrx_word' id='word_1_187' title='bbox 862 2394 1083 2445; x_wconf 77' lang='lat' dir='ltr'>vacillant,</span> 
     </span>
     <span class='ocr_line' id='line_1_28' title="bbox 182 2450 1083 2551; baseline -0.004 -54"><span class='ocrx_word' id='word_1_188' title='bbox 182 2470 272 2498; x_wconf 86' lang='lat' dir='ltr'>nec</span> <span class='ocrx_word' id='word_1_189' title='bbox 295 2453 362 2497; x_wconf 82' lang='lat' dir='ltr'>illi</span> <span class='ocrx_word' id='word_1_190' title='bbox 384 2454 538 2509; x_wconf 89' lang='lat' dir='ltr'>locum</span> <span class='ocrx_word' id='word_1_191' title='bbox 561 2459 682 2495; x_wconf 88' lang='lat' dir='ltr'>recte</span> <span class='ocrx_word' id='word_1_192' title='bbox 707 2467 976 2551; x_wconf 54' lang='lat' dir='ltr'>percepere,</span> <span class='ocrx_word' id='word_1_193' title='bbox 1004 2450 1083 2509; x_wconf 89' lang='lat' dir='ltr'>qui</span> 
     </span>
     <span class='ocr_line' id='line_1_29' title="bbox 182 2508 1080 2570; baseline -0.006 -15"><span class='ocrx_word' id='word_1_194' title='bbox 182 2519 360 2555; x_wconf 85' lang='lat' dir='ltr'>mutant</span> <span class='ocrx_word' id='word_1_195' title='bbox 387 2511 512 2570; x_wconf 84' lang='lat' dir='ltr'>prius</span> <span class='ocrx_word' id='word_1_196' title='bbox 538 2509 658 2552; x_wconf 80' lang='lat' dir='ltr'>ut&#39;in</span> <span class='ocrx_word' id='word_1_197' title='bbox 681 2518 727 2552; x_wconf 83' lang='lat' dir='ltr'>et</span> <span class='ocrx_word' id='word_1_198' title='bbox 749 2509 819 2553; x_wconf 88' lang='lat' dir='ltr'>vel</span> <span class='ocrx_word' id='word_1_199' title='bbox 875 2509 992 2552; x_wconf 82' lang='lat' dir='ltr'>elent</span> <span class='ocrx_word' id='word_1_200' title='bbox 1010 2508 1080 2552; x_wconf 89' lang='lat' dir='ltr'>al-</span> 
     </span>
     <span class='ocr_line' id='line_1_30' title="bbox 182 2565 1085 2613; baseline -0.006 -1"><span class='ocrx_word' id='word_1_201' title='bbox 182 2578 334 2613; x_wconf 81' lang='lat' dir='ltr'>terum</span> <span class='ocrx_word' id='word_1_202' title='bbox 374 2577 440 2612; x_wconf 81' lang='lat' dir='ltr'>ut.</span> <span class='ocrx_word' id='word_1_203' title='bbox 510 2566 694 2610; x_wconf 85' lang='lat' dir='ltr'>Etenim</span> <span class='ocrx_word' id='word_1_204' title='bbox 723 2566 860 2609; x_wconf 76' lang='lat' dir='ltr'>verba</span> <span class='ocrx_word' id='word_1_205' title='bbox 894 2565 1085 2608; x_wconf 84' lang='lat' dir='ltr'>minime</span> 
     </span>
     <span class='ocr_line' id='line_1_31' title="bbox 183 2622 1084 2683; baseline -0.007 -12"><span class='ocrx_word' id='word_1_206' title='bbox 183 2627 246 2671; x_wconf 87' lang='lat' dir='ltr'>ita</span> <span class='ocrx_word' id='word_1_207' title='bbox 270 2626 536 2677; x_wconf 79' lang='lat' dir='ltr'>cohaerent,</span> <span class='ocrx_word' id='word_1_208' title='bbox 566 2623 693 2683; x_wconf 88' lang='lat' dir='ltr'>quasi</span> <span class='ocrx_word' id='word_1_209' title='bbox 717 2622 903 2669; x_wconf 89' lang='lat' dir='ltr'>nomine</span> <span class='ocrx_word' id='word_1_210' title='bbox 926 2631 971 2666; x_wconf 87' lang='lat' dir='ltr'>et</span> <span class='ocrx_word' id='word_1_211' title='bbox 999 2639 1084 2665; x_wconf 92' lang='lat' dir='ltr'>au-</span> 
     </span>
     <span class='ocr_line' id='line_1_32' title="bbox 189 2681 1083 2741; baseline -0.007 -13"><span class='ocrx_word' id='word_1_212' title='bbox 189 2692 315 2728; x_wconf 82' lang='lat' dir='ltr'>ctore</span> <span class='ocrx_word' id='word_1_213' title='bbox 338 2684 458 2729; x_wconf 85' lang='lat' dir='ltr'>effici</span> <span class='ocrx_word' id='word_1_214' title='bbox 479 2698 612 2741; x_wconf 87' lang='lat' dir='ltr'>posse</span> <span class='ocrx_word' id='word_1_215' title='bbox 639 2681 788 2724; x_wconf 86' lang='lat' dir='ltr'>dicant</span> <span class='ocrx_word' id='word_1_216' title='bbox 811 2689 862 2724; x_wconf 86' lang='lat' dir='ltr'>ut</span> <span class='ocrx_word' id='word_1_217' title='bbox 885 2713 895 2723; x_wconf 89' lang='lat'>.</span> <span class='ocrx_word' id='word_1_218' title='bbox 913 2712 926 2724; x_wconf 91' lang='lat'><em>.</em></span> <span class='ocrx_word' id='word_1_219' title='bbox 941 2712 951 2722; x_wconf 90' lang='lat'><strong>.</strong></span> <span class='ocrx_word' id='word_1_220' title='bbox 981 2696 1083 2723; x_wconf 89' lang='lat' dir='ltr'>cer-</span> 
     </span>
     <span class='ocr_line' id='line_1_33' title="bbox 187 2739 1087 2794; baseline -0.007 -9"><span class='ocrx_word' id='word_1_221' title='bbox 187 2751 400 2794; x_wconf 61' lang='lat' dir='ltr'>neretum</span> <span class='ocrx_word' id='word_1_222' title='bbox 441 2742 519 2785; x_wconf 86' lang='lat' dir='ltr'>sed</span> <span class='ocrx_word' id='word_1_223' title='bbox 547 2739 682 2782; x_wconf 85' lang='lat' dir='ltr'>verba</span> <span class='ocrx_word' id='word_1_224' title='bbox 706 2746 757 2782; x_wconf 82' lang='lat' dir='ltr'>ut</span> <span class='ocrx_word' id='word_1_225' title='bbox 779 2770 790 2782; x_wconf 94' lang='lat'>.</span> <span class='ocrx_word' id='word_1_226' title='bbox 805 2767 843 2782; x_wconf 86' lang='lat'>..</span> <span class='ocrx_word' id='word_1_227' title='bbox 866 2751 1087 2781; x_wconf 81' lang='lat' dir='ltr'>cernere-</span> 
     </span>
     <span class='ocr_line' id='line_1_34' title="bbox 189 2795 1089 2857; baseline -0.004 -15"><span class='ocrx_word' id='word_1_228' title='bbox 189 2807 270 2842; x_wconf 84' lang='lat' dir='ltr'>tur</span> <span class='ocrx_word' id='word_1_229' title='bbox 291 2797 598 2857; x_wconf 81' lang='lat' dir='ltr'>explicationis</span> <span class='ocrx_word' id='word_1_230' title='bbox 624 2812 757 2839; x_wconf 86' lang='lat' dir='ltr'>causa</span> <span class='ocrx_word' id='word_1_231' title='bbox 777 2795 1089 2854; x_wconf 88' lang='lat' dir='ltr'>praecedenti-</span> 
     </span>
     <span class='ocr_line' id='line_1_35' title="bbox 188 2852 1090 2913; baseline -0.006 -13"><span class='ocrx_word' id='word_1_232' title='bbox 188 2858 275 2900; x_wconf 88' lang='lat' dir='ltr'>bus</span> <span class='ocrx_word' id='word_1_233' title='bbox 313 2857 569 2904; x_wconf 86' lang='lat' dir='ltr'>adduntur,</span> <span class='ocrx_word' id='word_1_234' title='bbox 611 2861 662 2896; x_wconf 86' lang='lat' dir='ltr'>ut</span> <span class='ocrx_word' id='word_1_235' title='bbox 686 2853 822 2906; x_wconf 89' lang='lat' dir='ltr'>scias,</span> <span class='ocrx_word' id='word_1_236' title='bbox 861 2853 972 2913; x_wconf 90' lang='lat' dir='ltr'>quid</span> <span class='ocrx_word' id='word_1_237' title='bbox 1006 2852 1090 2896; x_wconf 87' lang='lat' dir='ltr'>sibi</span> 
     </span>
     <span class='ocr_line' id='line_1_36' title="bbox 191 2912 1090 2959; baseline -0.003 -3"><span class='ocrx_word' id='word_1_238' title='bbox 191 2913 334 2958; x_wconf 76' lang='lat' dir='ltr'>velint</span> <span class='ocrx_word' id='word_1_239' title='bbox 375 2914 515 2959; x_wconf 86' lang='lat' dir='ltr'>verba</span> <span class='ocrx_word' id='word_1_240' title='bbox 561 2912 751 2955; x_wconf 83' lang='lat' dir='ltr'>nomine</span> <span class='ocrx_word' id='word_1_241' title='bbox 793 2920 836 2955; x_wconf 88' lang='lat' dir='ltr'>et</span> <span class='ocrx_word' id='word_1_242' title='bbox 879 2917 1090 2953; x_wconf 79' lang='lat' dir='ltr'>auctore.</span> 
     </span>
     <span class='ocr_line' id='line_1_37' title="bbox 189 2968 1092 3027; baseline -0.008 -10"><span class='ocrx_word' id='word_1_243' title='bbox 189 2972 314 3017; x_wconf 68' lang='lat' dir='ltr'>Ante</span> <span class='ocrx_word' id='word_1_244' title='bbox 333 2979 385 3014; x_wconf 78' lang='lat' dir='ltr'>ut</span> <span class='ocrx_word' id='word_1_245' title='bbox 406 2978 570 3026; x_wconf 81' lang='lat' dir='ltr'>sponte</span> <span class='ocrx_word' id='word_1_246' title='bbox 591 2986 615 3013; x_wconf 90' lang='lat' dir='ltr'>e</span> <span class='ocrx_word' id='word_1_247' title='bbox 635 2968 1006 3027; x_wconf 81' lang='lat' dir='ltr'>praecedentibus</span> <span class='ocrx_word' id='word_1_248' title='bbox 1023 2983 1092 3010; x_wconf 91' lang='lat' dir='ltr'>re·</span> 
     </span>
     <span class='ocr_line' id='line_1_38' title="bbox 190 3029 1093 3088; baseline -0.007 -15"><span class='ocrx_word' id='word_1_249' title='bbox 190 3029 437 3088; x_wconf 88' lang='lat' dir='ltr'>petendum</span> <span class='ocrx_word' id='word_1_250' title='bbox 470 3037 558 3072; x_wconf 66' lang='lat' dir='ltr'>esta</span> <span class='ocrx_word' id='word_1_251' title='bbox 607 3041 726 3081; x_wconf 84' lang='lat' dir='ltr'>opus</span> <span class='ocrx_word' id='word_1_252' title='bbox 758 3032 947 3069; x_wconf 82' lang='lat' dir='ltr'>tantum</span> <span class='ocrx_word' id='word_1_253' title='bbox 979 3040 1093 3075; x_wconf 82' lang='lat' dir='ltr'>esse,</span> 
     </span>
     <span class='ocr_line' id='line_1_39' title="bbox 192 3082 1094 3149; baseline -0.002 -19"><span class='ocrx_word' id='word_1_254' title='bbox 192 3096 244 3131; x_wconf 87' lang='lat' dir='ltr'>ut</span> <span class='ocrx_word' id='word_1_255' title='bbox 281 3087 342 3131; x_wconf 87' lang='lat' dir='ltr'>ita</span> <span class='ocrx_word' id='word_1_256' title='bbox 374 3086 507 3149; x_wconf 81' lang='lat' dir='ltr'>plena</span> <span class='ocrx_word' id='word_1_257' title='bbox 540 3084 757 3129; x_wconf 83' lang='lat' dir='ltr'>sententia</span> <span class='ocrx_word' id='word_1_258' title='bbox 785 3084 862 3127; x_wconf 84' lang='lat' dir='ltr'>sit:</span> <span class='ocrx_word' id='word_1_259' title='bbox 903 3082 1094 3128; x_wconf 88' lang='lat' dir='ltr'>nomine</span> 
     </span>
     <span class='ocr_line' id='line_1_40' title="bbox 192 3150 1094 3199; baseline -0.007 -10"><span class='ocrx_word' id='word_1_260' title='bbox 192 3153 370 3191; x_wconf 79' lang='lat' dir='ltr'>tantum</span> <span class='ocrx_word' id='word_1_261' title='bbox 443 3152 488 3187; x_wconf 88' lang='lat' dir='ltr'>et</span> <span class='ocrx_word' id='word_1_262' title='bbox 549 3150 733 3186; x_wconf 82' lang='lat' dir='ltr'>auctore</span> <span class='ocrx_word' id='word_1_263' title='bbox 799 3157 912 3199; x_wconf 89' lang='lat' dir='ltr'>opus</span> <span class='ocrx_word' id='word_1_264' title='bbox 984 3155 1094 3192; x_wconf 88' lang='lat' dir='ltr'>esse,</span> 
     </span>
     <span class='ocr_line' id='line_1_41' title="bbox 194 3198 1095 3256; baseline -0.009 -8"><span class='ocrx_word' id='word_1_265' title='bbox 194 3211 381 3250; x_wconf 85' lang='lat' dir='ltr'>auctore</span> <span class='ocrx_word' id='word_1_266' title='bbox 414 3209 590 3244; x_wconf 88' lang='lat' dir='ltr'>tantum</span> <span class='ocrx_word' id='word_1_267' title='bbox 623 3215 736 3256; x_wconf 88' lang='lat' dir='ltr'>opus</span> <span class='ocrx_word' id='word_1_268' title='bbox 771 3215 865 3242; x_wconf 87' lang='lat' dir='ltr'>esse</span> <span class='ocrx_word' id='word_1_269' title='bbox 896 3198 940 3242; x_wconf 87' lang='lat' dir='ltr'>h.</span> <span class='ocrx_word' id='word_1_270' title='bbox 972 3213 1010 3240; x_wconf 90' lang='lat' dir='ltr'>e.</span> <span class='ocrx_word' id='word_1_271' title='bbox 1046 3206 1095 3240; x_wconf 88' lang='lat' dir='ltr'>ut</span> 
     </span>
     <span class='ocr_line' id='line_1_42' title="bbox 196 3256 1097 3320; baseline -0.008 -14"><span class='ocrx_word' id='word_1_272' title='bbox 196 3268 360 3320; x_wconf 81' lang='lat' dir='ltr'>sponte</span> <span class='ocrx_word' id='word_1_273' title='bbox 373 3257 598 3309; x_wconf 87' lang='lat' dir='ltr'>Caesaris,</span> <span class='ocrx_word' id='word_1_274' title='bbox 628 3256 816 3299; x_wconf 87' lang='lat' dir='ltr'>nomine</span> <span class='ocrx_word' id='word_1_275' title='bbox 835 3256 878 3300; x_wconf 86' lang='lat' dir='ltr'>h.</span> <span class='ocrx_word' id='word_1_276' title='bbox 897 3271 935 3298; x_wconf 91' lang='lat' dir='ltr'>e.</span> <span class='ocrx_word' id='word_1_277' title='bbox 955 3262 1004 3297; x_wconf 86' lang='lat' dir='ltr'>ut</span> <span class='ocrx_word' id='word_1_278' title='bbox 1026 3271 1097 3314; x_wconf 76' lang='lat' dir='ltr'>ge-</span> 
     </span>
     <span class='ocr_line' id='line_1_43' title="bbox 197 3312 1101 3363; baseline -0.008 0"><span class='ocrx_word' id='word_1_279' title='bbox 197 3335 284 3363; x_wconf 87' lang='lat' dir='ltr'>nus</span> <span class='ocrx_word' id='word_1_280' title='bbox 307 3319 364 3362; x_wconf 87' lang='lat' dir='ltr'>A.</span> <span class='ocrx_word' id='word_1_281' title='bbox 383 3333 422 3360; x_wconf 91' lang='lat' dir='ltr'>r.</span> <span class='ocrx_word' id='word_1_282' title='bbox 446 3332 485 3359; x_wconf 89' lang='lat' dir='ltr'>a.</span> <span class='ocrx_word' id='word_1_283' title='bbox 507 3316 559 3359; x_wconf 91' lang='lat' dir='ltr'>E.</span> <span class='ocrx_word' id='word_1_284' title='bbox 585 3323 861 3358; x_wconf 87' lang='lat' dir='ltr'>cerneretur.</span> <span class='ocrx_word' id='word_1_285' title='bbox 924 3312 1101 3357; x_wconf 89' lang='lat' dir='ltr'>Potuis-</span> 
     </span>
     <span class='ocr_line' id='line_1_44' title="bbox 197 3370 1103 3425; baseline -0.009 -5"><span class='ocrx_word' id='word_1_286' title='bbox 197 3385 266 3420; x_wconf 84' lang='lat' dir='ltr'>set</span> <span class='ocrx_word' id='word_1_287' title='bbox 289 3373 566 3425; x_wconf 85' lang='lat' dir='ltr'>hauddubie</span> <span class='ocrx_word' id='word_1_288' title='bbox 586 3370 769 3415; x_wconf 84' lang='lat' dir='ltr'>Tacitus</span> <span class='ocrx_word' id='word_1_289' title='bbox 788 3371 1009 3415; x_wconf 86' lang='lat' dir='ltr'>scribere:</span> <span class='ocrx_word' id='word_1_290' title='bbox 1051 3378 1103 3413; x_wconf 78' lang='lat' dir='ltr'>ut</span> 
     </span>
     <span class='ocr_line' id='line_1_45' title="bbox 201 3427 1101 3489; baseline -0.007 -12"><span class='ocrx_word' id='word_1_291' title='bbox 201 3441 362 3489; x_wconf 83' lang='lat' dir='ltr'>sponte</span> <span class='ocrx_word' id='word_1_292' title='bbox 386 3432 434 3476; x_wconf 91' lang='lat' dir='ltr'>C.</span> <span class='ocrx_word' id='word_1_293' title='bbox 457 3445 601 3487; x_wconf 77' lang='lat' dir='ltr'>genus</span> <span class='ocrx_word' id='word_1_294' title='bbox 625 3429 682 3473; x_wconf 82' lang='lat' dir='ltr'>A.</span> <span class='ocrx_word' id='word_1_295' title='bbox 714 3460 724 3472; x_wconf 90' lang='lat'>.</span> <span class='ocrx_word' id='word_1_296' title='bbox 747 3460 758 3471; x_wconf 92' lang='lat'><strong>.</strong></span> <span class='ocrx_word' id='word_1_297' title='bbox 779 3460 792 3472; x_wconf 87' lang='lat'><strong>.</strong></span> <span class='ocrx_word' id='word_1_298' title='bbox 822 3427 1101 3480; x_wconf 65' lang='lat' dir='ltr'>cerneretur,</span> 
     </span>
     <span class='ocr_line' id='line_1_46' title="bbox 205 3484 1102 3539; baseline -0.007 -4"><span class='ocrx_word' id='word_1_299' title='bbox 205 3490 370 3535; x_wconf 81' lang='lat' dir='ltr'>omisso</span> <span class='ocrx_word' id='word_1_300' title='bbox 413 3488 555 3534; x_wconf 85' lang='lat' dir='ltr'>altero</span> <span class='ocrx_word' id='word_1_301' title='bbox 597 3493 647 3529; x_wconf 82' lang='lat' dir='ltr'>ut</span> <span class='ocrx_word' id='word_1_302' title='bbox 662 3505 677 3539; x_wconf 92' lang='lat'><em>;</em></span> <span class='ocrx_word' id='word_1_303' title='bbox 729 3486 806 3530; x_wconf 76' lang='lat' dir='ltr'>sed</span> <span class='ocrx_word' id='word_1_304' title='bbox 849 3484 1102 3531; x_wconf 84' lang='lat' dir='ltr'>rhetoricae</span> 
     </span>
    </p>
   </div>
   <div class='ocr_carea' id='block_1_9' title="bbox 1152 2279 2070 3548">
    <p class='ocr_par' dir='ltr' id='par_1_9' title="bbox 1152 2279 2060 2959">
     <span class='ocr_line' id='line_1_47' title="bbox 1155 2279 2050 2349; baseline 0.002 -25"><span class='ocrx_word' id='word_1_305' title='bbox 1155 2279 1385 2349; x_wconf 78' lang='lat' dir='ltr'>dignitatis</span> <span class='ocrx_word' id='word_1_306' title='bbox 1418 2289 1462 2325; x_wconf 89' lang='lat' dir='ltr'>et</span> <span class='ocrx_word' id='word_1_307' title='bbox 1505 2281 1728 2342; x_wconf 87' lang='lat' dir='ltr'>emphasis</span> <span class='ocrx_word' id='word_1_308' title='bbox 1776 2299 1907 2327; x_wconf 88' lang='lat' dir='ltr'>causa</span> <span class='ocrx_word' id='word_1_309' title='bbox 1948 2299 2050 2326; x_wconf 89' lang='lat' dir='ltr'>ma·</span> 
     </span>
     <span class='ocr_line' id='line_1_48' title="bbox 1154 2338 2050 2396; baseline 0.003 -14"><span class='ocrx_word' id='word_1_310' title='bbox 1154 2339 1238 2382; x_wconf 89' lang='lat' dir='ltr'>lu1t</span> <span class='ocrx_word' id='word_1_311' title='bbox 1261 2338 1484 2385; x_wconf 78' lang='lat' dir='ltr'>dividere:</span> <span class='ocrx_word' id='word_1_312' title='bbox 1526 2347 1579 2383; x_wconf 80' lang='lat' dir='ltr'>ut</span> <span class='ocrx_word' id='word_1_313' title='bbox 1598 2348 1763 2396; x_wconf 77' lang='lat' dir='ltr'>sponte</span> <span class='ocrx_word' id='word_1_314' title='bbox 1790 2341 1860 2394; x_wconf 89' lang='lat' dir='ltr'>C.‚</span> <span class='ocrx_word' id='word_1_315' title='bbox 1893 2349 1947 2384; x_wconf 81' lang='lat' dir='ltr'>ut</span> <span class='ocrx_word' id='word_1_316' title='bbox 1968 2355 2050 2396; x_wconf 79' lang='lat' dir='ltr'>ge-</span> 
     </span>
     <span class='ocr_line' id='line_1_49' title="bbox 1152 2398 2051 2455; baseline 0.006 -17"><span class='ocrx_word' id='word_1_317' title='bbox 1152 2411 1242 2439; x_wconf 79' lang='lat' dir='ltr'>nus</span> <span class='ocrx_word' id='word_1_318' title='bbox 1267 2398 1326 2439; x_wconf 82' lang='lat' dir='ltr'>A.</span> <span class='ocrx_word' id='word_1_319' title='bbox 1343 2428 1355 2444; x_wconf 88' lang='lat'><strong>‚</strong></span> <span class='ocrx_word' id='word_1_320' title='bbox 1395 2413 1486 2455; x_wconf 90' lang='lat' dir='ltr'>quo</span> <span class='ocrx_word' id='word_1_321' title='bbox 1520 2399 1661 2455; x_wconf 78' lang='lat' dir='ltr'>magis</span> <span class='ocrx_word' id='word_1_322' title='bbox 1688 2399 1770 2441; x_wconf 89' lang='lat' dir='ltr'>sub</span> <span class='ocrx_word' id='word_1_323' title='bbox 1792 2399 1951 2443; x_wconf 85' lang='lat' dir='ltr'>oculos</span> <span class='ocrx_word' id='word_1_324' title='bbox 1973 2416 2051 2443; x_wconf 90' lang='lat' dir='ltr'>ca-</span> 
     </span>
     <span class='ocr_line' id='line_1_50' title="bbox 1155 2453 2051 2512; baseline 0.006 -18"><span class='ocrx_word' id='word_1_325' title='bbox 1155 2453 1316 2496; x_wconf 87' lang='lat' dir='ltr'>derent</span> <span class='ocrx_word' id='word_1_326' title='bbox 1337 2453 1447 2496; x_wconf 88' lang='lat' dir='ltr'>haec</span> <span class='ocrx_word' id='word_1_327' title='bbox 1467 2456 1557 2498; x_wconf 89' lang='lat' dir='ltr'>duo</span> <span class='ocrx_word' id='word_1_328' title='bbox 1580 2455 1840 2512; x_wconf 84' lang='lat' dir='ltr'>gravissima</span> <span class='ocrx_word' id='word_1_329' title='bbox 1865 2457 1928 2499; x_wconf 91' lang='lat' dir='ltr'>rei</span> <span class='ocrx_word' id='word_1_330' title='bbox 1949 2473 2051 2499; x_wconf 88' lang='lat' dir='ltr'>mo-</span> 
     </span>
     <span class='ocr_line' id='line_1_51' title="bbox 1155 2509 2055 2556; baseline 0.002 -4"><span class='ocrx_word' id='word_1_331' title='bbox 1155 2518 1321 2554; x_wconf 84' lang='lat' dir='ltr'>menta.</span> <span class='ocrx_word' id='word_1_332' title='bbox 1383 2509 1678 2555; x_wconf 85' lang='lat' dir='ltr'>Germanice:</span> <span class='ocrx_word' id='word_1_333' title='bbox 1711 2513 1816 2554; x_wconf 78' lang='lat' dir='ltr'>Nur</span> <span class='ocrx_word' id='word_1_334' title='bbox 1846 2517 1929 2556; x_wconf 82' lang='lat' dir='ltr'>des</span> <span class='ocrx_word' id='word_1_335' title='bbox 1951 2515 2055 2556; x_wconf 88' lang='grc' dir='ltr'>Να-</span> 
     </span>
     <span class='ocr_line' id='line_1_52' title="bbox 1156 2569 2056 2626; baseline 0.003 -17"><span class='ocrx_word' id='word_1_336' title='bbox 1156 2581 1289 2610; x_wconf 79' lang='lat' dir='ltr'>mens</span> <span class='ocrx_word' id='word_1_337' title='bbox 1306 2571 1406 2610; x_wconf 86' lang='lat' dir='ltr'>und</span> <span class='ocrx_word' id='word_1_338' title='bbox 1424 2572 1508 2612; x_wconf 83' lang='lat' dir='ltr'>des</span> <span class='ocrx_word' id='word_1_339' title='bbox 1517 2569 1837 2624; x_wconf 69' lang='lat' dir='ltr'>Mactatgebers</span> <span class='ocrx_word' id='word_1_340' title='bbox 1862 2571 2056 2626; x_wconf 75' lang='lat' dir='ltr'>bedie‘rse</span> 
     </span>
     <span class='ocr_line' id='line_1_53' title="bbox 1158 2624 2055 2685; baseline 0.003 -18"><span class='ocrx_word' id='word_1_341' title='bbox 1158 2639 1231 2674; x_wconf 86' lang='lat' dir='ltr'>es,</span> <span class='ocrx_word' id='word_1_342' title='bbox 1270 2639 1391 2676; x_wconf 86' lang='lat' dir='ltr'>nur,</span> <span class='ocrx_word' id='word_1_343' title='bbox 1429 2624 1538 2685; x_wconf 84' lang='lat' dir='ltr'>dass</span> <span class='ocrx_word' id='word_1_344' title='bbox 1578 2628 1662 2669; x_wconf 80' lang='lat' dir='ltr'>mit</span> <span class='ocrx_word' id='word_1_345' title='bbox 1696 2627 1897 2670; x_wconf 80' lang='lat' dir='ltr'>Caesars</span> <span class='ocrx_word' id='word_1_346' title='bbox 1929 2628 2055 2684; x_wconf 89' lang='lat' dir='ltr'>Auf-</span> 
     </span>
     <span class='ocr_line' id='line_1_54' title="bbox 1159 2682 2059 2744; baseline 0.007 -20"><span class='ocrx_word' id='word_1_347' title='bbox 1159 2690 1315 2736; x_wconf 79' lang='lat' dir='ltr'>trage,</span> <span class='ocrx_word' id='word_1_348' title='bbox 1357 2682 1471 2740; x_wconf 81' lang='lat' dir='ltr'>dass</span> <span class='ocrx_word' id='word_1_349' title='bbox 1505 2684 1578 2727; x_wconf 84' lang='lat' dir='ltr'>ein</span> <span class='ocrx_word' id='word_1_350' title='bbox 1601 2682 1871 2744; x_wconf 63' lang='lat' dir='ltr'>Sprc‘vfslffig</span> <span class='ocrx_word' id='word_1_351' title='bbox 1893 2689 1974 2728; x_wconf 83' lang='lat' dir='ltr'>des</span> <span class='ocrx_word' id='word_1_352' title='bbox 1997 2688 2059 2731; x_wconf 85' lang='lat' dir='ltr'>A.</span> 
     </span>
     <span class='ocr_line' id='line_1_55' title="bbox 1161 2738 2056 2796; baseline 0.007 -15"><span class='ocrx_word' id='word_1_353' title='bbox 1161 2755 1243 2782; x_wconf 82' lang='lat' dir='ltr'>am</span> <span class='ocrx_word' id='word_1_354' title='bbox 1268 2738 1389 2795; x_wconf 81' lang='lat' dir='ltr'>Ufer</span> <span class='ocrx_word' id='word_1_355' title='bbox 1418 2743 1498 2785; x_wconf 82' lang='lat' dir='ltr'>des</span> <span class='ocrx_word' id='word_1_356' title='bbox 1520 2742 1578 2784; x_wconf 86' lang='lat' dir='ltr'>E.</span> <span class='ocrx_word' id='word_1_357' title='bbox 1610 2743 1706 2791; x_wconf 72' lang='lat' dir='ltr'>sich</span> <span class='ocrx_word' id='word_1_358' title='bbox 1738 2743 1898 2796; x_wconf 79' lang='lat' dir='ltr'>zeigte.</span> <span class='ocrx_word' id='word_1_359' title='bbox 1966 2744 2056 2786; x_wconf 84' lang='lat' dir='ltr'>Fa-</span> 
     </span>
     <span class='ocr_line' id='line_1_56' title="bbox 1163 2796 2060 2862; baseline 0.004 -21"><span class='ocrx_word' id='word_1_360' title='bbox 1163 2796 1380 2862; x_wconf 79' lang='lat' dir='ltr'>cillimam</span> <span class='ocrx_word' id='word_1_361' title='bbox 1420 2796 1520 2842; x_wconf 87' lang='lat' dir='ltr'>fore</span> <span class='ocrx_word' id='word_1_362' title='bbox 1563 2798 1889 2858; x_wconf 86' lang='lat' dir='ltr'>expeditionem</span> <span class='ocrx_word' id='word_1_363' title='bbox 1938 2801 2060 2845; x_wconf 83' lang='lat' dir='ltr'>hisce</span> 
     </span>
     <span class='ocr_line' id='line_1_57' title="bbox 1161 2856 2058 2902; baseline 0.003 -2"><span class='ocrx_word' id='word_1_364' title='bbox 1161 2856 1313 2900; x_wconf 79' lang='lat' dir='ltr'>verbis</span> <span class='ocrx_word' id='word_1_365' title='bbox 1350 2857 1665 2900; x_wconf 82' lang='lat' dir='ltr'>monstrabant</span> <span class='ocrx_word' id='word_1_366' title='bbox 1708 2857 1902 2900; x_wconf 83' lang='lat' dir='ltr'>admixta</span> <span class='ocrx_word' id='word_1_367' title='bbox 1945 2859 2058 2902; x_wconf 88' lang='lat' dir='ltr'>adu-</span> 
     </span>
     <span class='ocr_line' id='line_1_58' title="bbox 1164 2911 1718 2959; baseline -0.002 -3"><span class='ocrx_word' id='word_1_368' title='bbox 1164 2911 1333 2956; x_wconf 85' lang='lat' dir='ltr'>latione</span> <span class='ocrx_word' id='word_1_369' title='bbox 1358 2912 1404 2955; x_wconf 92' lang='lat' dir='ltr'>in</span> <span class='ocrx_word' id='word_1_370' title='bbox 1427 2914 1678 2959; x_wconf 87' lang='lat' dir='ltr'>Caesarem.</span> <span class='ocrx_word' id='word_1_371' title='bbox 1714 2951 1718 2954; x_wconf 96' lang='lat'>.</span> 
     </span>
    </p>

    <p class='ocr_par' dir='ltr' id='par_1_10' title="bbox 1164 2968 2062 3252">
     <span class='ocr_line' id='line_1_59' title="bbox 1225 2968 2057 3016; baseline 0.004 -3"><span class='ocrx_word' id='word_1_372' title='bbox 1225 2968 1339 3014; x_wconf 76' lang='lat' dir='ltr'>CAP.</span> <span class='ocrx_word' id='word_1_373' title='bbox 1362 2969 1433 3013; x_wconf 78' lang='lat'>32.</span> <span class='ocrx_word' id='word_1_374' title='bbox 1463 2975 1617 3014; x_wconf 86' lang='lat' dir='ltr'>modo.</span> <span class='ocrx_word' id='word_1_375' title='bbox 1679 2970 1921 3016; x_wconf 77' lang='lat' dir='ltr'>omittitur</span> <span class='ocrx_word' id='word_1_376' title='bbox 1945 2973 2057 3016; x_wconf 89' lang='lat' dir='ltr'>alte-</span> 
     </span>
     <span class='ocr_line' id='line_1_60' title="bbox 1164 3030 2061 3080; baseline 0.008 -11"><span class='ocrx_word' id='word_1_377' title='bbox 1164 3043 1268 3070; x_wconf 84' lang='lat' dir='ltr'>rum</span> <span class='ocrx_word' id='word_1_378' title='bbox 1290 3032 1432 3071; x_wconf 83' lang='lat' dir='ltr'>modo</span> <span class='ocrx_word' id='word_1_379' title='bbox 1454 3038 1556 3072; x_wconf 89' lang='lat' dir='ltr'>ante</span> <span class='ocrx_word' id='word_1_380' title='bbox 1579 3030 1778 3073; x_wconf 81' lang='lat' dir='ltr'>tardari.</span> <span class='ocrx_word' id='word_1_381' title='bbox 1836 3030 1913 3076; x_wconf 81' lang='lat' dir='ltr'>Sic</span> <span class='ocrx_word' id='word_1_382' title='bbox 1929 3033 1972 3080; x_wconf 81' lang='lat'>4,</span> <span class='ocrx_word' id='word_1_383' title='bbox 1992 3032 2061 3076; x_wconf 88' lang='lat'>50.</span> 
     </span>
     <span class='ocr_line' id='line_1_61' title="bbox 1165 3087 2062 3142; baseline 0.004 -15"><span class='ocrx_word' id='word_1_384' title='bbox 1165 3087 1373 3129; x_wconf 73' lang='lat' dir='ltr'>clamore</span> <span class='ocrx_word' id='word_1_385' title='bbox 1385 3087 1588 3136; x_wconf 80' lang='lat' dir='ltr'>turbido,</span> <span class='ocrx_word' id='word_1_386' title='bbox 1609 3091 1751 3129; x_wconf 84' lang='lat' dir='ltr'>modo</span> <span class='ocrx_word' id='word_1_387' title='bbox 1769 3103 1857 3142; x_wconf 80' lang='lat' dir='ltr'>per·</span> <span class='ocrx_word' id='word_1_388' title='bbox 1875 3096 2062 3131; x_wconf 81' lang='lat' dir='ltr'>vastum</span> 
     </span>
     <span class='ocr_line' id='line_1_62' title="bbox 1164 3143 2062 3197; baseline 0.007 -12"><span class='ocrx_word' id='word_1_389' title='bbox 1164 3143 1422 3187; x_wconf 80' lang='lat' dir='ltr'>silentium.</span> <span class='ocrx_word' id='word_1_390' title='bbox 1482 3144 1577 3188; x_wconf 79' lang='lat' dir='ltr'>Liv.</span> <span class='ocrx_word' id='word_1_391' title='bbox 1598 3145 1670 3197; x_wconf 77' lang='lat'>26,</span> <span class='ocrx_word' id='word_1_392' title='bbox 1694 3146 1761 3188; x_wconf 88' lang='lat'>15.</span> <span class='ocrx_word' id='word_1_393' title='bbox 1807 3146 1864 3190; x_wconf 86' lang='lat' dir='ltr'>cf.</span> <span class='ocrx_word' id='word_1_394' title='bbox 1885 3155 1982 3189; x_wconf 86' lang='lat' dir='ltr'>not.</span> <span class='ocrx_word' id='word_1_395' title='bbox 2007 3147 2062 3191; x_wconf 86' lang='lat' dir='ltr'>ad</span> 
     </span>
     <span class='ocr_line' id='line_1_63' title="bbox 1167 3198 1328 3252; baseline 0 -8"><span class='ocrx_word' id='word_1_396' title='bbox 1167 3198 1235 3252; x_wconf 82' lang='lat'>13,</span> <span class='ocrx_word' id='word_1_397' title='bbox 1257 3201 1328 3244; x_wconf 81' lang='lat'>44.</span> 
     </span>
    </p>

    <p class='ocr_par' dir='ltr' id='par_1_11' title="bbox 1171 3258 2070 3548">
     <span class='ocr_line' id='line_1_64' title="bbox 1229 3258 2065 3307; baseline 0.008 -8"><span class='ocrx_word' id='word_1_398' title='bbox 1229 3258 1449 3302; x_wconf 75' lang='lat' dir='ltr'>instituta</span> <span class='ocrx_word' id='word_1_399' title='bbox 1497 3258 1792 3302; x_wconf 77' lang='lat' dir='ltr'>Parthorum</span> <span class='ocrx_word' id='word_1_400' title='bbox 1851 3261 2065 3307; x_wconf 84' lang='lat' dir='ltr'>insumit.</span> 
     </span>
     <span class='ocr_line' id='line_1_65' title="bbox 1171 3313 2063 3364; baseline 0.003 -5"><span class='ocrx_word' id='word_1_401' title='bbox 1171 3313 1248 3359; x_wconf 83' lang='lat' dir='ltr'>Sic</span> <span class='ocrx_word' id='word_1_402' title='bbox 1282 3316 1386 3360; x_wconf 86' lang='lat' dir='ltr'>cod.</span> <span class='ocrx_word' id='word_1_403' title='bbox 1418 3315 1520 3359; x_wconf 91' lang='lat' dir='ltr'>MS.</span> <span class='ocrx_word' id='word_1_404' title='bbox 1561 3316 1661 3359; x_wconf 84' lang='lat' dir='ltr'>edd.</span> <span class='ocrx_word' id='word_1_405' title='bbox 1692 3318 1902 3363; x_wconf 83' lang='lat' dir='ltr'>Beroald.</span> <span class='ocrx_word' id='word_1_406' title='bbox 1942 3329 2063 3364; x_wconf 81' lang='lat' dir='ltr'>cete-</span> 
     </span>
     <span class='ocr_line' id='line_1_66' title="bbox 1172 3372 2066 3432; baseline 0.004 -16"><span class='ocrx_word' id='word_1_407' title='bbox 1172 3388 1338 3430; x_wconf 89' lang='lat' dir='ltr'>raeque</span> <span class='ocrx_word' id='word_1_408' title='bbox 1379 3380 1482 3416; x_wconf 85' lang='lat' dir='ltr'>vett.</span> <span class='ocrx_word' id='word_1_409' title='bbox 1564 3372 1652 3416; x_wconf 90' lang='lat' dir='ltr'>Sed</span> <span class='ocrx_word' id='word_1_410' title='bbox 1695 3391 1836 3432; x_wconf 86' lang='lat' dir='ltr'>quum</span> <span class='ocrx_word' id='word_1_411' title='bbox 1877 3379 2066 3422; x_wconf 86' lang='lat' dir='ltr'>verbum</span> 
     </span>
     <span class='ocr_line' id='line_1_67' title="bbox 1173 3430 2068 3490; baseline 0.006 -17"><span class='ocrx_word' id='word_1_412' title='bbox 1173 3432 1410 3473; x_wconf 79' lang='lat' dir='ltr'>insumere</span> <span class='ocrx_word' id='word_1_413' title='bbox 1459 3430 1523 3475; x_wconf 88' lang='lat' dir='ltr'>sic</span> <span class='ocrx_word' id='word_1_414' title='bbox 1576 3434 1786 3490; x_wconf 82' lang='lat' dir='ltr'>usurpari</span> <span class='ocrx_word' id='word_1_415' title='bbox 1836 3434 2068 3478; x_wconf 87' lang='lat' dir='ltr'>insolitum</span> 
     </span>
     <span class='ocr_line' id='line_1_68' title="bbox 1174 3488 2070 3548; baseline 0.001 -15"><span class='ocrx_word' id='word_1_416' title='bbox 1174 3503 1268 3533; x_wconf 83' lang='lat' dir='ltr'>esse</span> <span class='ocrx_word' id='word_1_417' title='bbox 1302 3488 1554 3541; x_wconf 79' lang='lat' dir='ltr'>videretur,</span> <span class='ocrx_word' id='word_1_418' title='bbox 1603 3488 1780 3548; x_wconf 83' lang='lat' dir='ltr'>Lipsius</span> <span class='ocrx_word' id='word_1_419' title='bbox 1814 3491 1951 3536; x_wconf 83' lang='lat' dir='ltr'>edidit</span> <span class='ocrx_word' id='word_1_420' title='bbox 1989 3507 2070 3538; x_wconf 49' lang='lat' dir='ltr'>su«</span> 
     </span>
    </p>
   </div>
  </div>
 </body>
</html>
