<?xml version="1.0" encoding="UTF-8"?>
<!DOCTYPE html PUBLIC "-//W3C//DTD XHTML 1.0 Transitional//EN"
    "http://www.w3.org/TR/xhtml1/DTD/xhtml1-transitional.dtd">
<html xmlns="http://www.w3.org/1999/xhtml" xml:lang="en" lang="en">
 <head>
  <title>
</title>
<meta http-equiv="Content-Type" content="text/html;charset=utf-8" />
  <meta name='ocr-system' content='tesseract 3.04.00' />
  <meta name='ocr-capabilities' content='ocr_page ocr_carea ocr_par ocr_line ocrx_word'/>
</head>
<body>
  <div class='ocr_page' id='page_1' title='image "./operarecensuitet01taciuoft/operarecensuitet01taciuoft_0300.png"; bbox 0 0 2222 4030; ppageno 0'>
   <div class='ocr_carea' id='block_1_1' title="bbox 1813 221 2036 303">
    <p class='ocr_par' dir='ltr' id='par_1_1' title="bbox 1813 221 2036 303">
     <span class='ocr_line' id='line_1_1' title="bbox 1814 221 2036 261; baseline 0.018 -5"><span class='ocrx_word' id='word_1_1' title='bbox 1814 221 1865 258; x_wconf 76' lang='lat' dir='ltr'>A.</span> <span class='ocrx_word' id='word_1_2' title='bbox 1882 222 1933 261; x_wconf 80' lang='lat' dir='ltr'>U.</span> <span class='ocrx_word' id='word_1_3' title='bbox 1955 224 2036 260; x_wconf 77' lang='lat'>774.</span> 
     </span>
     <span class='ocr_line' id='line_1_2' title="bbox 1813 265 2034 303; baseline 0.005 -2"><span class='ocrx_word' id='word_1_4' title='bbox 1813 268 1863 301; x_wconf 76' lang='lat' dir='ltr'>A.</span> <span class='ocrx_word' id='word_1_5' title='bbox 1885 265 1929 303; x_wconf 87' lang='lat' dir='ltr'>C.</span> <span class='ocrx_word' id='word_1_6' title='bbox 1976 270 2034 302; x_wconf 79' lang='lat'>21.</span> 
     </span>
    </p>
   </div>
   <div class='ocr_carea' id='block_1_2' title="bbox 255 219 2121 1022">
    <p class='ocr_par' dir='ltr' id='par_1_2' title="bbox 255 219 2121 1022">
     <span class='ocr_line' id='line_1_3' title="bbox 259 219 1446 285; baseline -0.005 0"><span class='ocrx_word' id='word_1_7' title='bbox 259 222 388 285; x_wconf 70' lang='lat'>250</span> <span class='ocrx_word' id='word_1_8' title='bbox 930 219 985 278; x_wconf 90' lang='lat' dir='ltr'><strong>A</strong></span> <span class='ocrx_word' id='word_1_9' title='bbox 998 219 1055 278; x_wconf 88' lang='lat' dir='ltr'>N</span> <span class='ocrx_word' id='word_1_10' title='bbox 1066 220 1121 278; x_wconf 92' lang='lat' dir='ltr'>N</span> <span class='ocrx_word' id='word_1_11' title='bbox 1135 219 1188 279; x_wconf 86' lang='lat' dir='ltr'><strong>A</strong></span> <span class='ocrx_word' id='word_1_12' title='bbox 1202 222 1253 281; x_wconf 94' lang='lat' dir='ltr'>L</span> <span class='ocrx_word' id='word_1_13' title='bbox 1268 221 1293 279; x_wconf 92' lang='lat' dir='ltr'>I</span> <span class='ocrx_word' id='word_1_14' title='bbox 1308 219 1362 280; x_wconf 90' lang='lat' dir='ltr'><strong>U</strong></span> <span class='ocrx_word' id='word_1_15' title='bbox 1377 221 1446 279; x_wconf 89' lang='lat' dir='ltr'><strong>M</strong></span> 
     </span>
     <span class='ocr_line' id='line_1_4' title="bbox 257 349 2121 430; baseline 0.001 -16"><span class='ocrx_word' id='word_1_16' title='bbox 257 367 470 413; x_wconf 83' lang='lat' dir='ltr'>natura</span> <span class='ocrx_word' id='word_1_17' title='bbox 494 349 828 410; x_wconf 86' lang='lat' dir='ltr'>invalidum</span> <span class='ocrx_word' id='word_1_18' title='bbox 855 350 1044 408; x_wconf 89' lang='lat' dir='ltr'>deseri</span> <span class='ocrx_word' id='word_1_19' title='bbox 1070 362 1126 408; x_wconf 91' lang='lat' dir='ltr'>et</span> <span class='ocrx_word' id='word_1_20' title='bbox 1148 350 1365 425; x_wconf 85' lang='lat' dir='ltr'>exponi</span> <span class='ocrx_word' id='word_1_21' title='bbox 1394 369 1499 407; x_wconf 88' lang='lat' dir='ltr'>suo</span> <span class='ocrx_word' id='word_1_22' title='bbox 1527 351 1670 408; x_wconf 84' lang='lat' dir='ltr'>luxu</span> <span class='ocrx_word' id='word_1_23' title='bbox 1687 397 1702 420; x_wconf 86' lang='lat'>‚</span> <span class='ocrx_word' id='word_1_24' title='bbox 1742 357 2121 430; x_wconf 86' lang='lat' dir='ltr'>cupidinibus</span> 
     </span>
     <span class='ocr_line' id='line_1_5' title="bbox 257 435 2116 517; baseline 0.001 -19"><span class='ocrx_word' id='word_1_25' title='bbox 257 439 489 500; x_wconf 81' lang='lat' dir='ltr'>alienis,</span> <span class='ocrx_word' id='word_1_26' title='bbox 570 437 671 494; x_wconf 82' lang='lat' dir='ltr'>vix</span> <span class='ocrx_word' id='word_1_27' title='bbox 700 437 997 511; x_wconf 82' lang='lat' dir='ltr'>praesenti</span> <span class='ocrx_word' id='word_1_28' title='bbox 1025 435 1290 493; x_wconf 85' lang='lat' dir='ltr'>custodia</span> <span class='ocrx_word' id='word_1_29' title='bbox 1313 455 1555 492; x_wconf 80' lang='lat' dir='ltr'>manere</span> <span class='ocrx_word' id='word_1_30' title='bbox 1577 436 1798 496; x_wconf 83' lang='lat' dir='ltr'>inlaesa</span> <span class='ocrx_word' id='word_1_31' title='bbox 1820 443 2116 517; x_wconf 84' lang='lat' dir='ltr'>coniugia:</span> 
     </span>
     <span class='ocr_line' id='line_1_6' title="bbox 259 519 2121 603; baseline 0.002 -22"><span class='ocrx_word' id='word_1_32' title='bbox 259 526 405 603; x_wconf 89' lang='lat' dir='ltr'>quid</span> <span class='ocrx_word' id='word_1_33' title='bbox 426 526 583 593; x_wconf 81' lang='lat' dir='ltr'>sore,</span> <span class='ocrx_word' id='word_1_34' title='bbox 626 522 807 599; x_wconf 79' lang='lat' dir='ltr'>siper</span> <span class='ocrx_word' id='word_1_35' title='bbox 831 522 1030 598; x_wconf 88' lang='lat' dir='ltr'>plures</span> <span class='ocrx_word' id='word_1_36' title='bbox 1063 539 1251 577; x_wconf 84' lang='lat' dir='ltr'>annos</span> <span class='ocrx_word' id='word_1_37' title='bbox 1283 519 1349 575; x_wconf 91' lang='lat' dir='ltr'>in</span> <span class='ocrx_word' id='word_1_38' title='bbox 1389 522 1635 579; x_wconf 87' lang='lat' dir='ltr'>modum</span> <span class='ocrx_word' id='word_1_39' title='bbox 1664 523 1905 585; x_wconf 87' lang='lat' dir='ltr'>discidii</span> <span class='ocrx_word' id='word_1_40' title='bbox 1939 529 2121 586; x_wconf 87' lang='lat' dir='ltr'>oblit-</span> 
     </span>
     <span class='ocr_line' id='line_1_7' title="bbox 258 604 2118 684; baseline 0.001 -16"><span class='ocrx_word' id='word_1_41' title='bbox 258 607 562 668; x_wconf 78' lang='lat' dir='ltr'>terentur?</span> <span class='ocrx_word' id='word_1_42' title='bbox 648 606 746 664; x_wconf 87' lang='lat' dir='ltr'>Sic</span> <span class='ocrx_word' id='word_1_43' title='bbox 759 604 1018 664; x_wconf 67' lang='lat' dir='ltr'>“obviam</span> <span class='ocrx_word' id='word_1_44' title='bbox 1046 607 1202 660; x_wconf 78' lang='lat' dir='ltr'>irent</span> <span class='ocrx_word' id='word_1_45' title='bbox 1234 605 1338 675; x_wconf 86' lang='lat' dir='ltr'>iis,</span> <span class='ocrx_word' id='word_1_46' title='bbox 1383 626 1530 684; x_wconf 81' lang='lat' dir='ltr'>quae</span> <span class='ocrx_word' id='word_1_47' title='bbox 1555 608 1700 664; x_wconf 80' lang='lat' dir='ltr'>alibi</span> <span class='ocrx_word' id='word_1_48' title='bbox 1720 625 2118 684; x_wconf 77' lang='lat' dir='ltr'>peccarentur,</span> 
     </span>
     <span class='ocr_line' id='line_1_8' title="bbox 256 686 2119 770; baseline 0.001 -16"><span class='ocrx_word' id='word_1_49' title='bbox 256 708 325 754; x_wconf 90' lang='lat' dir='ltr'>ut</span> <span class='ocrx_word' id='word_1_50' title='bbox 358 694 720 768; x_wconf 85' lang='lat' dir='ltr'>flagitiorum</span> <span class='ocrx_word' id='word_1_51' title='bbox 750 692 917 749; x_wconf 89' lang='lat' dir='ltr'>urbis</span> <span class='ocrx_word' id='word_1_52' title='bbox 949 689 1373 750; x_wconf 84' lang='lat' dir='ltr'>meminissent.</span> <span class='ocrx_word' id='word_1_53' title='bbox 1460 686 1715 750; x_wconf 89' lang='lat' dir='ltr'>Addidit</span> <span class='ocrx_word' id='word_1_54' title='bbox 1746 716 1932 770; x_wconf 83' lang='lat' dir='ltr'>pauca</span> <span class='ocrx_word' id='word_1_55' title='bbox 1957 696 2119 755; x_wconf 89' lang='lat' dir='ltr'>Dru-</span> 
     </span>
     <span class='ocr_line' id='line_1_9' title="bbox 257 777 2121 853; baseline 0.001 -14"><span class='ocrx_word' id='word_1_56' title='bbox 257 801 355 839; x_wconf 88' lang='lat' dir='ltr'>sus</span> <span class='ocrx_word' id='word_1_57' title='bbox 386 780 461 836; x_wconf 90' lang='lat' dir='ltr'>de</span> <span class='ocrx_word' id='word_1_58' title='bbox 494 778 871 835; x_wconf 84' lang='lat' dir='ltr'>matrimonio</span> <span class='ocrx_word' id='word_1_59' title='bbox 911 797 1034 833; x_wconf 76' lang='lat' dir='ltr'>suo,</span> <span class='ocrx_word' id='word_1_60' title='bbox 1121 795 1261 830; x_wconf 80' lang='lat' dir='ltr'>nam</span> <span class='ocrx_word' id='word_1_61' title='bbox 1295 777 1665 853; x_wconf 86' lang='lat' dir='ltr'>principibus</span> <span class='ocrx_word' id='word_1_62' title='bbox 1697 783 1969 840; x_wconf 80' lang='lat' dir='ltr'>adeunda</span> <span class='ocrx_word' id='word_1_63' title='bbox 1995 803 2121 840; x_wconf 86' lang='lat' dir='ltr'>sae-</span> 
     </span>
     <span class='ocr_line' id='line_1_10' title="bbox 255 860 2119 945; baseline 0.001 -22"><span class='ocrx_word' id='word_1_64' title='bbox 255 868 390 945; x_wconf 90' lang='lat' dir='ltr'>pius</span> <span class='ocrx_word' id='word_1_65' title='bbox 423 863 750 943; x_wconf 85' lang='lat' dir='ltr'>longinqua</span> <span class='ocrx_word' id='word_1_66' title='bbox 795 860 1046 936; x_wconf 85' lang='lat' dir='ltr'>imperii.</span> <span class='ocrx_word' id='word_1_67' title='bbox 1135 861 1408 936; x_wconf 85' lang='lat' dir='ltr'>quotiens</span> <span class='ocrx_word' id='word_1_68' title='bbox 1443 863 1650 920; x_wconf 87' lang='lat' dir='ltr'>divum</span> <span class='ocrx_word' id='word_1_69' title='bbox 1678 860 2016 940; x_wconf 76' lang='lat' dir='ltr'>Augustum</span> <span class='ocrx_word' id='word_1_70' title='bbox 2054 869 2119 924; x_wconf 89' lang='lat' dir='ltr'>in</span> 
     </span>
     <span class='ocr_line' id='line_1_11' title="bbox 257 942 2118 1022; baseline 0 -12"><span class='ocrx_word' id='word_1_71' title='bbox 257 948 647 1010; x_wconf 73' lang='lat' dir='ltr'>Occidentem</span> <span class='ocrx_word' id='word_1_72' title='bbox 684 960 856 1022; x_wconf 84' lang='lat' dir='ltr'>atque</span> <span class='ocrx_word' id='word_1_73' title='bbox 880 942 1195 1002; x_wconf 82' lang='lat' dir='ltr'>Orientem</span> <span class='ocrx_word' id='word_1_74' title='bbox 1226 947 1510 1004; x_wconf 82' lang='lat' dir='ltr'>meavisse</span> <span class='ocrx_word' id='word_1_75' title='bbox 1550 951 1763 1007; x_wconf 85' lang='lat' dir='ltr'>comite</span> <span class='ocrx_word' id='word_1_76' title='bbox 1785 952 1996 1009; x_wconf 83' lang='lat' dir='ltr'>Livia?</span> <span class='ocrx_word' id='word_1_77' title='bbox 2058 974 2118 1010; x_wconf 88' lang='lat' dir='ltr'>se</span> 
     </span>
    </p>
   </div>
   <div class='ocr_carea' id='block_1_3' title="bbox 256 1032 2119 1115">
    <p class='ocr_par' dir='ltr' id='par_1_3' title="bbox 256 1032 2119 1115">
     <span class='ocr_line' id='line_1_12' title="bbox 256 1032 2119 1115; baseline 0.005 -29"><span class='ocrx_word' id='word_1_78' title='bbox 256 1054 494 1115; x_wconf 80' lang='lat' dir='ltr'>quoque</span> <span class='ocrx_word' id='word_1_79' title='bbox 527 1035 594 1091; x_wconf 89' lang='lat' dir='ltr'>in</span> <span class='ocrx_word' id='word_1_80' title='bbox 620 1033 927 1110; x_wconf 85' lang='lat' dir='ltr'>Illyricum</span> <span class='ocrx_word' id='word_1_81' title='bbox 953 1032 1284 1105; x_wconf 87' lang='lat' dir='ltr'>profectum</span> <span class='ocrx_word' id='word_1_82' title='bbox 1308 1043 1394 1101; x_wconf 86' lang='lat' dir='ltr'>et,</span> <span class='ocrx_word' id='word_1_83' title='bbox 1432 1033 1482 1088; x_wconf 90' lang='lat' dir='ltr'>si</span> <span class='ocrx_word' id='word_1_84' title='bbox 1506 1034 1588 1092; x_wconf 84' lang='lat' dir='ltr'>ita</span> <span class='ocrx_word' id='word_1_85' title='bbox 1615 1037 1931 1107; x_wconf 80' lang='lat' dir='ltr'>conducat,</span> <span class='ocrx_word' id='word_1_86' title='bbox 1973 1040 2119 1095; x_wconf 86' lang='lat' dir='ltr'>alias</span> 
     </span>
    </p>
   </div>
   <div class='ocr_carea' id='block_1_4' title="bbox 255 1111 2222 1198">
    <p class='ocr_par' dir='ltr' id='par_1_4' title="bbox 255 1111 2222 1198">
     <span class='ocr_line' id='line_1_13' title="bbox 255 1111 2222 1198; baseline 0.001 -20"><span class='ocrx_word' id='word_1_87' title='bbox 255 1124 333 1198; x_wconf 78' lang='lat' dir='ltr'>ad</span> <span class='ocrx_word' id='word_1_88' title='bbox 389 1133 589 1198; x_wconf 81' lang='lat' dir='ltr'>gentes</span> <span class='ocrx_word' id='word_1_89' title='bbox 625 1120 879 1186; x_wconf 75' lang='lat' dir='ltr'>iturum,</span> <span class='ocrx_word' id='word_1_90' title='bbox 940 1111 1104 1172; x_wconf 84' lang='lat' dir='ltr'>haud</span> <span class='ocrx_word' id='word_1_91' title='bbox 1153 1136 1383 1193; x_wconf 84' lang='lat' dir='ltr'>semper</span> <span class='ocrx_word' id='word_1_92' title='bbox 1426 1137 1613 1194; x_wconf 81' lang='lat' dir='ltr'>aequo</span> <span class='ocrx_word' id='word_1_93' title='bbox 1657 1122 1887 1191; x_wconf 83' lang='lat' dir='ltr'>animo,</span> <span class='ocrx_word' id='word_1_94' title='bbox 1952 1123 2002 1178; x_wconf 88' lang='lat' dir='ltr'>si</span> <span class='ocrx_word' id='word_1_95' title='bbox 2044 1125 2119 1181; x_wconf 83' lang='lat' dir='ltr'>ab</span> <span class='ocrx_word' id='word_1_96' title='bbox 2220 1195 2222 1198; x_wconf 22' lang='lat'><strong>⁴</strong></span> 
     </span>
    </p>
   </div>
   <div class='ocr_carea' id='block_1_5' title="bbox 248 1203 2120 1880">
    <p class='ocr_par' dir='ltr' id='par_1_5' title="bbox 251 1203 2120 1351">
     <span class='ocr_line' id='line_1_14' title="bbox 251 1203 2120 1281; baseline 0 -16"><span class='ocrx_word' id='word_1_97' title='bbox 251 1214 435 1266; x_wconf 78' lang='lat' dir='ltr'>uxore</span> <span class='ocrx_word' id='word_1_98' title='bbox 462 1204 758 1263; x_wconf 87' lang='lat' dir='ltr'>carissima</span> <span class='ocrx_word' id='word_1_99' title='bbox 781 1212 838 1259; x_wconf 86' lang='lat' dir='ltr'>et</span> <span class='ocrx_word' id='word_1_100' title='bbox 858 1213 948 1258; x_wconf 87' lang='lat' dir='ltr'>tot</span> <span class='ocrx_word' id='word_1_101' title='bbox 974 1203 1383 1259; x_wconf 87' lang='lat' dir='ltr'>communium</span> <span class='ocrx_word' id='word_1_102' title='bbox 1403 1204 1730 1263; x_wconf 80' lang='lat' dir='ltr'>liberorum</span> <span class='ocrx_word' id='word_1_103' title='bbox 1757 1220 2000 1281; x_wconf 79' lang='lat' dir='ltr'>parente</span> <span class='ocrx_word' id='word_1_104' title='bbox 2025 1209 2120 1265; x_wconf 79' lang='lat' dir='ltr'>di·-</span> 
     </span>
     <span class='ocr_line' id='line_1_15' title="bbox 251 1294 1660 1351; baseline -0.001 0"><span class='ocrx_word' id='word_1_105' title='bbox 251 1294 586 1351; x_wconf 87' lang='lat' dir='ltr'>velleretur.</span> <span class='ocrx_word' id='word_1_106' title='bbox 1656 1346 1660 1350; x_wconf 88' lang='grc'><em>,</em></span> 
     </span>
    </p>

    <p class='ocr_par' dir='ltr' id='par_1_6' title="bbox 248 1369 2120 1880">
     <span class='ocr_line' id='line_1_16' title="bbox 248 1369 2120 1453; baseline 0.002 -22"><span class='ocrx_word' id='word_1_107' title='bbox 248 1376 249 1379; x_wconf 65' lang='grc'>’</span> <span class='ocrx_word' id='word_1_108' title='bbox 413 1370 673 1434; x_wconf 84' lang='lat' dir='ltr'>XXXV.</span> <span class='ocrx_word' id='word_1_109' title='bbox 744 1370 843 1429; x_wconf 86' lang='lat' dir='ltr'>Sic</span> <span class='ocrx_word' id='word_1_110' title='bbox 867 1369 1152 1429; x_wconf 78' lang='lat' dir='ltr'>Caecinae</span> <span class='ocrx_word' id='word_1_111' title='bbox 1180 1375 1473 1432; x_wconf 51' lang='lat' dir='ltr'>sententia¹</span> <span class='ocrx_word' id='word_1_112' title='bbox 1494 1375 1672 1450; x_wconf 77' lang='lat' dir='ltr'>elusa.</span> <span class='ocrx_word' id='word_1_113' title='bbox 1757 1373 1840 1434; x_wconf 88' lang='lat' dir='ltr'>Et</span> <span class='ocrx_word' id='word_1_114' title='bbox 1862 1379 2120 1453; x_wconf 85' lang='lat' dir='ltr'>proximi</span> 
     </span>
     <span class='ocr_line' id='line_1_17' title="bbox 252 1455 2119 1539; baseline -0.001 -19"><span class='ocrx_word' id='word_1_115' title='bbox 252 1474 485 1520; x_wconf 87' lang='lat' dir='ltr'>senatus</span> <span class='ocrx_word' id='word_1_116' title='bbox 523 1459 619 1516; x_wconf 90' lang='lat' dir='ltr'>die</span> <span class='ocrx_word' id='word_1_117' title='bbox 647 1455 928 1514; x_wconf 85' lang='lat' dir='ltr'>Tiberius</span> <span class='ocrx_word' id='word_1_118' title='bbox 948 1466 1056 1532; x_wconf 75' lang='lat' dir='ltr'>p&#39;er</span> <span class='ocrx_word' id='word_1_119' title='bbox 1087 1459 1310 1516; x_wconf 75' lang='lat' dir='ltr'>litteras</span> <span class='ocrx_word' id='word_1_120' title='bbox 1348 1461 1637 1534; x_wconf 80' lang='lat' dir='ltr'>castigatis</span> <span class='ocrx_word' id='word_1_121' title='bbox 1669 1462 1909 1539; x_wconf 86' lang='lat' dir='ltr'>oblique</span> <span class='ocrx_word' id='word_1_122' title='bbox 1933 1465 2119 1539; x_wconf 85' lang='lat' dir='ltr'>patri-</span> 
     </span>
     <span class='ocr_line' id='line_1_18' title="bbox 250 1541 2115 1623; baseline 0.001 -17"><span class='ocrx_word' id='word_1_123' title='bbox 250 1550 392 1618; x_wconf 77' lang='lat' dir='ltr'>bUS‚</span> <span class='ocrx_word' id='word_1_124' title='bbox 431 1545 591 1623; x_wconf 86' lang='lat' dir='ltr'>quod</span> <span class='ocrx_word' id='word_1_125' title='bbox 632 1541 1154 1601; x_wconf 82' lang='lat' dir='ltr'>cuncta.curarum</span> <span class='ocrx_word' id='word_1_126' title='bbox 1187 1546 1261 1600; x_wconf 83' lang='lat' dir='ltr'>ad</span> <span class='ocrx_word' id='word_1_127' title='bbox 1287 1545 1619 1621; x_wconf 83' lang='lat' dir='ltr'>principem</span> <span class='ocrx_word' id='word_1_128' title='bbox 1648 1548 1985 1619; x_wconf 75' lang='lat' dir='ltr'>reficerent,</span> <span class='ocrx_word' id='word_1_129' title='bbox 2028 1548 2115 1608; x_wconf 87' lang='lat' dir='ltr'>M.</span> 
     </span>
     <span class='ocr_line' id='line_1_19' title="bbox 248 1626 2119 1710; baseline -0.001 -18"><span class='ocrx_word' id='word_1_130' title='bbox 248 1632 548 1710; x_wconf 87' lang='lat' dir='ltr'>Lepidum</span> <span class='ocrx_word' id='word_1_131' title='bbox 587 1641 645 1687; x_wconf 90' lang='lat' dir='ltr'>et</span> <span class='ocrx_word' id='word_1_132' title='bbox 677 1626 922 1686; x_wconf 88' lang='lat' dir='ltr'>Iunium</span> <span class='ocrx_word' id='word_1_133' title='bbox 952 1627 1230 1686; x_wconf 84' lang='lat' dir='ltr'>Blaesum</span> <span class='ocrx_word' id='word_1_134' title='bbox 1270 1631 1632 1702; x_wconf 82' lang='lat' dir='ltr'>nominavit,</span> <span class='ocrx_word' id='word_1_135' title='bbox 1687 1652 1755 1688; x_wconf 86' lang='lat' dir='ltr'>ex</span> <span class='ocrx_word' id='word_1_136' title='bbox 1803 1634 1938 1710; x_wconf 90' lang='lat' dir='ltr'>quis</span> <span class='ocrx_word' id='word_1_137' title='bbox 1975 1655 2119 1710; x_wconf 91' lang='lat' dir='ltr'>pro-</span> 
     </span>
     <span class='ocr_line' id='line_1_20' title="bbox 251 1711 1057 1787; baseline -0.007 -11"><span class='ocrx_word' id='word_1_138' title='bbox 251 1717 459 1776; x_wconf 88' lang='lat' dir='ltr'>consul</span> <span class='ocrx_word' id='word_1_139' title='bbox 481 1711 718 1773; x_wconf 83' lang='lat' dir='ltr'>Africae</span> <span class='ocrx_word' id='word_1_140' title='bbox 748 1715 1057 1787; x_wconf 86' lang='lat' dir='ltr'>legeretur.</span> 
     </span>
     <span class='ocr_line' id='line_1_21' title="bbox 249 1798 2119 1880; baseline 0 -19"><span class='ocrx_word' id='word_1_141' title='bbox 249 1803 537 1861; x_wconf 87' lang='lat' dir='ltr'>intentius</span> <span class='ocrx_word' id='word_1_142' title='bbox 568 1810 882 1859; x_wconf 83' lang='lat' dir='ltr'>excusante</span> <span class='ocrx_word' id='word_1_143' title='bbox 917 1818 977 1855; x_wconf 92' lang='lat' dir='ltr'>se</span> <span class='ocrx_word' id='word_1_144' title='bbox 1002 1798 1263 1874; x_wconf 86' lang='lat' dir='ltr'>Lepido,</span> <span class='ocrx_word' id='word_1_145' title='bbox 1306 1821 1440 1858; x_wconf 88' lang='lat' dir='ltr'>cum</span> <span class='ocrx_word' id='word_1_146' title='bbox 1472 1802 1875 1858; x_wconf 80' lang='lat' dir='ltr'>valetudinem</span> <span class='ocrx_word' id='word_1_147' title='bbox 1908 1826 2119 1880; x_wconf 89' lang='lat' dir='ltr'>corpo-</span> 
     </span>
    </p>
   </div>
   <div class='ocr_carea' id='block_1_6' title="bbox 196 1884 2195 1960">
    <p class='ocr_par' dir='ltr' id='par_1_7' title="bbox 196 1884 2195 1960">
     <span class='ocr_line' id='line_1_22' title="bbox 196 1884 2195 1960; baseline -0.002 -13"><span class='ocrx_word' id='word_1_148' title='bbox 196 1931 204 1933; x_wconf 95' lang='lat'>-</span> <span class='ocrx_word' id='word_1_149' title='bbox 249 1889 364 1960; x_wconf 82' lang='lat' dir='ltr'>riS‚</span> <span class='ocrx_word' id='word_1_150' title='bbox 411 1897 661 1948; x_wconf 84' lang='lat' dir='ltr'>aetatem</span> <span class='ocrx_word' id='word_1_151' title='bbox 698 1884 983 1959; x_wconf 85' lang='lat' dir='ltr'>liberum,</span> <span class='ocrx_word' id='word_1_152' title='bbox 1036 1885 1307 1942; x_wconf 87' lang='lat' dir='ltr'>nubilem</span> <span class='ocrx_word' id='word_1_153' title='bbox 1353 1887 1537 1943; x_wconf 81' lang='lat' dir='ltr'>filiam</span> <span class='ocrx_word' id='word_1_154' title='bbox 1588 1888 1962 1960; x_wconf 82' lang='lat' dir='ltr'>obtenderet,</span> <span class='ocrx_word' id='word_1_155' title='bbox 2021 1892 2119 1945; x_wconf 88' lang='lat' dir='ltr'>in-</span> <span class='ocrx_word' id='word_1_156' title='bbox 2187 1893 2195 1920; x_wconf 72' lang='lat'>²</span> 
     </span>
    </p>
   </div>
   <div class='ocr_carea' id='block_1_7' title="bbox 248 1970 2118 2133">
    <p class='ocr_par' dir='ltr' id='par_1_8' title="bbox 248 1970 2118 2133">
     <span class='ocr_line' id='line_1_23' title="bbox 248 1970 2118 2049; baseline -0.001 -17"><span class='ocrx_word' id='word_1_157' title='bbox 248 1975 731 2049; x_wconf 86' lang='lat' dir='ltr'>telligereturque</span> <span class='ocrx_word' id='word_1_158' title='bbox 785 1970 991 2040; x_wconf 83' lang='lat' dir='ltr'>etiam,</span> <span class='ocrx_word' id='word_1_159' title='bbox 1051 1971 1214 2046; x_wconf 88' lang='lat' dir='ltr'>quod</span> <span class='ocrx_word' id='word_1_160' title='bbox 1272 1972 1510 2043; x_wconf 80' lang='lat' dir='ltr'>silebat,</span> <span class='ocrx_word' id='word_1_161' title='bbox 1581 1974 1947 2046; x_wconf 76' lang='lat' dir='ltr'>avunculum</span> <span class='ocrx_word' id='word_1_162' title='bbox 1998 1995 2118 2031; x_wconf 90' lang='lat' dir='ltr'>esse</span> 
     </span>
     <span class='ocr_line' id='line_1_24' title="bbox 249 2056 2118 2133; baseline -0.002 -14"><span class='ocrx_word' id='word_1_163' title='bbox 249 2059 454 2120; x_wconf 84' lang='lat' dir='ltr'>Seiani</span> <span class='ocrx_word' id='word_1_164' title='bbox 474 2057 756 2115; x_wconf 88' lang='lat' dir='ltr'>Blaesum</span> <span class='ocrx_word' id='word_1_165' title='bbox 778 2067 952 2132; x_wconf 87' lang='lat' dir='ltr'>atque</span> <span class='ocrx_word' id='word_1_166' title='bbox 977 2076 1046 2111; x_wconf 87' lang='lat' dir='ltr'>eo</span> <span class='ocrx_word' id='word_1_167' title='bbox 1074 2057 1496 2131; x_wconf 82' lang='lat' dir='ltr'>praevalidum.</span> <span class='ocrx_word' id='word_1_168' title='bbox 1583 2056 1918 2133; x_wconf 82' lang='lat' dir='ltr'>Respondit</span> <span class='ocrx_word' id='word_1_169' title='bbox 1942 2058 2118 2116; x_wconf 86' lang='lat' dir='ltr'>Blae-</span> 
     </span>
    </p>
   </div>
   <div class='ocr_carea' id='block_1_8' title="bbox 250 2141 2125 2220">
    <p class='ocr_par' dir='ltr' id='par_1_9' title="bbox 250 2141 2125 2220">
     <span class='ocr_line' id='line_1_25' title="bbox 250 2141 2125 2220; baseline 0.001 -18"><span class='ocrx_word' id='word_1_170' title='bbox 250 2161 348 2202; x_wconf 84' lang='lat' dir='ltr'>sus</span> <span class='ocrx_word' id='word_1_171' title='bbox 372 2143 562 2220; x_wconf 90' lang='lat' dir='ltr'>specie</span> <span class='ocrx_word' id='word_1_172' title='bbox 587 2141 939 2210; x_wconf 88' lang='lat' dir='ltr'>recusantis,</span> <span class='ocrx_word' id='word_1_173' title='bbox 984 2142 1082 2196; x_wconf 89' lang='lat' dir='ltr'>sed</span> <span class='ocrx_word' id='word_1_174' title='bbox 1110 2161 1309 2219; x_wconf 88' lang='lat' dir='ltr'>neque</span> <span class='ocrx_word' id='word_1_175' title='bbox 1341 2144 1545 2199; x_wconf 87' lang='lat' dir='ltr'>eadem</span> <span class='ocrx_word' id='word_1_176' title='bbox 1583 2144 2024 2213; x_wconf 83' lang='lat' dir='ltr'>adseveratione</span> <span class='ocrx_word' id='word_1_177' title='bbox 2062 2157 2125 2204; x_wconf 86' lang='lat' dir='ltr'>et.</span> 
     </span>
    </p>
   </div>
   <div class='ocr_carea' id='block_1_9' title="bbox 247 2221 2118 2478">
    <p class='ocr_par' dir='ltr' id='par_1_10' title="bbox 247 2221 2118 2478">
     <span class='ocr_line' id='line_1_26' title="bbox 251 2221 1447 2288; baseline -0.002 0"><span class='ocrx_word' id='word_1_178' title='bbox 251 2249 542 2288; x_wconf 90' lang='lat' dir='ltr'>consensu</span> <span class='ocrx_word' id='word_1_179' title='bbox 569 2226 939 2284; x_wconf 87' lang='lat' dir='ltr'>adulantium</span> <span class='ocrx_word' id='word_1_180' title='bbox 962 2221 1125 2282; x_wconf 83' lang='lat' dir='ltr'>haud</span> <span class='ocrx_word' id='word_1_181' title='bbox 1161 2227 1320 2283; x_wconf 80' lang='lat' dir='ltr'>intus</span> <span class='ocrx_word' id='word_1_182' title='bbox 1344 2239 1447 2288; x_wconf 89' lang='lat' dir='ltr'>est.</span> 
     </span>
     <span class='ocr_line' id='line_1_27' title="bbox 264 2306 2118 2390; baseline -0.001 -19"><span class='ocrx_word' id='word_1_183' title='bbox 264 2378 270 2383; x_wconf 49' lang='grc'>,</span> <span class='ocrx_word' id='word_1_184' title='bbox 417 2306 704 2371; x_wconf 82' lang='lat' dir='ltr'><strong>XXXVI.</strong></span> <span class='ocrx_word' id='word_1_185' title='bbox 787 2307 949 2367; x_wconf 82' lang='lat' dir='ltr'>Exin</span> <span class='ocrx_word' id='word_1_186' title='bbox 985 2325 1359 2386; x_wconf 81' lang='lat' dir='ltr'>promptum,</span> <span class='ocrx_word' id='word_1_187' title='bbox 1415 2314 1575 2390; x_wconf 91' lang='lat' dir='ltr'>quod</span> <span class='ocrx_word' id='word_1_188' title='bbox 1612 2315 1940 2372; x_wconf 87' lang='lat' dir='ltr'>multorum</span> <span class='ocrx_word' id='word_1_189' title='bbox 1973 2315 2118 2372; x_wconf 84' lang='lat' dir='ltr'>inti-</span> 
     </span>
     <span class='ocr_line' id='line_1_28' title="bbox 247 2394 2117 2478; baseline 0 -21"><span class='ocrx_word' id='word_1_190' title='bbox 247 2401 362 2471; x_wconf 84' lang='lat' dir='ltr'>mis</span> <span class='ocrx_word' id='word_1_191' title='bbox 389 2398 692 2478; x_wconf 76' lang='lat' dir='ltr'>questibus</span> <span class='ocrx_word' id='word_1_192' title='bbox 717 2397 1038 2470; x_wconf 84' lang='lat' dir='ltr'>tegebatur.</span> <span class='ocrx_word' id='word_1_193' title='bbox 1127 2394 1442 2455; x_wconf 85' lang='lat' dir='ltr'>Incedebat</span> <span class='ocrx_word' id='word_1_194' title='bbox 1468 2399 1629 2455; x_wconf 89' lang='lat' dir='ltr'>enim</span> <span class='ocrx_word' id='word_1_195' title='bbox 1652 2401 1968 2457; x_wconf 82' lang='lat' dir='ltr'>deterrimo</span> <span class='ocrx_word' id='word_1_196' title='bbox 1992 2401 2117 2457; x_wconf 81' lang='lat' dir='ltr'>cui-</span> 
     </span>
    </p>
   </div>
   <div class='ocr_carea' id='block_1_10' title="bbox 1217 2590 2118 2923">
    <p class='ocr_par' dir='ltr' id='par_1_11' title="bbox 1217 2590 2118 2923">
     <span class='ocr_line' id='line_1_29' title="bbox 1279 2590 2118 2634; baseline 0.002 -3"><span class='ocrx_word' id='word_1_197' title='bbox 1279 2596 1324 2631; x_wconf 75' lang='grc' dir='ltr'>εἰ</span> <span class='ocrx_word' id='word_1_198' title='bbox 1373 2604 1598 2632; x_wconf 77' lang='lat' dir='ltr'>consensu</span> <span class='ocrx_word' id='word_1_199' title='bbox 1639 2590 1942 2634; x_wconf 81' lang='lat' dir='ltr'>adulantium</span> <span class='ocrx_word' id='word_1_200' title='bbox 1991 2593 2118 2633; x_wconf 73' lang='lat' dir='ltr'>haud</span> 
     </span>
     <span class='ocr_line' id='line_1_30' title="bbox 1220 2646 2113 2692; baseline 0.003 -4"><span class='ocrx_word' id='word_1_201' title='bbox 1220 2647 1348 2689; x_wconf 71' lang='lat' dir='ltr'>intus</span> <span class='ocrx_word' id='word_1_202' title='bbox 1375 2654 1455 2689; x_wconf 76' lang='lat' dir='ltr'>est.</span> <span class='ocrx_word' id='word_1_203' title='bbox 1516 2646 1633 2692; x_wconf 86' lang='lat' dir='ltr'>Cod.</span> <span class='ocrx_word' id='word_1_204' title='bbox 1660 2649 1759 2692; x_wconf 86' lang='lat' dir='ltr'>MS.</span> <span class='ocrx_word' id='word_1_205' title='bbox 1798 2656 1898 2690; x_wconf 88' lang='lat' dir='ltr'>test.</span> <span class='ocrx_word' id='word_1_206' title='bbox 1935 2649 1967 2691; x_wconf 87' lang='grc' dir='ltr'>Ι.</span> <span class='ocrx_word' id='word_1_207' title='bbox 1990 2648 2113 2691; x_wconf 84' lang='lat' dir='ltr'>Gro—</span> 
     </span>
     <span class='ocr_line' id='line_1_31' title="bbox 1219 2703 2114 2755; baseline 0 -7"><span class='ocrx_word' id='word_1_208' title='bbox 1219 2703 1360 2755; x_wconf 78' lang='lat' dir='ltr'>novio</span> <span class='ocrx_word' id='word_1_209' title='bbox 1391 2706 1523 2750; x_wconf 78' lang='lat' dir='ltr'>haud</span> <span class='ocrx_word' id='word_1_210' title='bbox 1549 2706 1701 2748; x_wconf 75' lang='lat' dir='ltr'>iustus</span> <span class='ocrx_word' id='word_1_211' title='bbox 1722 2714 1807 2748; x_wconf 80' lang='lat' dir='ltr'>est.</span> <span class='ocrx_word' id='word_1_212' title='bbox 1868 2704 2005 2750; x_wconf 91' lang='lat' dir='ltr'>Unde</span> <span class='ocrx_word' id='word_1_213' title='bbox 2026 2708 2114 2748; x_wconf 86' lang='lat' dir='ltr'>Be-</span> 
     </span>
     <span class='ocr_line' id='line_1_32' title="bbox 1218 2762 2115 2822; baseline 0.003 -19"><span class='ocrx_word' id='word_1_214' title='bbox 1218 2762 1376 2804; x_wconf 83' lang='lat' dir='ltr'>roaldo</span> <span class='ocrx_word' id='word_1_215' title='bbox 1413 2770 1599 2805; x_wconf 86' lang='lat' dir='ltr'>auctore</span> <span class='ocrx_word' id='word_1_216' title='bbox 1634 2771 1737 2805; x_wconf 87' lang='lat' dir='ltr'>vett.</span> <span class='ocrx_word' id='word_1_217' title='bbox 1780 2762 1886 2806; x_wconf 89' lang='lat' dir='ltr'>edd.</span> <span class='ocrx_word' id='word_1_218' title='bbox 1932 2771 1975 2806; x_wconf 87' lang='lat' dir='ltr'>et</span> <span class='ocrx_word' id='word_1_219' title='bbox 2020 2780 2070 2822; x_wconf 86' lang='lat' dir='ltr'>sq</span> <span class='ocrx_word' id='word_1_220' title='bbox 2106 2797 2115 2806; x_wconf 89' lang='lat'>.</span> 
     </span>
     <span class='ocr_line' id='line_1_33' title="bbox 1217 2781 2114 2864; baseline 0.003 -4"><span class='ocrx_word' id='word_1_221' title='bbox 1217 2818 1382 2861; x_wconf 81' lang='lat' dir='ltr'>habent</span> <span class='ocrx_word' id='word_1_222' title='bbox 1430 2822 1619 2862; x_wconf 79' lang='lat' dir='ltr'>auditus</span> <span class='ocrx_word' id='word_1_223' title='bbox 1670 2829 1753 2863; x_wconf 79' lang='lat' dir='ltr'>est.</span> <span class='ocrx_word' id='word_1_224' title='bbox 1841 2820 2038 2864; x_wconf 83' lang='lat' dir='ltr'>Felicius</span> <span class='ocrx_word' id='word_1_225' title='bbox 2074 2781 2114 2864; x_wconf 61' lang='lat' dir='ltr'>(i.</span> 
     </span>
     <span class='ocr_line' id='line_1_34' title="bbox 1222 2874 2118 2923; baseline 0.002 -4"><span class='ocrx_word' id='word_1_226' title='bbox 1222 2874 1483 2920; x_wconf 86' lang='lat' dir='ltr'>Gronovius</span> <span class='ocrx_word' id='word_1_227' title='bbox 1525 2878 1789 2923; x_wconf 79' lang='lat' dir='ltr'>emendavit</span> <span class='ocrx_word' id='word_1_228' title='bbox 1827 2881 1958 2920; x_wconf 78' lang='lat' dir='ltr'>haud</span> <span class='ocrx_word' id='word_1_229' title='bbox 1994 2881 2118 2922; x_wconf 77' lang='lat' dir='ltr'>intus·</span> 
     </span>
    </p>
   </div>
   <div class='ocr_carea' id='block_1_11' title="bbox 246 2585 1147 3039">
    <p class='ocr_par' dir='ltr' id='par_1_12' title="bbox 246 2585 1147 2813">
     <span class='ocr_line' id='line_1_35' title="bbox 305 2585 1145 2636; baseline -0.007 0"><span class='ocrx_word' id='word_1_230' title='bbox 305 2590 503 2636; x_wconf 78' lang='lat' dir='ltr'>discidii.</span> <span class='ocrx_word' id='word_1_231' title='bbox 562 2586 640 2633; x_wconf 81' lang='lat' dir='ltr'>Sic</span> <span class='ocrx_word' id='word_1_232' title='bbox 659 2585 760 2631; x_wconf 88' lang='lat' dir='ltr'>edd.</span> <span class='ocrx_word' id='word_1_233' title='bbox 773 2585 986 2630; x_wconf 88' lang='lat' dir='ltr'>Beroald.</span> <span class='ocrx_word' id='word_1_234' title='bbox 1001 2586 1145 2630; x_wconf 89' lang='lat' dir='ltr'>Rhen.</span> 
     </span>
     <span class='ocr_line' id='line_1_36' title="bbox 249 2643 1147 2705; baseline -0.01 -10"><span class='ocrx_word' id='word_1_235' title='bbox 249 2660 293 2695; x_wconf 83' lang='lat' dir='ltr'>et</span> <span class='ocrx_word' id='word_1_236' title='bbox 313 2649 420 2695; x_wconf 86' lang='lat' dir='ltr'>dein</span> <span class='ocrx_word' id='word_1_237' title='bbox 433 2649 656 2705; x_wconf 85' lang='lat' dir='ltr'>Bernegg.</span> <span class='ocrx_word' id='word_1_238' title='bbox 676 2659 775 2703; x_wconf 85' lang='lat' dir='ltr'>sqq.</span> <span class='ocrx_word' id='word_1_239' title='bbox 791 2672 851 2680; x_wconf 87' lang='lat'>--</span> <span class='ocrx_word' id='word_1_240' title='bbox 885 2643 1005 2687; x_wconf 86' lang='lat' dir='ltr'>Aldo</span> <span class='ocrx_word' id='word_1_241' title='bbox 1021 2661 1147 2703; x_wconf 81' lang='lat' dir='ltr'>prae-</span> 
     </span>
     <span class='ocr_line' id='line_1_37' title="bbox 248 2699 1146 2764; baseline -0.008 -12"><span class='ocrx_word' id='word_1_242' title='bbox 248 2717 383 2752; x_wconf 84' lang='lat' dir='ltr'>eunte</span> <span class='ocrx_word' id='word_1_243' title='bbox 418 2704 519 2749; x_wconf 89' lang='lat' dir='ltr'>edd.</span> <span class='ocrx_word' id='word_1_244' title='bbox 544 2703 664 2764; x_wconf 86' lang='lat' dir='ltr'>Lips.</span> <span class='ocrx_word' id='word_1_245' title='bbox 697 2702 824 2746; x_wconf 89' lang='lat' dir='ltr'>Pich.</span> <span class='ocrx_word' id='word_1_246' title='bbox 851 2699 985 2746; x_wconf 87' lang='lat' dir='ltr'>Grut.</span> <span class='ocrx_word' id='word_1_247' title='bbox 1014 2703 1146 2745; x_wconf 79' lang='lat' dir='ltr'>dissi·</span> 
     </span>
     <span class='ocr_line' id='line_1_38' title="bbox 246 2760 991 2813; baseline -0.009 -4"><span class='ocrx_word' id='word_1_248' title='bbox 246 2767 332 2809; x_wconf 80' lang='lat' dir='ltr'>dii.</span> <span class='ocrx_word' id='word_1_249' title='bbox 373 2763 567 2806; x_wconf 83' lang='lat' dir='ltr'>Vitiose.</span> <span class='ocrx_word' id='word_1_250' title='bbox 610 2761 671 2805; x_wconf 82' lang='lat' dir='ltr'>cf.</span> <span class='ocrx_word' id='word_1_251' title='bbox 694 2762 736 2813; x_wconf 71' lang='lat'>2,</span> <span class='ocrx_word' id='word_1_252' title='bbox 755 2760 827 2804; x_wconf 88' lang='grc'>86.</span> <span class='ocrx_word' id='word_1_253' title='bbox 988 2764 991 2765; x_wconf 69' lang='grc'>’</span> 
     </span>
    </p>

    <p class='ocr_par' dir='ltr' id='par_1_13' title="bbox 246 2816 1145 3039">
     <span class='ocr_line' id='line_1_39' title="bbox 307 2816 1142 2866; baseline -0.007 0"><span class='ocrx_word' id='word_1_254' title='bbox 307 2824 366 2866; x_wconf 79' lang='lat' dir='ltr'>ab</span> <span class='ocrx_word' id='word_1_255' title='bbox 407 2834 572 2865; x_wconf 82' lang='lat' dir='ltr'>uxore.</span> <span class='ocrx_word' id='word_1_256' title='bbox 655 2818 734 2862; x_wconf 84' lang='lat' dir='ltr'>Sic</span> <span class='ocrx_word' id='word_1_257' title='bbox 783 2817 887 2862; x_wconf 84' lang='lat' dir='ltr'>edd.</span> <span class='ocrx_word' id='word_1_258' title='bbox 929 2816 1142 2860; x_wconf 83' lang='lat' dir='ltr'>Beroald.</span> 
     </span>
     <span class='ocr_line' id='line_1_40' title="bbox 247 2873 1145 2937; baseline -0.01 -12"><span class='ocrx_word' id='word_1_259' title='bbox 247 2879 390 2924; x_wconf 87' lang='lat' dir='ltr'>Rhen.</span> <span class='ocrx_word' id='word_1_260' title='bbox 416 2894 514 2937; x_wconf 83' lang='lat' dir='ltr'>sqq.</span> <span class='ocrx_word' id='word_1_261' title='bbox 543 2905 602 2913; x_wconf 78' lang='lat'>-—</span> <span class='ocrx_word' id='word_1_262' title='bbox 663 2875 874 2919; x_wconf 82' lang='lat' dir='ltr'>Oberlin.</span> <span class='ocrx_word' id='word_1_263' title='bbox 908 2884 951 2918; x_wconf 89' lang='lat' dir='ltr'>et</span> <span class='ocrx_word' id='word_1_264' title='bbox 979 2873 1055 2933; x_wconf 86' lang='lat' dir='ltr'>qui</span> <span class='ocrx_word' id='word_1_265' title='bbox 1084 2874 1145 2917; x_wconf 90' lang='lat' dir='ltr'>il-</span> 
     </span>
     <span class='ocr_line' id='line_1_41' title="bbox 249 2934 988 2995; baseline -0.007 -14"><span class='ocrx_word' id='word_1_266' title='bbox 249 2937 349 2989; x_wconf 85' lang='lat' dir='ltr'>lum</span> <span class='ocrx_word' id='word_1_267' title='bbox 374 2944 649 2995; x_wconf 83' lang='lat' dir='ltr'>sequuntur,</span> <span class='ocrx_word' id='word_1_268' title='bbox 678 2934 895 2977; x_wconf 72' lang='lat' dir='ltr'>omittunt</span> <span class='ocrx_word' id='word_1_269' title='bbox 913 2934 988 2976; x_wconf 76' lang='lat' dir='ltr'>ab.</span> 
     </span>
     <span class='ocr_line' id='line_1_42' title="bbox 246 2989 1000 3039; baseline -0.007 0"><span class='ocrx_word' id='word_1_270' title='bbox 246 2994 247 2997; x_wconf 30' lang='lat'>¹</span> <span class='ocrx_word' id='word_1_271' title='bbox 309 3003 378 3038; x_wconf 83' lang='lat' dir='ltr'>tot</span> <span class='ocrx_word' id='word_1_272' title='bbox 401 3026 436 3039; x_wconf 88' lang='lat'>..</span> <span class='ocrx_word' id='word_1_273' title='bbox 454 2994 722 3036; x_wconf 82' lang='lat' dir='ltr'>liberorum.</span> <span class='ocrx_word' id='word_1_274' title='bbox 785 2989 845 3034; x_wconf 86' lang='lat' dir='ltr'>cf.</span> <span class='ocrx_word' id='word_1_275' title='bbox 871 3006 909 3034; x_wconf 85' lang='lat' dir='ltr'>e.</span> <span class='ocrx_word' id='word_1_276' title='bbox 930 2991 1000 3034; x_wconf 84' lang='lat'>56.</span> 
     </span>
    </p>
   </div>
   <div class='ocr_carea' id='block_1_12' title="bbox 250 3046 1144 3156">
    <p class='ocr_par' dir='ltr' id='par_1_14' title="bbox 250 3046 1144 3156">
     <span class='ocr_line' id='line_1_43' title="bbox 308 3046 1144 3106; baseline -0.007 -10"><span class='ocrx_word' id='word_1_277' title='bbox 308 3050 421 3096; x_wconf 79' lang='lat' dir='ltr'>CAP.</span> <span class='ocrx_word' id='word_1_278' title='bbox 440 3051 512 3097; x_wconf 78' lang='lat'>35.</span> <span class='ocrx_word' id='word_1_279' title='bbox 532 3103 537 3105; x_wconf 20' lang='grc' dir='ltr'><strong>Α</strong></span> <span class='ocrx_word' id='word_1_280' title='bbox 559 3049 875 3106; x_wconf 69' lang='lat' dir='ltr'>MLepidum.</span> <span class='ocrx_word' id='word_1_281' title='bbox 923 3046 1027 3091; x_wconf 88' lang='lat' dir='ltr'>vid.</span> <span class='ocrx_word' id='word_1_282' title='bbox 1047 3056 1144 3091; x_wconf 83' lang='lat' dir='ltr'>not.</span> 
     </span>
     <span class='ocr_line' id='line_1_44' title="bbox 250 3108 466 3156; baseline -0.028 0"><span class='ocrx_word' id='word_1_283' title='bbox 250 3109 307 3156; x_wconf 78' lang='lat' dir='ltr'>ad</span> <span class='ocrx_word' id='word_1_284' title='bbox 333 3124 372 3153; x_wconf 88' lang='lat' dir='ltr'>c.</span> <span class='ocrx_word' id='word_1_285' title='bbox 397 3108 466 3151; x_wconf 76' lang='lat'>32.</span> 
     </span>
    </p>
   </div>
   <div class='ocr_carea' id='block_1_13' title="bbox 1218 2991 2115 3150">
    <p class='ocr_par' dir='ltr' id='par_1_15' title="bbox 1218 2991 2115 3150">
     <span class='ocr_line' id='line_1_45' title="bbox 1219 2991 2115 3050; baseline 0.002 -17"><span class='ocrx_word' id='word_1_286' title='bbox 1219 2991 1429 3035; x_wconf 84' lang='lat' dir='ltr'>Blaesum</span> <span class='ocrx_word' id='word_1_287' title='bbox 1481 2992 1530 3034; x_wconf 91' lang='lat' dir='ltr'>in</span> <span class='ocrx_word' id='word_1_288' title='bbox 1576 2993 1822 3036; x_wconf 78' lang='lat' dir='ltr'>recusanda</span> <span class='ocrx_word' id='word_1_289' title='bbox 1866 2994 2115 3050; x_wconf 80' lang='lat' dir='ltr'>provincia,</span> 
     </span>
     <span class='ocr_line' id='line_1_46' title="bbox 1218 3050 2113 3109; baseline 0.003 -18"><span class='ocrx_word' id='word_1_290' title='bbox 1218 3057 1316 3091; x_wconf 83' lang='lat' dir='ltr'>tum</span> <span class='ocrx_word' id='word_1_291' title='bbox 1340 3050 1565 3092; x_wconf 79' lang='lat' dir='ltr'>recusatio</span> <span class='ocrx_word' id='word_1_292' title='bbox 1591 3066 1699 3094; x_wconf 84' lang='lat' dir='ltr'>vera</span> <span class='ocrx_word' id='word_1_293' title='bbox 1722 3050 1938 3109; x_wconf 81' lang='lat' dir='ltr'>potuisset</span> <span class='ocrx_word' id='word_1_294' title='bbox 1960 3050 2113 3094; x_wconf 75' lang='lat' dir='ltr'>videri.</span> 
     </span>
     <span class='ocr_line' id='line_1_47' title="bbox 1219 3106 2111 3150; baseline 0.002 -2"><span class='ocrx_word' id='word_1_295' title='bbox 1219 3106 1313 3149; x_wconf 86' lang='lat' dir='ltr'>Iam</span> <span class='ocrx_word' id='word_1_296' title='bbox 1337 3121 1445 3149; x_wconf 68' lang='lat' dir='ltr'>vero</span> <span class='ocrx_word' id='word_1_297' title='bbox 1470 3122 1576 3149; x_wconf 87' lang='lat' dir='ltr'>eum</span> <span class='ocrx_word' id='word_1_298' title='bbox 1610 3123 1702 3150; x_wconf 91' lang='lat' dir='ltr'>uno</span> <span class='ocrx_word' id='word_1_299' title='bbox 1733 3123 1959 3150; x_wconf 88' lang='lat' dir='ltr'>consensu</span> <span class='ocrx_word' id='word_1_300' title='bbox 1992 3116 2111 3150; x_wconf 79' lang='lat' dir='ltr'>taee-</span> 
     </span>
    </p>
   </div>
   <div class='ocr_carea' id='block_1_14' title="bbox 1220 2933 2125 2985">
    <p class='ocr_par' dir='ltr' id='par_1_16' title="bbox 1220 2933 2125 2985">
     <span class='ocr_line' id='line_1_48' title="bbox 1220 2933 2125 2985; baseline 0.002 -9"><span class='ocrx_word' id='word_1_301' title='bbox 1220 2941 1307 2977; x_wconf 78' lang='lat' dir='ltr'>est.</span> <span class='ocrx_word' id='word_1_302' title='bbox 1363 2933 1545 2978; x_wconf 80' lang='lat' dir='ltr'>Etenim</span> <span class='ocrx_word' id='word_1_303' title='bbox 1565 2934 1601 2977; x_wconf 82' lang='lat' dir='ltr'>si</span> <span class='ocrx_word' id='word_1_304' title='bbox 1625 2935 1880 2978; x_wconf 82' lang='lat' dir='ltr'>adulatores</span> <span class='ocrx_word' id='word_1_305' title='bbox 1901 2936 2125 2985; x_wconf 75' lang='lat' dir='ltr'>iuvissent</span> 
     </span>
    </p>
   </div>
   <div class='ocr_carea' id='block_1_15' title="bbox 245 3162 1148 3510">
    <p class='ocr_par' dir='ltr' id='par_1_17' title="bbox 245 3162 1148 3510">
     <span class='ocr_line' id='line_1_49' title="bbox 307 3162 1148 3213; baseline -0.006 -3"><span class='ocrx_word' id='word_1_306' title='bbox 307 3167 498 3210; x_wconf 79' lang='lat' dir='ltr'>Iunium</span> <span class='ocrx_word' id='word_1_307' title='bbox 510 3165 755 3208; x_wconf 82' lang='lat' dir='ltr'>Blaesum.</span> <span class='ocrx_word' id='word_1_308' title='bbox 787 3162 848 3206; x_wconf 85' lang='lat' dir='ltr'>cf.</span> <span class='ocrx_word' id='word_1_309' title='bbox 870 3165 910 3213; x_wconf 84' lang='lat'>1,</span> <span class='ocrx_word' id='word_1_310' title='bbox 928 3162 996 3206; x_wconf 88' lang='lat'>16.</span> <span class='ocrx_word' id='word_1_311' title='bbox 1036 3164 1148 3206; x_wconf 85' lang='lat' dir='ltr'>Mox</span> 
     </span>
     <span class='ocr_line' id='line_1_50' title="bbox 245 3220 1146 3282; baseline -0.008 -13"><span class='ocrx_word' id='word_1_312' title='bbox 245 3224 502 3282; x_wconf 80' lang='lat' dir='ltr'>proconsul</span> <span class='ocrx_word' id='word_1_313' title='bbox 538 3223 637 3265; x_wconf 88' lang='lat' dir='ltr'>edd.</span> <span class='ocrx_word' id='word_1_314' title='bbox 670 3221 874 3264; x_wconf 84' lang='lat' dir='ltr'>Rhenan.</span> <span class='ocrx_word' id='word_1_315' title='bbox 915 3220 1019 3263; x_wconf 87' lang='lat' dir='ltr'>Ald.</span> <span class='ocrx_word' id='word_1_316' title='bbox 1050 3237 1146 3278; x_wconf 88' lang='lat' dir='ltr'>sqq.</span> 
     </span>
     <span class='ocr_line' id='line_1_51' title="bbox 245 3276 1147 3340; baseline -0.008 -13"><span class='ocrx_word' id='word_1_317' title='bbox 245 3297 339 3340; x_wconf 86' lang='lat' dir='ltr'>pro</span> <span class='ocrx_word' id='word_1_318' title='bbox 359 3282 551 3324; x_wconf 82' lang='lat' dir='ltr'>consule</span> <span class='ocrx_word' id='word_1_319' title='bbox 575 3279 676 3322; x_wconf 85' lang='lat' dir='ltr'>edd.</span> <span class='ocrx_word' id='word_1_320' title='bbox 695 3277 904 3321; x_wconf 84' lang='lat' dir='ltr'>Beroald.</span> <span class='ocrx_word' id='word_1_321' title='bbox 930 3277 1017 3320; x_wconf 79' lang='lat' dir='ltr'>lae.</span> <span class='ocrx_word' id='word_1_322' title='bbox 1032 3276 1147 3320; x_wconf 88' lang='lat' dir='ltr'>Gro-</span> 
     </span>
     <span class='ocr_line' id='line_1_52' title="bbox 251 3334 1145 3385; baseline -0.009 0"><span class='ocrx_word' id='word_1_323' title='bbox 251 3356 356 3385; x_wconf 70' lang='lat' dir='ltr'>noV.</span> <span class='ocrx_word' id='word_1_324' title='bbox 386 3353 411 3381; x_wconf 87' lang='lat' dir='ltr'>e</span> <span class='ocrx_word' id='word_1_325' title='bbox 449 3337 552 3382; x_wconf 81' lang='lat' dir='ltr'>cod.</span> <span class='ocrx_word' id='word_1_326' title='bbox 585 3336 689 3379; x_wconf 83' lang='lat' dir='ltr'>MS.</span> <span class='ocrx_word' id='word_1_327' title='bbox 768 3334 906 3380; x_wconf 83' lang='lat' dir='ltr'>Recte</span> <span class='ocrx_word' id='word_1_328' title='bbox 940 3335 1145 3379; x_wconf 81' lang='lat' dir='ltr'>forsitan.</span> 
     </span>
     <span class='ocr_line' id='line_1_53' title="bbox 252 3391 1148 3451; baseline -0.008 -10"><span class='ocrx_word' id='word_1_329' title='bbox 252 3397 357 3441; x_wconf 91' lang='lat' dir='ltr'>Non</span> <span class='ocrx_word' id='word_1_330' title='bbox 385 3394 507 3440; x_wconf 89' lang='lat' dir='ltr'>enim</span> <span class='ocrx_word' id='word_1_331' title='bbox 522 3395 774 3448; x_wconf 76' lang='lat' dir='ltr'>proconsul</span> <span class='ocrx_word' id='word_1_332' title='bbox 802 3392 863 3446; x_wconf 89' lang='lat' dir='ltr'>(h.</span> <span class='ocrx_word' id='word_1_333' title='bbox 885 3410 924 3436; x_wconf 88' lang='lat' dir='ltr'>e.</span> <span class='ocrx_word' id='word_1_334' title='bbox 947 3391 1019 3437; x_wconf 75' lang='lat' dir='ltr'>vir</span> <span class='ocrx_word' id='word_1_335' title='bbox 1045 3409 1148 3451; x_wconf 90' lang='lat' dir='ltr'>pro-</span> 
     </span>
     <span class='ocr_line' id='line_1_54' title="bbox 253 3449 1146 3510; baseline -0.004 -13"><span class='ocrx_word' id='word_1_336' title='bbox 253 3453 492 3500; x_wconf 80' lang='lat' dir='ltr'>consulatu</span> <span class='ocrx_word' id='word_1_337' title='bbox 525 3449 767 3510; x_wconf 73' lang='lat' dir='ltr'>praedit‘us)</span> <span class='ocrx_word' id='word_1_338' title='bbox 803 3450 1017 3507; x_wconf 81' lang='lat' dir='ltr'>legendus</span> <span class='ocrx_word' id='word_1_339' title='bbox 1042 3460 1146 3498; x_wconf 84' lang='lat' dir='ltr'>erat,</span> 
     </span>
    </p>
   </div>
   <div class='ocr_carea' id='block_1_16' title="bbox 254 3507 1146 3616">
    <p class='ocr_par' dir='ltr' id='par_1_18' title="bbox 254 3507 1146 3616">
     <span class='ocr_line' id='line_1_55' title="bbox 254 3507 1146 3568; baseline -0.007 -14"><span class='ocrx_word' id='word_1_340' title='bbox 254 3511 330 3555; x_wconf 86' lang='lat' dir='ltr'>sed</span> <span class='ocrx_word' id='word_1_341' title='bbox 360 3509 573 3568; x_wconf 84' lang='lat' dir='ltr'>legendus</span> <span class='ocrx_word' id='word_1_342' title='bbox 595 3523 712 3550; x_wconf 85' lang='lat' dir='ltr'>unus</span> <span class='ocrx_word' id='word_1_343' title='bbox 746 3523 794 3550; x_wconf 78' lang='lat' dir='ltr'>ex</span> <span class='ocrx_word' id='word_1_344' title='bbox 815 3507 902 3551; x_wconf 83' lang='lat' dir='ltr'>illis</span> <span class='ocrx_word' id='word_1_345' title='bbox 924 3522 1012 3561; x_wconf 80' lang='lat' dir='ltr'>pro</span> <span class='ocrx_word' id='word_1_346' title='bbox 1043 3523 1146 3550; x_wconf 78' lang='lat' dir='ltr'>con-</span> 
     </span>
     <span class='ocr_line' id='line_1_56' title="bbox 254 3564 1096 3616; baseline -0.01 -2"><span class='ocrx_word' id='word_1_347' title='bbox 254 3571 368 3614; x_wconf 63' lang='lat' dir='ltr'>sule.</span> <span class='ocrx_word' id='word_1_348' title='bbox 426 3565 485 3612; x_wconf 82' lang='lat' dir='ltr'>cf.</span> <span class='ocrx_word' id='word_1_349' title='bbox 509 3574 604 3611; x_wconf 84' lang='lat' dir='ltr'>not.</span> <span class='ocrx_word' id='word_1_350' title='bbox 628 3565 680 3609; x_wconf 86' lang='lat' dir='ltr'>ad</span> <span class='ocrx_word' id='word_1_351' title='bbox 704 3565 745 3616; x_wconf 77' lang='grc'>2,</span> <span class='ocrx_word' id='word_1_352' title='bbox 768 3564 834 3607; x_wconf 77' lang='grc'>52.</span> <span class='ocrx_word' id='word_1_353' title='bbox 859 3565 930 3607; x_wconf 85' lang='grc'>66.</span> <span class='ocrx_word' id='word_1_354' title='bbox 959 3567 1000 3613; x_wconf 74' lang='lat'>3,</span> <span class='ocrx_word' id='word_1_355' title='bbox 1025 3565 1096 3610; x_wconf 71' lang='lat'>32.</span> 
     </span>
    </p>
   </div>
   <div class='ocr_carea' id='block_1_17' title="bbox 1216 3163 2115 3622">
    <p class='ocr_par' dir='ltr' id='par_1_19' title="bbox 1216 3163 2115 3379">
     <span class='ocr_line' id='line_1_57' title="bbox 1216 3163 2113 3208; baseline 0.003 -4"><span class='ocrx_word' id='word_1_356' title='bbox 1216 3171 1319 3206; x_wconf 87' lang='lat' dir='ltr'>rent</span> <span class='ocrx_word' id='word_1_357' title='bbox 1348 3165 1420 3208; x_wconf 77' lang='lat' dir='ltr'>vel</span> <span class='ocrx_word' id='word_1_358' title='bbox 1448 3163 1581 3207; x_wconf 84' lang='lat' dir='ltr'>etiam</span> <span class='ocrx_word' id='word_1_359' title='bbox 1609 3165 1834 3207; x_wconf 83' lang='lat' dir='ltr'>recusanti</span> <span class='ocrx_word' id='word_1_360' title='bbox 1855 3164 2113 3208; x_wconf 84' lang='lat' dir='ltr'>reniteren-</span> 
     </span>
     <span class='ocr_line' id='line_1_58' title="bbox 1217 3221 2115 3279; baseline 0.002 -17"><span class='ocrx_word' id='word_1_361' title='bbox 1217 3228 1316 3272; x_wconf 81' lang='lat' dir='ltr'>tur,</span> <span class='ocrx_word' id='word_1_362' title='bbox 1351 3237 1486 3263; x_wconf 87' lang='lat' dir='ltr'>nemo</span> <span class='ocrx_word' id='word_1_363' title='bbox 1518 3221 1752 3279; x_wconf 83' lang='lat' dir='ltr'>ignorabat</span> <span class='ocrx_word' id='word_1_364' title='bbox 1783 3222 1978 3278; x_wconf 88' lang='lat' dir='ltr'>speciem</span> <span class='ocrx_word' id='word_1_365' title='bbox 2011 3229 2115 3264; x_wconf 77' lang='lat' dir='ltr'>tan-</span> 
     </span>
     <span class='ocr_line' id='line_1_59' title="bbox 1218 3278 2107 3336; baseline 0.004 -17"><span class='ocrx_word' id='word_1_366' title='bbox 1218 3285 1315 3320; x_wconf 77' lang='lat' dir='ltr'>tuni</span> <span class='ocrx_word' id='word_1_367' title='bbox 1345 3278 1593 3322; x_wconf 78' lang='lat' dir='ltr'>recusantis</span> <span class='ocrx_word' id='word_1_368' title='bbox 1623 3294 1728 3336; x_wconf 83' lang='lat' dir='ltr'>prae</span> <span class='ocrx_word' id='word_1_369' title='bbox 1758 3295 1803 3322; x_wconf 86' lang='lat' dir='ltr'>se</span> <span class='ocrx_word' id='word_1_370' title='bbox 1834 3279 1950 3323; x_wconf 86' lang='lat' dir='ltr'>ferre</span> <span class='ocrx_word' id='word_1_371' title='bbox 1981 3279 2107 3323; x_wconf 83' lang='lat' dir='ltr'>Blae-</span> 
     </span>
     <span class='ocr_line' id='line_1_60' title="bbox 1218 3351 1336 3379; baseline 0.008 -1"><span class='ocrx_word' id='word_1_372' title='bbox 1218 3351 1336 3379; x_wconf 73' lang='lat' dir='ltr'>suni.</span> 
     </span>
    </p>

    <p class='ocr_par' dir='ltr' id='par_1_20' title="bbox 1218 3390 2112 3622">
     <span class='ocr_line' id='line_1_61' title="bbox 1278 3390 2112 3437; baseline 0.001 -2"><span class='ocrx_word' id='word_1_373' title='bbox 1278 3391 1392 3436; x_wconf 78' lang='lat' dir='ltr'>CAP.</span> <span class='ocrx_word' id='word_1_374' title='bbox 1411 3390 1483 3435; x_wconf 80' lang='grc'>36.</span> <span class='ocrx_word' id='word_1_375' title='bbox 1543 3391 1798 3436; x_wconf 76' lang='lat' dir='ltr'>incedebat.</span> <span class='ocrx_word' id='word_1_376' title='bbox 1854 3394 1911 3437; x_wconf 84' lang='lat' dir='ltr'>cf.</span> <span class='ocrx_word' id='word_1_377' title='bbox 1938 3403 2032 3436; x_wconf 86' lang='lat' dir='ltr'>not.</span> <span class='ocrx_word' id='word_1_378' title='bbox 2058 3395 2112 3437; x_wconf 82' lang='lat' dir='ltr'>ad</span> 
     </span>
     <span class='ocr_line' id='line_1_62' title="bbox 1221 3449 2109 3507; baseline -0.001 -15"><span class='ocrx_word' id='word_1_379' title='bbox 1221 3450 1344 3495; x_wconf 57' lang='lat'>026.</span> <span class='ocrx_word' id='word_1_380' title='bbox 1389 3449 1599 3492; x_wconf 73' lang='lat' dir='ltr'>Ceterum</span> <span class='ocrx_word' id='word_1_381' title='bbox 1617 3466 1671 3491; x_wconf 89' lang='lat' dir='ltr'>ne</span> <span class='ocrx_word' id='word_1_382' title='bbox 1689 3451 1913 3507; x_wconf 81' lang='lat' dir='ltr'>coniunge</span> <span class='ocrx_word' id='word_1_383' title='bbox 1934 3453 2109 3492; x_wconf 77' lang='lat' dir='ltr'>incede-</span> 
     </span>
     <span class='ocr_line' id='line_1_63' title="bbox 1218 3507 2108 3563; baseline -0.001 -14"><span class='ocrx_word' id='word_1_384' title='bbox 1218 3509 1299 3549; x_wconf 76' lang='lat' dir='ltr'>bat</span> <span class='ocrx_word' id='word_1_385' title='bbox 1311 3511 1402 3550; x_wconf 78' lang='lat' dir='ltr'>det.</span> <span class='ocrx_word' id='word_1_386' title='bbox 1413 3508 1586 3561; x_wconf 77' lang='lat' dir='ltr'>cuique,</span> <span class='ocrx_word' id='word_1_387' title='bbox 1607 3507 1682 3550; x_wconf 60' lang='lat' dir='ltr'>s‘ed</span> <span class='ocrx_word' id='word_1_388' title='bbox 1699 3512 1789 3550; x_wconf 77' lang='lat' dir='ltr'>del.</span> <span class='ocrx_word' id='word_1_389' title='bbox 1805 3511 1963 3563; x_wconf 73' lang='lat' dir='ltr'>cuique</span> <span class='ocrx_word' id='word_1_390' title='bbox 1975 3510 2108 3550; x_wconf 79' lang='lat' dir='ltr'>lic-en-</span> 
     </span>
     <span class='ocr_line' id='line_1_64' title="bbox 1220 3565 2108 3622; baseline 0.001 -15"><span class='ocrx_word' id='word_1_391' title='bbox 1220 3566 1304 3609; x_wconf 79' lang='lat' dir='ltr'>tia.</span> <span class='ocrx_word' id='word_1_392' title='bbox 1346 3565 1423 3610; x_wconf 79' lang='lat' dir='ltr'>Sic</span> <span class='ocrx_word' id='word_1_393' title='bbox 1438 3581 1561 3622; x_wconf 79' lang='lat' dir='ltr'>supr.</span> <span class='ocrx_word' id='word_1_394' title='bbox 1579 3565 1707 3614; x_wconf 57' lang='lat'>255.</span> <span class='ocrx_word' id='word_1_395' title='bbox 1725 3569 1845 3608; x_wconf 78' lang='lat' dir='ltr'>intra</span> <span class='ocrx_word' id='word_1_396' title='bbox 1858 3571 2024 3608; x_wconf 76' lang='lat' dir='ltr'>decora</span> <span class='ocrx_word' id='word_1_397' title='bbox 2034 3566 2108 3621; x_wconf 83' lang='lat' dir='ltr'>fe-</span> 
     </span>
    </p>
   </div>
   <div class='ocr_carea' id='block_1_18' title="bbox 1144 1714 2220 1797">
    <p class='ocr_par' dir='ltr' id='par_1_21' title="bbox 1144 1714 2220 1797">
     <span class='ocr_line' id='line_1_65' title="bbox 1144 1714 2220 1797; baseline 0.007 -27"><span class='ocrx_word' id='word_1_398' title='bbox 1144 1714 1306 1771; x_wconf 88' lang='lat' dir='ltr'>Tum</span> <span class='ocrx_word' id='word_1_399' title='bbox 1340 1715 1540 1773; x_wconf 82' lang='lat' dir='ltr'>audita</span> <span class='ocrx_word' id='word_1_400' title='bbox 1579 1718 1891 1775; x_wconf 87' lang='lat' dir='ltr'>amborum</span> <span class='ocrx_word' id='word_1_401' title='bbox 1921 1721 2119 1789; x_wconf 83' lang='lat' dir='ltr'>verba,</span> <span class='ocrx_word' id='word_1_402' title='bbox 2200 1727 2220 1797; x_wconf 58' lang='lat' dir='ltr'><strong><em>J</em></strong></span> 
     </span>
    </p>
   </div>
   <div class='ocr_carea' id='block_1_19' title="bbox 2212 2824 2222 2849">
    <p class='ocr_par' dir='ltr' id='par_1_22' title="bbox 2212 2824 2222 2849">
     <span class='ocr_line' id='line_1_66' title="bbox 2212 2824 2222 2849; baseline 0 0"><span class='ocrx_word' id='word_1_403' title='bbox 2212 2824 2222 2849; x_wconf 64' lang='grc' dir='ltr'><em>Δ</em></span> 
     </span>
    </p>
   </div>
  </div>
 </body>
</html>
