2222 4030
202 187 503 271 fizsszssffiz
587 189 763 254 LIB.
805 185 927 251 IV.=
985 182 1181 252 CAP.
1216 189 1513 258 60-62.
1857 189 1982 251 349

119 325 272 382 alius
309 338 620 380 occursum
658 319 784 376 eius
816 317 1028 375 vitare:
1083 317 1326 393 quidam
1365 318 1715 378 salutatione
1749 320 1982 379 reddita

120 410 320 466 statim
351 406 572 476 averti,
620 404 891 480 plerique
929 403 1227 478 inceptum
1252 422 1584 461 sermonem
1615 406 2005 482 abrumpere,

120 493 529 552 insistentibus
549 500 752 547 contra
775 486 1286 563 inridentibusque
1302 532 1319 556 ,
1366 490 1468 565 qui
1485 489 1699 548 Seiano
1722 492 1982 550 fautores

122 581 385 638 aderant.
469 573 795 633 Enimvero
817 572 1095 630 Tiberius
1114 583 1317 630 torvus
1342 585 1442 630 aut
1468 574 1682 634 falsum
1702 576 1982 634 renidens

120 665 319 722 vultu:
362 681 466 719 seu
498 661 838 736 loqueretur
869 677 970 715 seu
1006 669 1218 715 taceret
1239 656 1499 728 iuveniS,
1543 661 1767 718 crimen
1797 681 1867 718 ex
1898 661 1983 718 si-

122 749 306 807 lentio
323 793 340 818 ‚
377 766 445 803 ex
470 763 632 804 voce.
718 762 794 798 ne
818 763 936 799 nox
969 743 1211 819 quidem
1234 761 1465 811 secura,
1509 764 1641 801 cum
1662 767 1812 803 uxor
1830 746 1984 822 vigi-
2029 813 2034 821 ,

123 834 261 903 lias,
301 850 572 898 somnos,
612 828 862 903 suspiria
883 828 1060 886 matri
1082 826 1287 885 Liviae
1305 838 1478 905 atque
1502 828 1604 886 illa
1629 829 1844 889 Seiano
1875 853 1984 908 pa-

122 920 423 976 tefaceret:
469 914 573 991 qui
609 915 851 970 fratrem
888 933 1123 990 quoque
1148 911 1400 969 Neronis
1418 910 1683 971 Drusum
1715 917 1891 975 traxit
1909 918 1984 975 ‘in

121 1015 316 1080 partes
344 1021 444 1078 spe
471 1000 697 1056 obiecta
719 998 1005 1075 principis
1027 997 1175 1066 loci,
1218 997 1269 1054 si
1289 997 1547 1074 priorem
1576 1010 1760 1058 aetate
1781 1013 1838 1060 et
1865 1003 1985 1060 iam

121 1089 474 1147 labefactum
493 1083 865 1145 demovisset.
950 1080 1138 1141 Atrox
1150 1081 1334 1141 Drusi
1354 1083 1660 1158 ingenium
1681 1105 1856 1162 super
1878 1102 1986 1145 cu·-

120 1174 389 1250 pidinem
426 1170 723 1247 potentiae
763 1180 820 1226 et
857 1168 1029 1227 solita
1065 1169 1348 1226 fratribus
1384 1167 1520 1226 odia
1560 1173 1988 1231 accendebatur

123 1258 378 1326 invidia,
442 1255 602 1332 quod
637 1265 825 1311 mater
856 1252 1187 1329 Agrippina
1223 1254 1553 1330 promptior
1584 1252 1811 1313 Neroni
1844 1269 1986 1319 erat.

122 1363 315 1420 neque
341 1354 537 1399 tamen
565 1339 816 1398 Seianus
842 1339 920 1396 ita
936 1337 1198 1396 Drusum
1223 1340 1486 1410 fovebat,
1527 1351 1595 1398 ut
1613 1342 1827 1398 nonin
1851 1363 1988 1400 eum

123 1448 359 1507 quoque
393 1426 618 1482 semina
652 1424 838 1482 futuri
869 1424 1031 1482 exitii
1066 1425 1482 1496 meditaretur,
1523 1444 1739 1501 gnarus
1757 1428 1988 1505 praese·
2032 1428 2036 1429 ⁷

124 1513 320 1572 rocem
347 1523 405 1569 et
427 1509 659 1566 insidiis
679 1509 866 1583 magis
886 1521 1307 1585 opportunum.
1879 1527 1897 1532 “

290 1595 450 1658 LXI.
514 1594 666 1652 Fine
712 1595 858 1651 anni
905 1615 1194 1651 excessere
1239 1595 1498 1667 insignes
1542 1596 1691 1668 viri,
1742 1591 1992 1658 Asinius

123 1681 385 1759 Agrippa
421 1681 595 1738 claris
624 1679 951 1737 maioribus
986 1701 1164 1758 quam
1199 1681 1444 1738 vetustis
1474 1681 1711 1760 vitaque
1732 1703 1858 1743 non
1885 1685 1992 1742 de-

121 1789 330 1845 gener,
405 1778 463 1824 et
511 1765 587 1840 Q.
632 1762 913 1823 Haterius
960 1766 1185 1823 familia
1231 1767 1552 1838 senatoria,
1619 1769 1992 1846 eloquentiae

123 1855 322 1933 quoad
372 1852 519 1909 vixit
561 1850 910 1909 celebratae:
978 1851 1346 1909 monimenta
1388 1852 1613 1926 ingenii
1656 1854 1784 1913 eius
1826 1851 1989 1915 haud

122 1941 369 2018 perinde
392 1937 741 1997 retinentur.
828 1936 1048 1993 scilicet
1072 1937 1297 2012 impetu
1320 1938 1506 2012 magis
1528 1954 1708 2015 quam
1732 1946 1871 1998 cu'ra
1895 1942 1991 2000 vi-

122 2028 320 2101 gebat:
362 2035 545 2100 utque
571 2022 825 2078 aliorum
847 2022 1151 2079 meditatio
1177 2034 1234 2079 et
1257 2023 1428 2081 labor
1456 2023 1519 2078 in
1550 2036 1852 2099 posterum
1883 2047 1991 2085 va·-

123 2111 317 2182 lescit,
369 2109 451 2165 sic
480 2106 711 2164 Haterii
744 2126 1027 2165 canorum
1064 2108 1215 2166 illud
1254 2119 1311 2166 et
1351 2108 1654 2184 profluens
1687 2131 1823 2168 cum
1859 2110 1990 2189 ipso

122 2197 300 2255 simul
330 2193 682 2251 exstinctum
706 2202 807 2251 est⁴

293 2277 487 2339 LXII.
572 2276 663 2338 Μ.
715 2275 987 2346 Licinio,
1066 2271 1154 2337 Lss
1183 2272 1510 2353 Calpurnio
1571 2299 1716 2342 coss.
1779 2280 1994 2357 ingen..

125 2368 276 2424 tium
296 2364 593 2422 bellorum
617 2362 846 2420 cladem
868 2361 1143 2438 aequavit
1164 2361 1389 2420 malum
1415 2363 1824 2440 improvisum.
1867 2369 1994 2428 eius

127 2452 366 2510 initium
389 2449 567 2506 simul
590 2459 648 2506 et
672 2446 807 2504 finis
834 2446 1039 2505 extitit.
1123 2444 1279 2504 Nam
1301 2460 1507 2524 coepto
1533 2452 1689 2526 apud
1703 2450 1996 2513 Fidenam

123 2531 559 2614 amphitheatro
585 2529 808 2591 Atilius
833 2532 1078 2611 quidam
1100 2532 1367 2590 libertini
1393 2535 1651 2609 generis,
1703 2558 1823 2615 quo
1861 2558 1996 2619 spe-

124 2728 218 2759 mn
247 2717 434 2766 poterae
466 2724 563 2753 non
596 2710 648 2753 in
687 2708 941 2753 diserimen
980 2715 1025 2751 ee
1091 2714 1206 2762 ptus
1223 2707 1332 2752 mihi
1354 2716 1444 2762 est,
1473 2710 1549 2770 qui
1572 2710 1766 2757 libenter
1784 2712 1894 2759 must
1917 2731 1991 2760 03,

123 2772 481 2817 soutes'eudmem
519 2767 704 2815 venire,
750 2770 835 2810 sed
864 2767 1022 2809 diver·
1096 2764 1263 2810 tissacit
1287 2767 1454 2825 petenti
1477 2767 1542 2811 vel
1568 2768 1754 2815 iubenti.
1799 2771 1859 2817 ef.
1888 2775 1928 2824 1,
1949 2774 1994 2821 2.

123 2845 208 2875 eae
237 2829 425 2883 insuper
453 2832 538 2870 ete.
581 2823 642 2869 es.
673 2830 770 2867 not.
805 2823 860 2868 ad
886 2838 925 2868 c.
949 2823 1021 2868 62.
1093 2830 1274 2879 quanto
1301 2826 1404 2879 quis
1428 2826 1620 2869 servitio
1634 2830 1917 2884 promptior.

126 2887 209 2933 tub
233 2901 303 2929 vv.
339 2891 391 2927 ut
419 2883 512 2926 eali
629 2882 842 2936 effugere.
903 2879 1022 2925 Hinc
1149 2878 1262 2924 Cn.
1281 2882 1352 2925 61.
1385 2883 1528 2926 elaris
1559 2884 1820 2931 maioribus
1848 2902 1994 2946 quam

127 2960 222 2990 nou
247 2958 360 3000 opus
383 2948 447 2984 est
472 2947 679 2982 contorta
704 2938 794 2982 ulla
826 2937 1021 2997 explica·
1092 2939 1305 2982 vetustis.
1365 2938 1425 2983 cs.
1450 2949 1543 2984 not.
1570 2940 1623 2985 ad
1645 2942 1770 2995 8,1⁷.
1787 2946 1888 2992 sub.
1910 2962 1991 2995 vv.

128 3002 250 3045 tione
272 2998 396 3043 vocis
419 2997 611 3049 insuper
626 3030 637 3049 ,
667 3004 714 3038 ut
736 2994 893 3040 auxilia
917 2996 1023 3039 loco
1093 2996 1341 3038 miser-aeto
1363 3011 1508 3052 quam
1530 2998 1723 3045 invidia.

127 3060 342 3104 serantur.
373 3053 554 3099 Scilicet
568 3053 740 3098 cronio
755 3055 944 3107 insuper
958 3059 1024 3096 est
1152 3055 1283 3096 haud
1307 3054 1503 3107 perinde
1535 3057 1809 3104 retinentur.
1865 3060 1922 3108 Η.
1948 3079 1990 3110 e.

128 3111 682 3162 continentem-Oberlino
696 3112 1023 3166 super-hiuma:-
1095 3111 1349 3154 retinentur
1392 3112 1726 3171 quidem,‘⁸ed
1766 3132 1860 3162 uon
1900 3136 1990 3179 pro

129 3176 256 3217 inde.
298 3168 568 3228 Wopkens.
582 3168 851 3223 corrigiatis
868 3182 1021 3222 super.
1095 3167 1388 3212 monimentis
1424 3170 1669 3215 celebratae
1706 3173 1987 3233 eloquentiae

187 3246 270 3273 seu
290 3235 467 3271 taceret
501 3227 700 3277 iuvenis,
731 3226 908 3269 crimen
935 3235 1020 3269 ete.
1093 3225 1328 3271 habentur.
1388 3225 1458 3272 De
1480 3242 1583 3275 voc.
1601 3231 1799 3285 perinde
1819 3233 1877 3278 cs.
1892 3245 1988 3282 not.

128 3288 206 3331 Sic
230 3286 328 3329 edd.
353 3284 454 3328 Ber.
474 3285 571 3327 Alc.
598 3283 715 3341 Εὗρε.
743 3298 839 3341 sqq.
902 3283 1021 3326 Male
1094 3282 1148 3327 ad
1173 3281 1212 3334 8,
1239 3283 1305 3326 17.

131 3345 418 3390 distinxerant
466 3341 705 3384 Rhenanus
760 3350 803 3385 et
853 3340 1021 3386 Aldus:
1149 3335 1264 3384 Cn.
1302 3339 1373 3385 62.
1432 3345 1620 3387 malum
1663 3346 1986 3399 impr-ombum·

129 3418 210 3448 eeu
238 3407 422 3443 taceret.
457 3400 638 3441 iuvenis
658 3407 743 3443 etc.
860 3401 864 3404 '
1094 3395 1163 3441 De
1204 3413 1295 3457 quo
1334 3398 1431 3445 vid.
1459 3399 1648 3446 sueton.
1681 3402 1784 3448 Tib.
1831 3422 1874 3452 c.
1907 3408 1983 3458 40,

182 3458 451 3514 promptior
503 3457 697 3503 Neroni,
791 3453 1021 3499 Ernestius
1094 3454 1231 3499 Oros.
1255 3454 1297 3506 7,
1318 3455 1361 3501 4.

130 3517 319 3562 malebat
336 3515 550 3569 pronior.
602 3513 803 3558 Frustra.
851 3512 1020 3556 Prom-
1077 3553 1080 3557 ,
1147 3526 1262 3558 nam
1298 3522 1458 3572 coepto
1499 3519 1626 3573 apud
1669 3517 1724 3564 F.
1765 3534 1813 3566 a»
1904 3521 1983 3569 Er·
