2222 4030
1842 187 1898 223 A.
1910 188 1966 224 U.
1978 186 2061 222 772.

1839 234 1899 268 A.
1915 231 1973 267 C..
1999 231 2062 267 19.

283 195 411 260 210
962 187 1479 252 A-NNALIUM

286 328 463 386 ceteri
491 327 764 382 cederent
789 320 958 380 Italia
973 365 990 394 ,
1031 324 1149 379 nisi
1173 333 1391 386 certam
1418 332 1554 378 ante
1578 319 1735 376 diem
1762 321 2042 396 profanos
2063 323 2148 380 ri-

290 427 384 470 tus
415 412 726 469 exuissent.
791 434 799 446 ·

458 544 794 606 LXXXVI.
836 545 979 603 Post
1003 565 1150 621 quae
1174 544 1400 600 rettulit
1424 541 1638 600 Caesar
1661 545 2007 619 capiendam
2025 543 2148 601 vir-

290 635 489 710 ginem
529 634 595 689 in
634 634 832 689 locum
867 628 1112 698 Occiae,
1169 650 1317 705 quae
1359 640 1580 703 septem
1622 641 1679 687 et
1721 630 2148 706 quinquaginta

288 741 393 796 per
430 739 618 775 annos
653 736 880 774 summa
916 715 1304 771 sanctimonia
1333 712 1671 772 Vestalibus
1706 715 1882 771 sacris
1916 735 2150 789 praese—

289 807 484 862 derat:
538 803 766 880 egitque
804 812 989 875 grates
1018 799 1267 857 Fonteio
1299 797 1596 875 Agrippae
1628 813 1685 858 et
1710 799 1978 858 Domitio
2006 797 2151 857 Pol-

287 890 469 960 lioni,
523 890 684 966 quod
722 886 1024 944 offerendo
1061 885 1211 940 filias
1251 887 1323 942 (le
1360 885 1553 941 officio
1590 886 1655 942 in
1690 907 1817 942 rem
1850 886 2150 962 publicam

288 961 601 1041 certarent.
644 973 903 1049 praelata
937 982 1022 1027 est
1040 967 1334 1027 Pollionis
1366 969 1489 1026 filia
1520 991 1644 1027 non
1677 973 1754 1028 ob
1781 973 1945 1028 aliud
1972 992 2150 1048 quam

285 1062 450 1139 quod
503 1071 690 1116 mater
745 1057 870 1112 eius
923 1055 989 1111 in
1041 1056 1246 1112 eodem
1302 1055 1577 1129 coniugio
1632 1059 1926 1127 manebat.
2013 1077 2152 1112 nam

283 1143 551 1222 Agrippa
578 1142 826 1200 discidio
852 1142 1098 1198 domum
1123 1141 1521 1201 imminuerat.
1605 1138 1687 1198 Et
1705 1140 1920 1199 Caesar
1942 1162 2151 1219 quam-

286 1232 376 1288 vis
404 1226 802 1307 posthabitam
834 1227 1025 1283 decies
1052 1227 1304 1284 sestertii
1329 1228 1465 1284 dote
1494 1227 1714 1285 solatus
1743 1239 1846 1288 est.

455 1362 823 1425 LXXXVII.
870 1362 1188 1422 Saevitiam
1211 1384 1484 1422 annonae
1510 1365 1817 1423 incusante
1837 1366 2009 1441 plebe
2031 1377 2151 1423 sta-

284 1455 399 1512 tuit
434 1454 732 1509 frumento
767 1450 1056 1526 pretium,
1110 1452 1272 1527 quod
1310 1463 1539 1526 emptor
1574 1452 1887 1527 penderet,
1942 1451 2152 1509 binos-

286 1559 398 1617 que
447 1556 724 1595 nummos
776 1556 835 1592 se
881 1536 1224 1593 additurum
1271 1537 1735 1610 negotiatoribus
1779 1538 1846 1594 in
1890 1537 2153 1612 singulos

282 1623 533 1682 modios,
620 1621 825 1698 Neque
871 1633 1071 1677 tamen
1110 1622 1188 1678 ob
1229 1642 1296 1678 ea
1330 1621 1592 1697 parentis
1626 1623 1849 1698 patriae
1888 1624 2150 1681 delatum

285 1720 342 1767 et
381 1721 552 1766 antea
588 1706 946 1764 vocabulum
979 1707 1309 1782 adsumpsit
1349 1709 1670 1784 acerbeque
1704 1709 1999 1784 increpuit
2037 1730 2154 1780 eos,

285 1795 391 1872 qui
432 1793 668 1851 ‘divinas
704 1792 1116 1868 occupationes
1162 1793 1474 1870 ipsumque
1515 1794 1827 1851 dominum
1864 1788 2154 1855 dixerant.

284 1880 445 1937 unde
473 1890 718 1954 angusta
746 1890 802 1934 et
828 1877 1057 1935 lubrica
1085 1879 1274 1935 oratio
1303 1879 1412 1935 sub
1438 1878 1736 1955 principe,
1780 1880 1886 1958 qui
1909 1880 2153 1940 liberta÷

285 1976 408 2022 tem
434 1965 762 2033 metuebat,
803 1963 1204 2020 adulationem
1234 1965 1458 2043 oderat.

457 2100 857 2165 LXXXVIII.
905 2101 1166 2179 Reperio
1198 2104 1357 2179 apud
1389 2102 1700 2179 scriptores
1737 2114 2152 2183 senatoresque

286 2189 611 2246 eorundem
658 2200 996 2263 temporum
1048 2183 1472 2262 Adgandestrii
1518 2189 1804 2264 principis
1847 2187 2156 2248 Cattorum

286 2276 463 2331 lectas
485 2274 551 2328 in
578 2285 783 2329 senatu
808 2274 1060 2343 litteraS,
1105 2275 1320 2350 quibus
1342 2285 1595 2330 mortem
1619 2271 1881 2331 Arminii
1904 2277 2155 2352 promit-

284 2361 445 2418 tebat
462 2404 477 2428 ,
503 2359 554 2414 si
572 2359 901 2433 ‘patrandae
923 2360 1054 2415 neci
1081 2363 1378 2416 venenum
1401 2359 1761 2418 mitteretur:
1801 2381 2153 2438 responsum

287 2589 421 2634 dandi
457 2589 604 2633 studio
628 2587 959 2634 Freinshemius
994 2594 1186 2637 coniecit

1315 2596 1467 2636 decies
1491 2596 1706 2637 sestertii.
1769 2596 1826 2639 cf.
1856 2613 1894 2639 c.
1915 2596 1986 2646 37,
2007 2599 2159 2657 ibique

288 2651 401 2691 utile
432 2651 662 2690 damnum
694 2658 878 2706 propter
908 2650 994 2693 loc.
1028 2652 1183 2693 Vellei.

1259 2660 1354 2694 not.
1428 2652 1625 2694 Ursinus
1660 2653 1774 2695 male
1810 2657 2033 2699 tentabatt
2069 2661 2155 2700 de·-

285 2707 327 2757 2,
362 2707 432 2749 46.
475 2707 583 2747 utile
612 2705 920 2756 imperatoris
954 2712 1187 2750 damnum

286 2765 419 2806 salvo
451 2764 659 2805 exercitu
666 2762 845 2818 fuisset
863 2765 938 2806 rei
951 2767 1081 2819 publ.

346 2819 459 2864 CAP.
489 2820 560 2864 86.
607 2821 891 2874 capiendam
936 2824 1184 2876 virginem.

289 2877 406 2921 Gen.
430 2879 484 2921 N.
505 2877 561 2920 A.
590 2881 627 2926 1,
654 2879 721 2921 12.
757 2880 876 2933 Capi
905 2881 1037 2934 virgo
1067 2896 1187 2935 pro-

285 2943 451 2990 pterea
509 2937 717 2984 videtur,
787 2938 899 2992 quia
951 2940 1188 2996 pontificis

288 3008 437 3034 manu
454 2994 691 3048 prehensa
717 2995 775 3035 ab
802 3009 854 3043 eo
869 3002 1093 3049 parente,
1137 2997 1187 3037 in

288 3051 417 3092 cuius
454 3057 690 3101 potestate
730 3058 821 3099 est,
879 3053 1026 3095 veluti
1067 3056 1188 3096 bello

290 3114 428 3165 copta
459 3108 720 3150 abducitur.
791 3109 903 3151 Mox
933 3108 1038 3153 edd.
1079 3120 1189 3156 vett.

293 3163 487 3207 Comitio
518 3180 600 3220 pro
633 3165 873 3215 Domitio,
922 3169 1044 3225 quod
1090 3169 1187 3210 edi-

291 3221 397 3264 dere
427 3221 544 3277 Lips.
578 3237 674 3277 sqq.

348 3278 555 3320 discidio.
616 3278 692 3320 Sic
712 3279 930 3323 cod.MS.
955 3282 1054 3324 edd.
1078 3291 1186 3326 vett.

290 3335 469 3379 Deinde
493 3350 571 3391 per
593 3334 697 3391 Lips
743 3338 812 3379 ed.
843 3339 966 3380 1574.
992 3340 1187 3396 inrepse-

292 3403 361 3436 rat
383 3392 597 3444 dissidio,
639 3394 759 3448 quod
785 3394 981 3452 Ryckius
1007 3398 1186 3456 expulit.

290 3451 363 3494 De
386 3450 546 3492 eodem
569 3449 661 3492 vitii
687 3466 847 3508 genere
873 3453 1047 3497 dicetur
1080 3455 1186 3499 infr.

292 3509 347 3551 ad
368 3507 407 3558 3,
429 3506 499 3550 34.
541 3507 607 3560 12,
627 3507 657 3549 2
677 3517 718 3550 et
741 3509 812 3551 40.
850 3511 914 3561 14,
941 3514 961 3554 1
990 3520 1032 3554 et
1055 3514 1127 3556 60.

1259 2711 1349 2752 cies
1371 2713 1652 2752 sestertium.

1317 2766 1429 2810 ΠΛΡ.
1443 2767 1511 2808 87.
1534 2769 1908 2820 negotiatoribus.
1957 2769 2045 2814 Inr.
2063 2772 2155 2814 fru-

1259 2825 1506 2868 mentariis.
1568 2824 1627 2868 cf.
1678 2824 1802 2870 Suet.
1847 2826 1955 2872 Oct.
1999 2845 2040 2872 c.
2079 2830 2152 2874 42.

1260 2882 1330 2926 ld.
1361 2880 1517 2924 Claud.
1545 2898 1582 2925 c.
1609 2882 1680 2925 18.

1318 2942 1530 2982 delatum
1569 2947 1614 2982 et
1657 2948 1817 2984 antea.
1892 2943 1996 2988 Vid.
2036 2961 2160 3004 supr.

1262 3000 1301 3046 1,
1325 2998 1396 3041 72.
1454 2996 1578 3041 Suet.
1603 2996 1702 3042 Tib.
1730 3015 1768 3042 e.
1792 3000 1850 3042 26
1871 3010 1913 3044 et
1935 3003 2005 3046 67.
2066 3004 2158 3047 Dio

1262 3057 1332 3106 57,
1362 3053 1403 3099 8.
1439 3055 1506 3106 58,
1538 3055 1606 3098 12.
2123 3091 2125 3093 .

1319 3114 1507 3155 divinas
1526 3114 1861 3167 occupationes.
1922 3114 2045 3161 Suet.
2057 3117 2158 3163 Tib.

1263 3186 1302 3213 c.
1330 3171 1401 3214 27.

1320 3229 1580 3270 dominum.
1642 3227 1766 3271 Suet.
1791 3229 1820 3271 l.
1851 3229 1880 3273 l.
1911 3231 2001 3274 Dio
2023 3233 2090 3284 57,
2112 3233 2155 3277 8.

1321 3284 1432 3328 CAP.
1445 3285 1514 3327 88.
1543 3288 1794 3340 scriptores
1813 3297 2157 3346 senatoresque.

1261 3342 1352 3385 Pro
1395 3350 1723 3399 senatoresque
1757 3344 1930 3402 Lipsius
1966 3347 2159 3391 malebat

1260 3401 1576 3454 senioresque.
1631 3402 1866 3459 Vulgatam
1887 3405 2157 3461 scripturam

1261 3457 1521 3500 defendunt*
1575 3457 1800 3502 Gruterus
1821 3493 1832 3511 ,
1912 3460 2157 3514 Acidalius,

1261 3514 1616 3566 Freinshemius,
1656 3517 1927 3574 quibuscum
1962 3533 2157 3562 consen-
