2222 4030
196 1887 197 1890 ¹
255 1882 298 1911 c.
311 1867 382 1911 20.
445 1869 447 1871 ’

241 203 368 265 216
431 188 442 196 ’

906 179 1428 263 ANNALIUM

1774 200 1827 239 A.
1849 203 1907 247 Π.
1925 203 2015 242 773.

1705 255 1719 291 s
1767 247 1828 292 Α.
1866 246 1912 284 C.
1957 249 2020 283 20.

246 352 371 390 non
399 331 615 388 diurna
651 342 916 390 actorum
937 334 1225 409 scriptura
1251 333 1480 408 reperio
1511 333 1636 390 ullo
1668 334 1890 411 insigni
1911 339 2106 396 officio
2160 332 2163 333 ⁷
2216 338 2222 389 ἒ

173 443 177 447 ·
247 419 543 487 functam,
595 438 731 475 cum
775 438 949 495 super
983 415 1379 493 Agrippinam
1424 430 1480 475 et
1517 416 1782 485 Drusum
1830 434 1888 480 et
1926 421 2109 481 Clau-
2219 422 2222 429 ⁴

251 502 420 559 dium
457 503 635 558 ceteri
669 524 903 580 quoque
939 503 1361 575 consanguinei
1403 505 1758 561 nominatim
1799 508 2109 584 perscripti

251 587 396 644 sint:
455 606 558 644 seu
603 589 941 646 valetudine
987 587 1508 663 praepediebatur,
1565 609 1661 646 seu
1707 591 1896 648 victus
1946 593 2110 650 luctu

251 672 484 728 animus
518 674 988 746 magnitudinem
1023 673 1166 727 mali
1199 674 1456 746 perferre
1492 674 1625 730 visu
1661 697 1786 732 non
1823 677 2112 737 toleravit.

230 757 483 814 facilius
520 758 871 815 crediderim
903 757 1148 813 Tiberio
1187 768 1244 812 et
1274 757 1571 831 Augusta,
1624 761 1728 836 qui
1771 763 1947 819 domo
1985 782 2111 818 non

253 843 638 912 excedebant,
693 840 1045 911 cohibitam,
1095 853 1162 898 ut
1195 862 1303 916 par
1340 864 1577 900 maeror*
1601 857 1657 901 et
1682 849 1887 905 matris
1916 868 2112 904 exem-

250 927 351 1004 plo
381 929 512 994 avia
546 950 780 1004 quoque
813 939 867 982 et
890 938 1134 1001 patruus
1163 927 1400 984 attineri
1423 929 1787 990 viderentur.

378 1048 394 1056 -ι
421 1009 526 1072 IV.
570 1012 743 1081 Dies,
787 1033 903 1087 quo
930 1012 1216 1088 reliquiae
1243 1013 1471 1069 tumulo
1495 1009 1749 1087 Augusti
1771 1016 2113 1073 infereban-

251 1109 381 1168 tur,
442 1099 620 1154 modo
660 1118 765 1172 per
804 1097 1106 1153 silentium
1140 1109 1370 1167 vastus,
1429 1100 1609 1155 modo
1649 1101 1976 1174 ploratibus
2021 1101 2119 1156 in-

253 1183 447 1262 quies:
492 1184 667 1258 plena
687 1182 854 1238 urbis
878 1182 1091 1239 itinera
1106 1228 1122 1251 ,
1155 1183 1508 1240 collucentes
1530 1204 1637 1259 per
1663 1206 1936 1261 campum
1949 1184 2120 1242 Mar-

251 1268 328 1326 tis
346 1269 516 1327 faces,
560 1268 684 1324 illic
706 1268 878 1323 miles
903 1289 1037 1324 cum
1064 1268 1269 1338 armiS,
1306 1269 1432 1324 sine
1454 1269 1786 1344 insignibus
1811 1271 2121 1345 magistra-

309 1464 422 1509 CAP.
457 1462 500 1507 3.
555 1465 729 1507 diurna
767 1472 984 1507 actorum
1023 1465 1148 1508 scri-

250 1531 416 1578 ptura.
476 1521 698 1566 Discerne
724 1530 832 1564 acta
853 1525 1032 1565 diurna
1055 1539 1150 1578 po-

246 1582 353 1635 puli
404 1580 622 1622 Romani
668 1581 884 1634 (breviter
936 1581 1152 1624 dicuntur

251 1639 426 1680 diurna
445 1644 568 1686 acta,
598 1644 706 1680 octa
725 1639 928 1691 publica,
958 1638 1150 1691 diurno,

251 1696 377 1751 acta)
401 1703 443 1738 et
464 1702 572 1738 acta
593 1702 802 1738 senatus.
864 1695 1067 1751 Utraque
1084 1697 1152 1739 lu-

252 1751 340 1795 lius
376 1750 538 1795 Caesar
569 1753 740 1810 primus
774 1753 978 1802 omnium
1018 1752 1150 1797 insti-

252 1810 336 1853 tuit
367 1817 409 1853 et
473 1809 662 1854 ublicari
698 1809 842 1854 iussit.
871 1845 874 1847 .
903 1810 1028 1853 Suet.
1066 1812 1152 1857 lul.

492 1866 564 1911 ein
589 1875 696 1910 acta
719 1877 912 1911 senatus
939 1867 1152 1919 (Senacs-

250 1927 496 1980 protocoll)
532 1941 590 1968 ne
620 1925 960 1982 publicarentur
996 1935 1158 1969 auctor

253 1982 340 2026 fuit
365 1984 608 2040 Augustus.
670 1981 858 2026 Sueton.
884 1982 987 2026 Oct.
1014 2000 1053 2027 c.
1078 1984 1151 2028 36.

255 2038 640 2099 Concipiebantur
673 2040 782 2084 haec
806 2057 887 2099 per
913 2056 1055 2083 unum
1079 2059 1154 2085 se-

255 2107 484 2141 natorum.
534 2099 591 2140 cf.
625 2095 716 2140 An.
749 2099 788 2150 5,
817 2099 859 2141 4.
897 2097 1003 2141 coll.
1040 2114 1080 2142 c.
1107 2100 1150 2143 5.

255 2153 478 2212 Spartian.
513 2155 559 2197 in
592 2155 803 2199 Hadrian.
840 2172 880 2199 c.
908 2155 951 2198 3.
983 2157 1153 2204 „Actis

249 2213 422 2267 populi
475 2214 736 2266 (romische
786 2212 1150 2268 Staatszeitung.

256 2269 318 2314 cf.
350 2268 548 2313 Waleh.
595 2269 650 2311 ad
680 2270 826 2314 Tacit.
863 2271 973 2329 Agr.
1019 2288 1059 2315 c.
1089 2274 1150 2329 2.)

257 2327 608 2374 continebantur
643 2343 714 2370 res
745 2328 1029 2386 rationesque
1065 2346 1154 2387 po-

258 2384 381 2443 puli,
437 2384 603 2428 iudicia
651 2384 859 2442 publica,
920 2387 1154 2443 supplicia,

259 2442 468 2490 comitia,
517 2441 738 2493 aedificia,
784 2443 1059 2494 nativitates,
1105 2444 1155 2486 il·

255 2498 415 2542 lustres
442 2508 636 2548 mortes,
664 2500 976 2548 matrimonia,
1013 2501 1156 2544 divor·

256 2556 378 2600 tia.''
419 2556 467 2598 Li
501 2573 537 2599 s.
603 2556 664 2600 cf.
699 2556 808 2600 Tac.
847 2558 934 2601 An.
974 2557 1041 2607 13,
1081 2559 1154 2602 31.

259 2615 327 2666 16,
349 2615 419 2657 22.
494 2622 644 2661 ueton.
669 2615 771 2657 Tib.
803 2631 842 2657 c.
868 2615 910 2658 5.
943 2615 1036 2659 Cal.
1067 2633 1106 2661 c.
1131 2617 1158 2660 8

258 2681 302 2715 et
325 2688 364 2716 c.
387 2671 456 2716 36.
517 2670 746 2730 Scripsere
779 2673 834 2715 de
866 2672 948 2717 hac
969 2689 1016 2715 re
1036 2674 1155 2731 Lips.

259 2729 306 2772 in
342 2745 510 2773 excurs.
546 2731 600 2774 A.
639 2731 693 2773 ad
729 2729 819 2772 An.
860 2728 936 2773 lib.
965 2730 1004 2773 5.
1066 2732 1156 2774 Er·-

260 2795 374 2830 nest.
399 2787 446 2829 in
475 2803 643 2830 excurs-
675 2787 728 2830 ad
749 2786 873 2831 Suet.
899 2787 979 2831 lul.
1014 2806 1054 2832 c.
1080 2791 1155 2832 20.

228 2893 231 2895 ,
260 2844 494 2887 Broterius
525 2845 580 2887 ad
611 2845 703 2889 An.
736 2845 776 2894 5,
798 2846 842 2887 4.
884 2845 1073 2905 Ruperti
1108 2849 1156 2891 in

262 2902 646 2958 commentatione
697 2902 752 2945 de
793 2902 941 2946 Taciti
988 2904 1074 2947 vita
1115 2912 1158 2948 et

262 2959 461 3016 scriptis,
513 2976 647 3017 quam
688 2959 929 3003 Annalium
971 2961 1157 3005 editioni

260 3016 514 3074 praemisit,
543 3018 619 3060 ubi
641 3016 732 3061 vid.
760 3033 803 3076 p.
833 3019 886 3059 16
909 3026 951 3060 et
973 3019 1041 3062 17.

321 3075 555 3117 toleravit.
613 3073 689 3118 Sic
712 3075 814 3119 cod.
831 3073 935 3118 MS.
962 3076 1157 3119 edd.Be-

262 3130 404 3173 roald.
428 3130 628 3174 Rhenan.
654 3148 754 3190 sqq.
788 3156 848 3166 -—
909 3131 1157 3176 Oberl-inus

264 3195 450 3239 tamen,
516 3188 833 3245 Weikertus‚
911 3190 1157 3238 Nandetus,

264 3244 612 3301 Li'memannus,
681 3246 920 3291 Weissius
977 3248 1158 3291 edidere

268 3303 554 3354 toleraverit.
660 3303 892 3348 Bekkerus
960 3306 1158 3364 priorem

267 3360 533 3417 scripturam
559 3364 805 3406 revocavit.
866 3363 1020 3406 Recte.
1081 3361 1158 3405 Nil

267 3418 389 3461 enim
414 3417 486 3460 hic
510 3432 623 3475 opus
653 3427 718 3460 est
747 3420 1053 3467 subiunctivo.
1099 3419 1160 3464 cf.

269 3473 367 3518 Cic.
403 3473 643 3530 Quint.⁴8.
694 3475 924 3520 Homines
965 3478 1160 3531 nobiles,

269 3546 351 3576 seu
399 3539 522 3576 recte
576 3546 658 3576 seu
703 3549 957 3591 perperam
994 3536 1165 3593 facere

1223 1471 1579 1520 coeperunt,
1635 1465 1683 1507 in
1721 1473 1918 1522 utroque
1963 1468 2121 1508 excel-

1223 1527 1342 1568 lunt.
1402 1523 1471 1565 ld.
1500 1522 1639 1566 Tusc.
1665 1523 1708 1575 2,
1731 1524 1799 1567 14.
1835 1524 2021 1566 Cretum
2051 1525 2124 1566 Ie-

1223 1596 1328 1635 ges,
1372 1594 1490 1637 quas
1518 1584 1615 1622 sive
1638 1581 1817 1636 Iupiter
1843 1582 1940 1625 sive
1961 1580 2122 1626 Minos

1223 1639 1466 1691 sanxit,
1518 1640 1752 1681 laboribus
1786 1640 2006 1681 erudiant
2045 1639 2121 1681 iu-

1223 1703 1482 1738 ventutem.
1533 1695 1628 1737 Iam
1653 1712 1762 1753 quae
1785 1697 1838 1739 de
1858 1697 2122 1754 pleonasmo

1225 1753 1456 1804 scribunt,
1508 1768 1622 1809 quae
1657 1753 1712 1796 sit
1740 1753 1788 1795 in
1815 1753 2034 1809 perferre
2065 1777 2124 1787 -

1226 1811 1474 1858 toleravit,
1525 1810 1677 1855 nescio
1709 1810 1818 1868 quid
1849 1811 1933 1854 sibi
1964 1811 2124 1855 velint.

1225 1868 1332 1911 Duo
1396 1867 1471 1911 hic
1525 1876 1756 1911 momenta
1813 1867 2125 1924 distinguenda

1225 1934 1345 1969 sunt.
1404 1926 1512 1968 Non
1536 1927 1760 1968 toleravit
1779 1934 1951 1984 spectat
1972 1925 2027 1970 ad
2050 1941 2124 1970 co-

1226 1991 1408 2027 natum:
1452 1998 1548 2025 non
1579 1984 1753 2041 potuit,
1794 1999 1936 2040 quum
1975 1983 2124 2026 vellet.

1221 2040 1440 2096 perferre
1487 2049 1659 2097 spectat
1704 2041 1759 2083 ad
1802 2056 1927 2092 rem,
1988 2057 2126 2099 quam

1225 2114 1321 2140 non
1345 2097 1490 2156 potuit
1507 2113 1529 2139 a
1551 2114 1597 2140 se
1616 2099 1875 2155 impetrare.
1937 2096 2124 2142 Germa-

1226 2157 1326 2199 nice
1350 2156 1493 2198 dices:
1522 2154 1609 2197 Ihr
1628 2169 1719 2197 von
1732 2156 1918 2198 Trauer
1936 2158 2131 2211 gebeug÷

1225 2221 1296 2255 tes
1331 2213 1535 2256 Gemuth
1572 2215 1644 2254 litt
1673 2214 1799 2256 nicht
1846 2213 1906 2266 (h.
1944 2229 1984 2256 e.
2019 2227 2127 2255 ver-

1223 2278 1353 2324 sagte
1376 2272 1468 2326 ihr)
1492 2271 1565 2312 die
1583 2269 1754 2327 Grbsse
1780 2273 1862 2312 des
1887 2270 2127 2326 Ungliiclts

1226 2330 1314 2370 mit
1335 2331 1444 2370 dem
1454 2328 1645 2370 Anblick
1667 2344 1726 2370 zu
1748 2335 1984 2381 ertragen.
2015 2328 2128 2372 Pru-

1228 2386 1382 2428 denter
1395 2386 1575 2428 Tacitus
1597 2386 1773 2443 scripsit
1792 2386 1895 2427 visu
1914 2386 2129 2443 perferre

1226 2459 1310 2501 pro
1334 2446 1512 2496 videre,
1538 2451 1589 2485 ut
1612 2443 1878 2500 exprimeret
1899 2443 2035 2486 simul
2057 2443 2130 2485 vi-

1227 2517 1326 2543 sum
1347 2501 1473 2543 illum
1490 2499 1604 2541 haud
1629 2499 1762 2542 dubie
1783 2499 1920 2542 fuisse
1941 2517 2127 2545 saevum

1230 2564 1273 2600 et
1299 2556 1544 2600 crudelem.
1603 2555 1684 2599 Sin
1704 2572 1808 2599 vero
1831 2555 2049 2602 sententia
2073 2575 2127 2601 eo

1229 2615 1392 2663 ferret,
1436 2621 1484 2655 ut
1516 2613 1717 2656 Antonia
1764 2614 2130 2670 magnitudinem

1230 2672 1335 2714 mali
1370 2670 1571 2729 perferre
1606 2672 1697 2712 visu
1730 2680 1891 2714 conata
1923 2687 2018 2715 non
2050 2689 2129 2730 po·

1228 2729 1392 2779 tuerit,
1434 2736 1530 2771 tum
1568 2726 1775 2786 profecto
1806 2727 2130 2828 ineptus-esset

1228 2788 1274 2830 in
1313 2786 1462 2831 verbis
1495 2786 1800 2843 pleonasmus.
1898 2803 1970 2829 am
2017 2802 2129 2833 vero

1227 2845 1394 2887 frustra
1419 2842 1680 2886 laboravere
1702 2843 1983 2901 interpretes.

1289 2909 1339 2943 ut
1368 2915 1463 2955 par
1500 2914 1711 2944 maeror.
1777 2899 1851 2943 Sc.
1882 2901 2127 2945 videretur.

1229 2958 1306 3002 Sic
1326 2959 1442 3001 bene
1461 2958 1640 3000 monuit
1659 2957 1906 3002 Ernestius.
1967 2957 2132 3017 Wop-

1231 3017 1356 3062 kens.
1384 3013 1594 3072 intelligit
1621 3023 1753 3058 esset.
1813 3013 2021 3059 Heinsius
2047 3032 2128 3062 vo-

1229 3075 1372 3118 lebat:
1431 3073 1548 3127 pari
1608 3086 1843 3124 maerore,

1229 3131 1383 3188 script.
1413 3137 1478 3172 est
1500 3129 1765 3185 elegantior.

1286 3187 1398 3231 CAP.
1422 3186 1467 3231 4.
1498 3194 1674 3229 vastus.
1735 3185 1859 3229 Bene
1881 3185 1998 3230 hanc
2019 3187 2129 3231 scri-

1227 3255 1406 3304 pturam
1441 3242 1476 3285 I.
1515 3243 1591 3286 Fr.
1627 3242 1891 3288 Gronovius
1931 3245 2132 3289 defendit

1208 3310 1393 3352 ‚contra
1457 3300 1723 3352 Pichenam‘,
1799 3301 1875 3359 qui
1936 3301 2132 3346 malebat

1231 3367 1445 3408 vastum,
1479 3356 1607 3401 nullo
1633 3358 1798 3401 idoneo
1825 3375 1972 3402 sensu.
2037 3359 2132 3400 Va:

1233 3425 1333 3461 stus
1352 3417 1426 3459 bic
1447 3424 1512 3459 est
1535 3416 1658 3472 quod
1681 3432 1764 3458 nos
1786 3416 1976 3459 dicimus
1998 3418 2101 3460 δάε.

1282 3474 1437 3530 faces.
1499 3472 1645 3515 intell.
1668 3471 1896 3517 funebres.
1939 3472 2026 3517 Res
2049 3487 2132 3518 no-

1241 3531 1426 3577 tissima.
1464 3529 1528 3576 cf.
1553 3529 1674 3589 Lips.
1695 3529 1743 3576 in
1767 3545 1937 3575 excurs.
1962 3529 2017 3575 A.

1937 3073 2129 3130 Vulgata
