2222 4030
1863 206 1915 247 A.
1929 207 1983 245 U.
2006 208 2088 247 773.

1862 254 1914 288 A.
1935 251 1983 291 C.
2027 254 2088 294 20,

311 212 437 270 226
990 202 1499 264 ANNALIUM

311 361 438 400 rem
474 336 717 396 infitiari
750 345 1004 411 poterat:
1048 337 1242 392 solum
1272 334 1489 390 veneni
1526 334 1749 394 crimen
1774 337 1934 395 visus
1967 350 2052 396 est
2081 338 2177 396 di-

313 427 509 484 luisse.
595 423 758 499 quod
783 441 858 478 ne
891 436 1252 479 accusatores
1285 419 1529 495 quidem
1554 422 1702 477 satis
1729 423 2069 494 firmabant,
2110 424 2191 480 in·

313 509 586 569 convivio
622 505 994 575 Germanici,
1038 526 1172 562 cum
1207 524 1383 579 super
1420 525 1556 561 eum
1591 504 1729 563 Piso
1767 508 2177 578 discumberet,
2219 584 2222 589 Ι

313 598 561 654 infectos
596 593 872 650 manibus
909 591 1032 647 eius
1082 590 1245 646 cibos
1291 602 1616 663 arguentes,
1703 593 1922 669 quippe
1969 595 2177 650 absur-

315 685 460 739 dum
502 679 815 737 videbatur
858 677 1012 732 inter
1055 674 1248 730 aliena
1291 675 1530 732 servitia
1575 688 1631 733 et
1674 689 1762 734 tot
1816 679 2176 737 adstantium

314 770 446 827 visu
491 766 619 842 ipso
671 761 1024 820 Germanico
1086 779 1284 815 coram
1331 760 1392 815 id
1441 781 1670 821 ausum.
1781 758 2178 840 offerebatque

312 850 599 911 familiam
629 868 763 905 reus
801 858 856 902 et
892 844 1196 900 ministros
1233 844 1298 899 in
1330 856 1621 904 tormenta
1655 848 1972 922 flagitabat.
2058 848 2176 906 Sed

314 938 535 1000 iudices
560 955 666 1011 per
692 933 920 988 diversa
944 929 1345 1005 implacabiles
1370 942 1562 988 erant:
1606 930 1821 1012 Qaesar
1849 935 1927 991 ob
1950 934 2177 991 bellum
2216 1002 2222 1016 ί

310 1006 649 1105 provinciae
676 1017 962 1084 inlatum,
982 1075 985 1078 ,
1006 1027 1240 1071 senatus
1276 1034 1586 1091 nunquam
1621 1019 1758 1074 satis
1789 1019 2025 1074 credito.
2049 1019 2176 1077 sine

311 1109 520 1167 fraude
560 1101 985 1172 Germanicum
1034 1099 1342 1161 interiisse.
1443 1094 1857 1178 *scripsissent
1905 1115 2178 1179 expostu-

312 1197 526 1252 lantes:
582 1188 742 1266 quod
774 1182 937 1244 haud
972 1185 1172 1243 minus
1195 1185 1475 1244 Tiberius
1514 1208 1694 1264 quam
1723 1187 1861 1245 Piso
1900 1189 2176 1263 abnuere.
2218 1252 2222 1262 ξ

1278 1413 1486 1458 Tiberius
1520 1415 1896 1470 potuit'abnueoe
1930 1417 2173 1461 Germani-

1280 1489 1386 1515 cum
1412 1489 1493 1531 per
1515 1472 1718 1516 fraudem
1738 1474 1994 1519 interiisse?
2045 1475 2176 1518 Mer-.-
2204 1492 2222 1497 ·’

1278 1546 1407 1573 cerus
1455 1530 1690 1574 emendat:
1753 1535 1979 1575 submisse
2028 1532 2174 1589 (h.se.

1278 1595 1455 1630 secreto
1497 1589 1760 1644 murmure)
1806 1593 2176 1645 expostulantes,

1277 1647 1400 1701 quod
1425 1653 1509 1688 etc.
1570 1644 1612 1687 Is
1643 1645 1759 1689 haud
1797 1647 1931 1690 dubie
1961 1662 2059 1692 rem
2085 1665 2174 1692 acu

1279 1701 1438 1760 tetigit.
1500 1700 1680 1746 Scilicet
1711 1703 1930 1748 submisse
1965 1713 2172 1770 expostu-

1279 1758 1452 1802 larunt:
1487 1759 1598 1802 nihil
1629 1761 1792 1804 certius
1825 1762 1922 1816 (Sic
1946 1763 2176 1806 knurrten

1279 1818 1526 1873 daz-uber).
1600 1818 1754 1861 Miror
1779 1818 1955 1877 Ryekio
1989 1822 2175 1879 ineptias

370 1430 438 1467 tot
475 1418 773 1464 adstantium
812 1416 936 1460 visu.
1012 1415 1072 1460 cf.
1106 1422 1205 1458 not.

312 1485 367 1530 ad
401 1484 452 1534 2,
485 1478 557 1522 44.
593 1478 675 1520 sub
707 1489 811 1519 voc.
842 1477 1058 1517 dtecessu.
1125 1473 1204 1515 Pi-

311 1542 452 1588 chena
490 1546 532 1580 et
563 1533 769 1578 Heinsius
802 1531 1024 1574 malebant
1063 1532 1206 1583 visus,

311 1596 434 1659 quod
455 1592 598 1638 Taciti
619 1591 772 1634 stilum
792 1604 886 1631 non
907 1589 1096 1632 redolet.

367 1655 625 1701 ministros.
697 1663 762 1691 sc.
799 1645 1083 1695 Germanici,
1128 1647 1204 1705 qui

311 1716 359 1760 ‘m
381 1711 462 1756 illo
487 1706 690 1754 convivio
715 1703 1090 1748 ministraverant.

366 1771 394 1802 *
406 1767 703 1821 scripsissent
720 1761 1090 1816 expostulantes.
1130 1760 1208 1804 Sic

311 1828 415 1875 cod.
438 1823 539 1871 MS.
574 1830 617 1866 et
652 1821 752 1864 edd.
778 1828 887 1864 vett.
922 1819 1041 1863 haud
1071 1819 1207 1862 dubia

311 1890 472 1932 lacuna
505 1890 606 1925 ante
642 1878 958 1934 sumpsissent,
1005 1876 1075 1918 cui
1110 1892 1206 1919 non

314 1940 563 1988 medeberis
593 1952 770 1996 quacun
810 1950 863 1978 ue
895 1933 1117 1977 medicina
1159 1950 1207 1976 ex

311 1999 496 2060 ingenio
539 1996 698 2041 adlata.
832 2000 927 2035 etus
970 1992 1207 2048 scriptura,

311 2055 729 2120 quomodocunque
769 2058 1060 2110 torqueatur,
1103 2049 1207 2091 ido-

310 2131 442 2162 neam
499 2111 763 2156 sententiam
806 2124 902 2152 non
940 2107 1112 2158 fundit,
1158 2114 1208 2150 ut

345 2172 523 2222 rodeat,
554 2169 675 2227 quod
699 2165 905 2210 Tiberius
938 2165 1072 2209 simul
1102 2181 1207 2208 cnm

310 2193 476 2279 gisone
514 2227 708 2272 abnuere
753 2223 966 2282 potuerit.
1051 2221 1206 2288 Neque

309 2301 462 2335 tamen
493 2285 541 2328 in
576 2281 821 2340 conspicua
850 2290 991 2324 textus
1020 2281 1205 2345 mutila-

311 2348 436 2391 tione
455 2342 719 2388 defuerunt,
748 2338 825 2397 qui
849 2347 924 2381 aut
948 2340 1110 2386 verba,
1126 2346 1207 2379 ·ut1

312 2410 430 2454 sunt,
458 2397 729 2459 explicanda,
760 2405 835 2438 aut
860 2395 1207 2452 transpositione

312 2463 361 2506 in
382 2470 534 2518 aptum
557 2470 739 2499 sensum
764 2452 1101 2501 concinnanda,
1131 2459 1207 2493 aut

313 2518 460 2562 addita
485 2513 556 2559 vel
578 2520 747 2555 mutata
770 2526 858 2554 una
881 2509 1070 2552 alterave
1097 2523 1205 2551 voce

313 2573 509 2622 sananda
552 2570 635 2614 sibi
679 2574 924 2612 sumerent.
1004 2565 1205 2609 Pretium

313 2642 404 2684 est,
429 2628 535 2690 quid
559 2626 810 2676 effecerint,
833 2639 1037 2668 noscere.
1085 2623 1204 2665 Rhe-

311 2705 458 2735 nanus
479 2686 688 2745 explieat:
716 2683 984 2735 „obiectum
1005 2696 1030 2722 a
1050 2689 1207 2723 senatu

312 2746 493 2797 Pisoni,
554 2742 645 2786 uod
680 2740 789 2799 ipsi,
819 2754 982 2796 nempe
1014 2737 1205 2780 Germa-

312 2806 439 2850 nicus
461 2811 504 2848 et
565 2801 631 2844 iso
664 2815 745 2858 per
763 2798 928 2841 litteras
952 2795 1205 2854 expostula-

313 2864 478 2907 vissent
509 2860 564 2904 de
594 2871 764 2900 veneno
790 2853 992 2913 praebito
1013 2861 1090 2895 aut
1113 2868 1206 2895 non

311 2917 571 2981 praebit0.”
606 2959 610 2964 ,
647 2913 778 2969 Quae
809 2913 848 2955 si
874 2911 973 2969 quis
1006 2911 1207 2954 dicturus

315 2985 406 3029 est,
464 2990 558 3019 nou
612 2970 862 3016 enuntiabit
916 2984 996 3026 per
1048 2968 1206 3034 verba:

313 3029 605 3088 scripsissent
626 3029 994 3084 expostulantes.
1044 3025 1205 3068 Omni-

311 3109 373 3137 no
397 3091 460 3134 riil
481 3087 675 3147 ineptius
697 3094 784 3136 est,
817 3100 949 3142 quam
976 3099 1205 3127 commen-

312 3158 355 3194 ta
374 3147 574 3197 illorum,
636 3144 682 3187 ui
705 3142 903 3201 cogitant
922 3141 977 3183 de
1002 3148 1205 3206 expostu-

312 3207 477 3250 latione
509 3220 588 3259 per
605 3161 787 3244 (litteras
815 3200 931 3242 inter
962 3196 1203 3240 Germam-

312 3279 418 3308 cum
439 3269 482 3305 et
506 3260 718 3302 Pisonem
738 3257 869 3301 facta.
927 3256 1134 3298 Muretus
1159 3263 1203 3297 et

310 3320 485 3380 Lipsius
515 3323 721 3363 censent,
750 3314 884 3357 verba
908 3314 1202 3377 scrtpsissent

308 3376 666 3434 expostulantes
700 3371 887 3414 delenda
914 3385 1031 3418 esse,
1063 3376 1107 3410 et
1130 3367 1202 3412 hic

309 3436 492 3495 quidem
528 3431 671 3475 alieno
709 3430 809 3471 loco
846 3444 895 3469 ea
923 3428 1088 3470 inserta
1121 3441 1197 3493 su-

308 3494 528 3552 spicatur3
557 3503 648 3546 quo
671 3486 881 3533 remittat,
908 3484 1063 3528 nescit.
1109 3482 1198 3530 bed

305 3557 490 3595 manent
519 3544 761 3590 molestiae.
823 3541 939 3585 Nam
964 3540 1197 3602 quomodo

1279 1875 1474 1917 Merceri
1510 1874 1740 1932 placuisse.
1801 1877 2027 1922 Faernus:
2060 1880 2172 1921 scri-

1274 1933 1475 1986 psissent
1489 1946 1503 1974 .·
1516 1934 1757 1976 instabant
1769 1945 2067 1979 accusatores
2082 1943 2175 1979 sta-

1279 1990 1367 2032 tim
1401 1992 1541 2033 scribi
1566 1993 1832 2035 sententias
1860 1997 2176 2049 expostulan-

1277 2054 1362 2091 tes.
1428 2048 1558 2103 Quae
1593 2050 1824 2107 quomodo
1850 2049 1894 2093 in
1918 2060 2174 2094 contextum

1279 2103 1526 2162 quadrent,
1550 2121 1640 2149 non
1664 2106 1807 2150 video.
1868 2108 2173 2152 Boxhornius:

1281 2164 1376 2206 Cur
1430 2162 1741 2219 zhtesfecisset
1798 2169 2174 2219 expostulantes.

1283 2220 1422 2278 Quod
1438 2222 1570 2262 haud
1590 2230 1675 2264 etc.
1731 2222 2085 2277 Quaestiuncula
2110 2240 2172 2267 sa-

1278 2279 1333 2322 tis
1367 2277 1535 2336 lepida!
1588 2279 1660 2322 cui
1702 2281 1940 2338 colaphum
1984 2281 2173 2326 miseere

1278 2335 1448 2387 solent,
1486 2336 1562 2392 qui
1591 2346 1868 2395 proponunt.
1927 2338 2042 2383 Satis
2071 2355 2174 2383 cre-

1278 2393 1413 2436 dibile
1443 2401 1508 2435 est
1538 2394 1623 2436 tale
1656 2395 1765 2452 quid
1799 2402 1842 2437 et
1864 2395 2096 2439 Tiberium
2133 2405 2175 2439 et.

1278 2449 1489 2492 Pisonem
1514 2451 1734 2495 abnuisse.
1789 2452 2009 2497 Hillerus:
2042 2453 2174 2511 Quae

1277 2506 1493 2549 Tiberius
1529 2517 1572 2549 et
1604 2508 1718 2550 Piso
1750 2512 2047 2564 scripsissent
2083 2526 2173 2552 ex-

1270 2567 1588 2619 postulantes.
1642 2566 1871 2621 Audacilor
1891 2583 2010 2620 sane,
2035 2584 2171 2626 quam
2187 2613 2201 2619 Ν

1276 2637 1360 2679 pro
1390 2621 1474 2664 isto
1507 2630 1711 2680 tempore
1734 2633 1777 2667 et
1802 2625 1929 2675 loco,
1960 2635 2172 2684 expostu-

1276 2679 1397 2723 latio.
1455 2679 1710 2723 Broterius:
1745 2689 1789 2723 et
1810 2697 1929 2738 quae
1950 2684 2170 2739 scripsis-

1277 2743 1381 2779 sent
1398 2740 1766 2792 expostulantes,
1826 2738 2046 2784 Oberlino
2064 2741 2173 2786 baec

1278 2794 1528 2852 placebant.
1587 2795 1753 2840 Manca
1780 2805 1929 2844 tamen
1962 2806 2006 2841 et
2036 2797 2170 2844 nimis

1279 2851 1471 2911 abrupte
1536 2853 1907 2910 praecedentibus
1971 2855 2171 2912 adposita

1278 2925 1371 2951 esse
1407 2908 1634 2954 videntur.
1714 2911 1798 2954 Vir
1846 2911 2004 2967 doctus
2047 2911 2168 2971 Gry-,-

1277 2965 1472 3023 phiensis
1504 2967 1552 3010 L.
1588 2967 1622 3011 Ι.
1657 2967 1752 3011 W.
1786 2970 1832 3012 in
1863 2970 2017 3013 libello
2047 2965 2168 3029 Gry-

1276 3022 1405 3081 phiae
1429 3023 1547 3068 edito
1577 3025 1685 3068 1817
1710 3026 1853 3070 dedit:
1888 3027 2036 3084 .Quod
2053 3031 2170 3072 scri·
2218 3050 2222 3060 ·

1271 3082 1481 3135 psissent
1509 3086 1894 3138 expostulantes,
1926 3087 2055 3128 haud
2073 3088 2168 3129 mi-

1275 3153 1368 3180 nus
1401 3139 1451 3181 T.
1493 3155 1636 3195 quam
1666 3140 1716 3182 P.
1758 3143 1979 3195 abnuere.
2050 3141 2166 3186 Ger-

1274 3196 1449 3239 manice
1473 3195 1681 3253 explicat:
1711 3197 1840 3255 DoJIs·
1862 3201 2080 3253 ilbrigens
2100 3202 2168 3244 sie

1274 3251 1505 3308 (German.
1541 3261 1582 3296 et
1617 3251 1738 3311 Piso)
1789 3258 1891 3298 sich
1943 3258 2168 3301 einander

1272 3309 1526 3366 schrtstlich
1550 3309 1778 3369 bezssende
1806 3314 1858 3355 V
1852 3315 2058 3370 orwic'tjse
2082 3331 2167 3371 ge·-

1273 3369 1428 3409 macht
1458 3370 1611 3411 haben
1643 3373 1843 3415 sollten:
1892 3372 1994 3414 dies
2022 3375 2163 3427 lc'iug-

1271 3433 1380 3468 nete
1402 3426 1535 3468 nicht
1551 3438 1643 3468 nur
1655 3426 1780 3479 Piso,
1801 3433 2007 3483 sondern
2022 3432 2164 3473 selbst
2203 3467 2212 3477 .

1273 3482 1317 3525 T
1313 3482 1501 3525 iberius.
1563 3481 1693 3539 Quae
1727 3484 1980 3542 emendatio
2013 3502 2160 3546 quan-

1271 3555 1405 3597 quam
1431 3541 1572 3599 plenis
1597 3542 1750 3588 buccis
1774 3541 1919 3588 efflata
1945 3559 2032 3587 una
2058 3561 2162 3590 cum
