2222 4030
1789 211 1841 248 A.
1861 213 1917 249 U.
1941 213 2032 249 767.

1790 255 1846 292 A.
1874 257 1920 293 C.
1969 258 2030 294 14.

251 213 335 275 56
922 210 1441 275 ANNALIUM

253 345 524 418 adethS,
566 353 696 399 tum
720 341 1059 400 adulescens
1085 355 1141 403 et
1165 344 1352 401 animi
1376 345 1570 414 ferox,
1622 343 1778 402 inter
1820 350 2117 407 obstantes

256 441 314 486 et
362 439 614 484 armatos
657 427 814 485 ferro
863 430 1022 485 viam
1070 430 1357 505 patefecit.
1457 427 1595 485 Non
1632 429 1907 490 tribunus
1942 437 2116 506 ultra,

255 534 382 570 non
421 523 745 568 castrorum
779 515 1104 590 praefectus
1144 515 1236 570 ius
1272 513 1556 570 obtinuit:
1611 514 1870 588 vigilias,
1914 518 2116 576 statio-

256 617 395 666 neS‚
436 609 492 654 et
531 597 584 652 si
620 619 735 674 qua
773 600 886 655 alia
920 618 1193 674 praesens
1228 618 1370 655 usus
1395 599 1715 671 indixerat,
1761 602 1875 676 ipsi
1895 606 2115 678 partie-

256 685 491 741 bantur.
581 681 650 739 Id
687 684 972 741 militares
1000 685 1228 739 animos
1262 684 1436 741 altius
1462 685 1924 743 coniectantibus
1949 709 2121 764 prae-

232 790 234 794 ’
259 767 497 842 cipuum
525 767 817 826 indicium
839 770 1038 842 magni
1065 780 1238 844 atque
1266 769 1654 844 implacabilis
1677 784 1903 841 motus,
1958 774 2120 850 quod

257 872 450 930 neque
484 853 737 925 disiecti,
791 854 880 910 nil
906 874 1231 930 paucorum
1263 853 1576 926 instinctu,
1627 858 1728 913 sed
1770 858 1990 933 pariter
2024 879 2122 916 ar-

318 1018 444 1061 inter
503 1019 748 1061 obstantes
811 1023 858 1059 et
913 1023 1153 1059 armatos.

258 1075 380 1119 Roth
402 1091 448 1133 p.
476 1074 546 1118 57.
578 1075 762 1133 explicat
783 1090 862 1130 per
890 1074 1078 1132 figuram
1106 1073 1157 1117 ἓν

261 1131 338 1179 διὰ
373 1133 507 1176 δυοῖν
542 1133 573 1175 i.
599 1149 643 1189 q.
677 1133 795 1174 inter
824 1132 1049 1173 obstantes
1080 1149 1156 1174 ar-

259 1199 421 1234 matos.
457 1189 544 1232 Sed
571 1191 693 1232 inter
720 1191 961 1230 obstantes
986 1203 1157 1230 arma-

261 1257 336 1291 tos
390 1248 617 1291 neminem
671 1245 880 1302 elegantis
929 1245 1155 1289 latinitatis

261 1313 508 1350 amatorem
535 1305 760 1348 dicturum
788 1316 942 1359 spero;
970 1304 1158 1345 obstan-

260 1370 330 1406 tes
350 1363 536 1404 armati
553 1371 655 1405 sunt
678 1362 899 1403 obstantes
921 1369 963 1403 et
985 1361 1158 1413 armati,

261 1429 305 1465 et
364 1419 439 1464 hie
500 1426 618 1463 ce'rte
684 1419 774 1461 duo
838 1426 943 1460 sunt
1004 1418 1157 1461 distin·

262 1477 438 1536 guenda
482 1485 736 1527 momenta,
787 1475 988 1533 primum
1032 1476 1155 1533 quod

264 1534 541 1586 obstiterint,
593 1534 781 1577 alterum
828 1533 949 1590 quod
993 1533 1152 1576 armati

261 1592 454 1641 fuerint,
492 1592 612 1634 inter
647 1607 760 1649 quos
793 1591 914 1636 viam
943 1589 1154 1649 patefecit

265 1650 354 1693 ille.
714 1662 717 1664 “

319 1709 448 1762 quod
466 1721 614 1764 neque
636 1707 844 1758 disiecti,
880 1708 953 1747 nil
971 1720 1156 1759 pauco-

261 1779 374 1806 rum
400 1765 651 1813 instinctu,
683 1767 769 1805 sed
794 1772 880 1807 etc.
945 1764 1019 1806 Sic
1052 1762 1155 1805 cod.

260 1821 365 1864 MS.
391 1821 491 1864 edd.
515 1830 623 1866 vett.
685 1821 748 1864 At
770 1821 982 1865 viderunt
1010 1820 1159 1862 inter-

295 1887 408 1921 retes
444 1879 520 1920 nil
548 1895 641 1921 non
672 1879 947 1938 respondere
970 1893 1160 1936 praece·-

262 1895 384 1979 genti
434 1951 609 1992 neque:
682 1937 790 1980 hinc
847 1936 1158 1985 coniecerunt,

261 1993 502 2036 Rhenanus
556 1996 631 2036 vel
677 2009 973 2049 paucorum,
1034 1994 1157 2051 quod

263 2052 513 2110 probavere
540 2050 717 2108 Lipsius
754 2060 796 2094 et
831 2051 1052 2102 Pichena,
1089 2067 1158 2094 re·

266 2124 426 2166 cepere
449 2108 737 2168 ‘Freinsherm
778 2117 819 2151 et
854 2107 1079 2166 Ryekius3
1120 2111 1156 2151 l.

189 2172 191 2175 ’
264 2164 340 2208 Fr.
369 2165 627 2208 Gronovius
652 2169 778 2222 quod
799 2179 1036 2221 nusquam
1060 2166 1157 2208 dis-

265 2225 435 2272 tracti,
488 2224 560 2265 nil
591 2238 863 2278 paucorum
910 2224 1160 2277 instinctu3

267 2279 454 2324 Grotius
491 2295 572 2322 nec
609 2296 876 2336 paucorum
918 2281 1157 2336 instinctu,

298 2337 390 2381 uod
440 2336 581 2396 Ryck.
636 2338 830 2396 margini
878 2338 1160 2396 adposuerat,

337 2395 480 2454 *olflus
512 2396 559 2451 in
589 2405 707 2439 textu
730 2396 910 2439 admisit
934 2405 976 2438 et
998 2396 1158 2440 deinde

267 2452 404 2498 ceteri
427 2469 598 2496 omnes.
663 2453 831 2496 Parum
852 2462 989 2496 recte.
1041 2453 1155 2496 Nam

266 2510 544 2557 vocabulum
565 2525 715 2566 neque
739 2510 812 2554 hie
837 2527 931 2553 non
952 2510 1157 2569 requirit,

228 2616 230 2619 ¹
268 2567 393 2624 quod
422 2567 509 2626 ipsi
542 2568 829 2626 respondeat,
878 2584 1023 2627 neque
1056 2577 1160 2611 sunt

270 2625 565 2670 disiunctivae
597 2624 941 2668 enuntiationes.
1014 2624 1159 2668 Poni-

268 2691 344 2725 tur
373 2697 523 2738 neque
557 2691 607 2726 ut
628 2681 737 2724 infr.
761 2683 802 2734 2,
825 2683 893 2726 82.
929 2690 975 2725 et
1008 2698 1164 2738 ‹luan-

269 2755 411 2796 quam
445 2754 592 2796 neque
626 2741 872 2795 insignibus
910 2742 1165 2795 lugentium

271 2798 583 2846 abstinerent,
630 2800 778 2839 altius
814 2800 989 2840 animis
1026 2813 1165 2840 mae-

269 2856 451 2898 rebant.
514 2854 672 2898 Germ.
704 2872 742 2898 c.
766 2855 810 2899 6.
842 2858 937 2900 Sed
961 2870 1045 2898 nee
1077 2872 1166 2897 va-

273 2913 405 2954 riare
444 2927 583 2967 gyros
624 2913 672 2954 in
713 2921 925 2955 nostrum
968 2916 1165 2956 modum

272 2972 507 3013 docentur.
559 2969 682 3014 Suet.
702 2970 782 3013 lul.
803 2987 841 3014 c.
857 2971 927 3013 28.
959 2970 1162 3028 Quando

271 3042 356 3069 neo
405 3028 646 3081 plebiscito
699 3028 950 3082 Pompeius
997 3036 1163 3082 postea

273 3085 546 3139 abrogasset
580 3085 731 3141 (quem
759 3087 910 3129 locum
937 3085 1052 3128 male
1078 3085 1167 3128 edi-

274 3150 393 3186 tores
423 3145 615 3196 vexant.)
674 3142 851 3186 Sallust.
888 3144 983 3201 lug.
1030 3158 1068 3185 c.
1095 3141 1165 3185 54.

274 3199 373 3243 Sed
403 3214 551 3254 neque
581 3214 711 3241 more
744 3201 947 3242 militari
979 3200 1167 3254 vigiliae

275 3258 635 3299 deducebantur.
690 3256 919 3300 Ammian.
935 3258 1080 3301 Marc.
1100 3257 1166 3307 14,

275 3314 349 3358 31.
377 3312 512 3356 Miles
544 3337 594 3345 ——
629 3328 874 3356 morarum
914 3316 1168 3369 impatiens

274 3373 537 3432 saeviebat,
590 3373 679 3413 hoc
725 3372 985 3420 irritatior,
1043 3374 1168 3428 quod

276 3444 358 3471 nec
391 3429 602 3471 subsidia
638 3430 822 3471 vivendi
856 3437 1163 3484 suppeterent.

277 3485 396 3528 Tum
418 3501 570 3542 neque
586 3495 649 3545 est
663 3495 871 3530 nostrum
887 3489 1008 3528 auch
1022 3488 1165 3541 nicht,

279 3545 400 3586 nicht
442 3545 644 3600 einmal‚
703 3541 983 3588 Graecorum
1028 3544 1164 3603 μηδέ.

1229 1016 1287 1061 cf.
1303 1016 1551 1062 Buttmann
1567 1017 1648 1063 Gr.
1666 1019 1756 1075 Gr.
1776 1023 1817 1074 §.
1835 1020 1934 1065 136.
1992 1052 2003 1064 .
2019 1020 2120 1066 573.

1226 1074 1454 1117 Nimirum
1487 1075 1591 1118 alias
1628 1078 1823 1134 legiones
1859 1078 1963 1120 rebe
1984 1078 2122 1121 lantes

1228 1133 1372 1175 solent
1399 1132 1601 1175 deserere
1628 1134 1836 1185 ordines,
1877 1134 2044 1186 disiici,
2074 1136 2123 1177 in

1229 1189 1388 1246 globos
1427 1199 1670 1247 coetusque
1703 1191 1959 1234 inconditos
1986 1192 2124 1235 disce-

1230 1247 1351 1290 dere.
1410 1246 1503 1290 Iam
1530 1263 1639 1292 vero
1667 1249 1714 1291 in
1742 1249 1992 1307 legionibus
2011 1247 2121 1292 Ger-

1229 1303 1420 1348 manicis
1469 1303 1514 1346 id
1563 1306 1852 1364 praecipuum
1903 1306 2122 1350 indicium

1229 1379 1292 1405 m.
1333 1371 1466 1419 atque
1501 1362 1628 1420 impl.
1670 1372 1821 1406 motus
1845 1363 1956 1411 fuit,
1999 1366 2126 1419 quod

1228 1435 1377 1476 neque
1413 1420 1615 1473 disiecti,
1650 1421 1724 1462 nil
1750 1435 2017 1476 paucorum
2047 1423 2126 1463 in-

1226 1480 1412 1521 stinctu.
1475 1478 1675 1520 Verbum
1688 1477 1868 1521 Tacitus
1893 1494 1975 1521 suo
1997 1494 2126 1522 more

1227 1534 1410 1578 omittit.
1515 1536 1715 1592 Intellige
1786 1543 1980 1590 agerent
2059 1536 2125 1579 vel

1225 1593 1366 1637 simile
1399 1591 1521 1647 quid.
1585 1593 1661 1636 Sic
1694 1592 1804 1650 Agr.
1843 1610 1882 1636 c.
1910 1593 1977 1637 19.
2009 1594 2129 1636 nihil

1222 1664 1311 1706 per
1335 1650 1524 1692 libertos
1542 1665 1794 1706 servosque
1807 1653 2019 1704 publicae
2033 1651 2119 1694 rei.

1228 1709 1318 1751 An.
1351 1709 1388 1758 1,
1418 1706 1490 1749 65.
1537 1708 1653 1750 Cum
1683 1731 1741 1740 —
1772 1711 1900 1762 apud
1932 1709 2124 1752 Roma·

1230 1778 1320 1807 nos
1345 1764 1546 1806 invalidi
1564 1768 1706 1820 ignes,
1738 1767 2032 1820 interruptae
2045 1781 2124 1807 =vo-

1230 1836 1331 1874 ces,
1364 1828 1506 1877 atque
1543 1823 1637 1877 ipsi
1650 1825 1829 1878 passim
1856 1826 2125 1866 adiacerent

1231 1882 1354 1922 vallo
1371 1910 1384 1933 ,
1415 1881 1690 1923 oberrarent
1713 1881 1964 1933 tentoriis3
1994 1897 2035 1924 c.
2053 1880 2124 1924 43.

1228 1939 1397 1980 melius
1419 1943 1464 1979 et
1483 1939 1731 1982 amantius
1752 1939 1848 1993 ille,
1875 1939 1976 1994 qui3
1998 1940 2040 1987 4,
2050 1938 2123 1982 38.

1229 1996 1397 2036 melius
1409 1997 1674 2048 Augustum
1689 2027 1701 2050 ,
1734 1996 1817 2052 qui
1835 1995 2127 2050 speraverit;

1227 2052 1342 2094 Hist.
1376 2053 1414 2102 1,
1442 2051 1513 2096 84.
1547 2067 1632 2096 vos
1664 2055 1849 2109 quidem
1881 2053 2010 2095 istud
2034 2068 2124 2108 pro

1229 2124 1324 2155 me.
1383 2109 1455 2152 Ad
1482 2125 1644 2155 vocem
1670 2111 1859 2152 disiecti
1878 2110 1936 2153 cf.
1964 2111 2054 2154 An.
2079 2112 2122 2166 2,

1230 2168 1303 2210 45.
1337 2165 1378 2217 3,
1404 2167 1446 2210 2.
1476 2167 1519 2219 4,
1544 2167 1615 2211 46.
1669 2167 1782 2210 Hist.
1812 2167 1853 2218 3,
1879 2168 1951 2210 69.
2010 2170 2050 2212 A
2082 2185 2121 2211 r.

1232 2241 1272 2268 e.
1310 2226 1384 2268 20.
1467 2225 1564 2268 Alia
1612 2225 1840 2268 seditionis
1887 2225 2001 2269 ratio
2062 2226 2128 2270 uit

1231 2283 1350 2340 apud
1393 2276 1680 2335 Pann'onios,
1739 2282 1795 2325 ad
1847 2298 1959 2350 quos
2014 2283 2125 2327 haec

1231 2341 1370 2386 verba
1394 2339 1655 2398 respiciunt.
1690 2340 1758 2383 lbi
1782 2341 1834 2383 ab
1858 2341 1985 2384 initio
2010 2357 2125 2383 non-

1230 2398 1314 2441 nisi
1344 2397 1523 2455 dilapsis
1551 2397 1810 2440 melioribus
1832 2397 2126 2441 deterrimum

1231 2471 1455 2512 quemque
1483 2470 1755 2513 congregare
1781 2470 1913 2498 ausus
1940 2465 2003 2499 est
2022 2455 2127 2498 Per-

1230 2514 1445 2565 cennius3
1485 2512 1647 2555 deinde
1687 2528 1828 2569 quum
1867 2521 1955 2556 tres
1984 2513 2130 2570 legio-

1230 2587 1308 2613 nes
1324 2570 1512 2612 miseere
1536 2570 1583 2611 in
1607 2587 1741 2613 unam
1770 2569 2013 2626 agitarent,
2041 2570 2127 2613 de-

1233 2627 1350 2685 pulsi
1378 2635 1482 2670 sunt
1514 2627 1830 2672 aemulatione.
1892 2627 1949 2671 Et
1973 2627 2127 2671 furore

1233 2687 1323 2728 iam
1348 2684 1499 2726 adulto
1527 2685 1580 2726 ab
1607 2685 1780 2742 optimo
1817 2700 1998 2741 quoque
2033 2701 2126 2728 ma·

1234 2741 1505 2797 nipularium
1531 2740 1674 2797 legato
1698 2741 1843 2784 adhuc
1867 2743 2122 2799 parebatur.

1235 2799 1376 2857 Igitur
1423 2797 1623 2847 disiecti,
1681 2799 1832 2841 omnia
1873 2815 2128 2856 paucorum

1234 2856 1465 2899 instinctu.
1529 2854 1658 2910 Quae
1682 2871 1787 2899 eum
1810 2856 1869 2908 ita
1890 2855 1991 2905 sint,
2025 2873 2127 2900 een-

1236 2929 1313 2956 seo
1347 2912 1468 2956 hunc
1502 2913 1655 2956 locum
1689 2928 1782 2955 non
1820 2929 1950 2970 egere
1981 2914 2127 2956 novis·

1235 2972 1347 3014 sima
1383 2970 1457 3014 illa
1491 2970 1711 3013 medicina
1733 3003 1744 3021 ,
1802 2986 1936 3027 quam
1981 2971 2129 3014 attulit

1234 3029 1543 3071 Herrmannus
1558 3027 1604 3070 in
1619 3027 1753 3070 notis.
1785 3026 1827 3069 Is
1842 3027 1970 3084 legit:
1987 3031 2126 3083 quod,

1238 3100 1408 3140 nempe
1466 3086 1675 3138 disiecti,
1738 3085 1814 3125 nil
1861 3100 2130 3138 paucorum

1238 3144 1350 3185 inst.
1412 3141 1764 3199 Interpretatur:
1796 3139 1907 3197 dass
1930 3142 2009 3184 die
2038 3158 2122 3196 ge-

1238 3197 1441 3258 wisslich
1461 3199 1593 3240 starlc
1617 3213 1706 3240 aus
1733 3202 1823 3240 den
1847 3198 2007 3253 Fugen
2033 3200 2130 3242 Ge·
2208 3208 2211 3210 ’

1237 3259 1500 3304 wichenen,
1530 3258 1656 3298 nicht
1677 3256 1743 3297 im
1766 3257 2027 3298 mindesten
2047 3258 2145 3311 auf

1238 3318 1328 3356 den
1370 3314 1564 3356 Antrieb
1616 3312 1862 3367 VVenigen
1923 3318 2131 3366 sondern

1238 3381 1324 3415 etc.
1385 3370 1520 3414 Putat
1540 3386 1646 3414 vero
1672 3372 1828 3414 ceteris
1862 3372 2132 3416 coniecturis

1238 3428 1582 3487 praeferendam
1595 3444 1687 3471 esse
1700 3428 1800 3472 eod.
1819 3428 1921 3470 MS.
1939 3430 2132 3487 seriptu-

1238 3503 1360 3538 ram,
1411 3485 1503 3528 hoe
1538 3501 1699 3529 sensu:
1751 3483 1865 3542 dass
1894 3485 1987 3540 sie,
2035 3489 2134 3529 und

1244 3558 1378 3588 zwar
1422 3545 1543 3587 ohne
1583 3543 1817 3600 ausgeliist
1867 3546 1982 3587 oder·
2028 3559 2133 3588 zer-
