2222 4030
1759 253 1809 291 Α.
1829 251 1883 295 U.
1897 253 1982 291 7⁶9.

1759 297 1815 338 A.
1835 298 1883 338 C.
1923 301 1983 339 16.

226 268 347 330 122
887 223 1394 325 ANNALIUM
1445 269 1447 272 v

215 391 590 463 fabricandae
624 388 795 449 classi
831 399 1296 467 praeponuntur.
1381 383 1555 447 Mille
1591 404 1769 445 naves
1800 393 2067 450 sufficere

182 507 187 512 ’
216 483 376 540 visae
401 488 885 555 properataeque:
930 476 1078 532 aliae
1101 475 1336 542 breves,
1379 483 1623 547 angusta
1650 475 1838 549 puppi
1861 496 2069 551 prora?

221 588 334 645 que
373 576 429 621 et
465 565 584 620 lato
613 575 812 631 utero,
853 582 970 638 quo
999 559 1232 616 facilius
1256 558 1469 614 fluctus
1496 558 1843 616 tolerarent:
1890 582 2070 636 quae-

219 654 355 710 dam
391 649 603 725 planae
641 647 884 716 carini5‚
933 656 1001 703 ut
1037 644 1161 699 sine
1194 662 1348 699 noxa
1391 643 1677 700 siderent:
1732 645 1930 719 plures
1965 648 2072 704 ad-

217 735 424 814 positis
467 734 762 809 utrimque
799 727 1236 804 gubernaculis,
1288 747 1566 784 converso
1604 740 1673 786 ut
1711 742 1948 804 repente
1979 751 2075 788 re-

218 821 400 895 migio
426 815 571 877 hinc
592 818 689 874 vel
718 818 884 872 illinc
921 813 1309 888 adpellerent:
1353 814 1573 870 multae
1605 815 1889 889 pontibus
1925 827 2075 873 stra-

220 919 341 977 tae,
405 924 580 981 super
612 922 756 980 quas
788 911 1079 958 tormenta
1116 893 1504 968 veherentur,
1567 899 1744 956 simul
1784 912 1949 975 aptae
1984 902 2075 958 fe-

221 991 424 1050 rendis
460 989 624 1066 equis
661 998 763 1044 aut
791 982 1167 1042 commeatui:
1222 983 1369 1038 velis
1406 979 1663 1054 habiles,
1718 985 1863 1040 citae
1895 986 2072 1043 remis

221 1077 586 1152 augebantur
618 1071 912 1129 alacritate
947 1068 1207 1124 militum
1245 1067 1311 1123 in
1357 1068 1608 1142 speciem
1657 1088 1724 1124 ac
1770 1080 2074 1131 terrorem.

220 1162 423 1222 Insula
455 1159 814 1217 Batavorum
862 1155 927 1210 in
967 1173 1144 1230 quam
1187 1153 1570 1211 convenirent
1609 1154 1935 1228 praedicta,
1999 1157 2077 1212 ob

217 1248 419 1308 faciles
468 1244 748 1322 adpulsus
796 1238 1265 1317 accipiendisque
1307 1239 1492 1316 copiis
1533 1250 1590 1297 et
1631 1239 2079 1298 tramittendum

221 1464 340 1509 Nam
362 1461 443 1506 Cn.
464 1461 678 1506 Sentium
706 1457 824 1502 inter
851 1454 1114 1501 Germanici

220 1524 392 1580 legatos
425 1517 626 1564 invenies
660 1515 768 1559 infr.
802 1532 840 1559 c.
865 1514 937 1558 74.
995 1513 1115 1556 Sunt

220 1587 373 1623 tamen
409 1585 451 1619 et
482 1575 643 1619 Cantii
668 1573 762 1616 Liv.
790 1576 854 1626 10,
882 1571 951 1615 26.
987 1579 1034 1614 et
1066 1571 1114 1613 in

221 1633 608 1736 insgriptionibus.
656 1631 768 1675 Mox
783 1631 1018 1674 Caecinna
1041 1626 1114 1670 ed.

277 1750 407 1792 aliae
431 1781 444 1794 .
458 1780 495 1794 ..
521 1749 755 1806 quaedam
780 1777 792 1790 .
809 1775 850 1792 ..
871 1746 1031 1800 plures
1054 1773 1089 1784 ..
1103 1770 1117 1785 .

222 1810 418 1852 multae.
480 1805 539 1851 cf.
572 1805 758 1849 Sueton.
793 1802 900 1847 Oct.
946 1817 985 1844 c.
1019 1801 1117 1843 100.

254 1866 418 1908 uidam
437 1896 448 1909 .
463 1897 473 1907 .
488 1896 500 1908 .
521 1863 608 1907 alii
625 1894 636 1906 .
654 1896 664 1906 .
679 1894 692 1906 .
714 1861 946 1904 nonnulli.
1007 1859 1119 1900 Item

249 1924 325 1966 Ἦ).
362 1939 403 1967 c.
430 1923 497 1966 17.
560 1919 690 1964 Galb.
721 1934 761 1962 c.
780 1919 821 1962 3.

1240 1458 1537 1512 augebantur
1565 1458 1813 1501 alacritate
1843 1473 1908 1502 m.
1936 1458 1983 1500 in
2010 1471 2080 1511 sp.

1185 1530 1239 1557 ac
1262 1522 1296 1558 t.
1353 1515 1534 1570 Augeri
1554 1515 1782 1567 dicuntur,
1809 1517 1969 1572 quibus
1993 1514 2077 1557 ali-

1187 1573 1308 1630 quod
1358 1572 1694 1616 incrementum
1733 1573 1930 1624 accedit,
1989 1571 2081 1615 sive

1185 1630 1515 1674 incrementum
1533 1630 1747 1689 temporis
1763 1629 1807 1673 h.
1823 1647 1862 1673 e.
1886 1630 2080 1678 numeri,

1188 1685 1276 1730 sive
1301 1688 1571 1731 substantiae
1593 1687 1635 1731 h.
1661 1704 1697 1731 e.
1725 1687 1909 1741 finium;
1947 1704 2081 1732 sensu

1187 1753 1336 1788 autem
1378 1746 1537 1788 morali
1577 1746 1747 1800 augeri
1778 1744 1979 1788 absolute
2015 1752 2082 1788 est

1188 1803 1523 1847 incrementum
1563 1803 1813 1861 dignitatis,
1858 1803 2084 1869 potentiae

1191 1867 1276 1903 etc.
1321 1877 1502 1920 capere,
1556 1860 1727 1903 ornari.
1821 1859 1901 1903 διο
1942 1874 2085 1902 naves

1189 1921 1488 1971 augebantur
1509 1919 1572 1960 al.
1594 1935 1658 1960 m.
1686 1917 1728 1960 h.
1755 1933 1793 1960 e.
1821 1918 2082 1960 incremen-

277 1983 454 2036 planae
488 1979 675 2022 carinis.
736 1976 794 2020 cf.
821 1974 945 2018 Caes.
978 1973 1030 2016 B.
1058 1969 1117 2015 G.

223 2038 267 2088 3,
300 2037 370 2082 13.
416 2036 613 2080 Carinae
651 2036 891 2091 aliquanto
927 2033 1120 2087 planio-

224 2110 301 2140 res
327 2122 388 2132 --
420 2109 509 2151 quo
521 2092 720 2148 facilius
743 2094 866 2133 vada
887 2100 940 2131 ac
963 2092 1121 2131 deces-

224 2169 331 2198 sum
351 2159 510 2195 aestus
535 2151 748 2203 excipere
766 2154 971 2203 possent.

281 2209 524 2265 adpositis.
599 2207 657 2250 cf.
687 2205 800 2250 Hist.
836 2203 878 2255 3,
907 2203 978 2247 47.
1007 2202 1124 2257 pari

225 2268 374 2313 utrim
407 2281 462 2308 ue
489 2279 641 2322 prora
669 2271 714 2306 et
732 2261 951 2304 mutabili
976 2261 1119 2303 remi-

223 2328 313 2381 gio.
421 2340 531 2366 erm.
556 2339 596 2367 c.
614 2319 686 2365 44.
721 2320 951 2374 utrimque
970 2332 1122 2371 prora

221 2389 452 2440 paratam
472 2392 660 2435 semper
674 2377 897 2433 adpulsui
901 2374 1129 2432 frontem,

225 2441 339 2496 agit.
431 2437 590 2481 suidas
636 2435 684 2478 id
726 2450 868 2493 genus
910 2432 1123 2476 describit

225 2498 348 2542 hisce
380 2495 550 2540 verbis:
608 2491 723 2536 Τινὰ
761 2492 811 2536 δὲ
844 2493 920 2534 καὶ
956 2491 1007 2534 ἐκ
1047 2490 1124 2543 τῆς

226 2551 439 2616 πρύμνης
481 2555 557 2596 καὶ
597 2552 647 2595 ἐκ
680 2551 771 2606 τῆς,
793 2545 979 2608 πρώρας
1013 2548 1125 2592 ἑκα-

226 2617 428 2673 τέρωθεν
453 2611 698 2666 πηδαλίοις
734 2604 955 2662 ἤσκηντο,
999 2602 1125 2653 ὅπως

228 2671 367 2719 αὐτοί
403 2684 452 2714 τε
490 2668 555 2729 μὴ
584 2660 1125 2727 μεταστ()εφόμενοι“καὶ

228 2730 479 2778 ἐπιπλέουσι
500 2729 576 2771 καὶ
595 2724 885 2782 ἀναχωρῶσι,
918 2723 996 2765 καὶ
1019 2719 1124 2769 τοὺς

229 2791 467 2836 ἐναντίους
488 2786 538 2831 ἐν
560 2785 622 2840 τῷ
650 2780 878 2840 παράπλῳ
901 2781 978 2822 καὶ
1001 2775 1126 2823 ἀπό-

230 2848 332 2903 atq,
354 2844 509 2889 αὐτῶν
533 2837 818 2899 σφάλλωσιν.

287 2917 427 2958 super
460 2916 595 2959 quas.
668 2897 899 2942 Ernestius
932 2894 1128 2939 malebat

231 2976 372 3016 super
395 2974 525 3018 quos.
589 2957 652 3000 At
692 2971 788 2999 non
828 2954 882 2997 de
913 2953 1127 3012 pontibus

233 3019 454 3063 rationem
504 3015 764 3059 redditurus
815 3019 907 3055 erat
955 3019 1128 3060 auctor,

235 3075 363 3135 quasi
384 3074 494 3117 aliae
511 3089 642 3117 naves
664 3071 749 3114 alia
770 3085 819 3112 re
842 3076 1001 3112 stratae
1023 3065 1125 3110 fue-

234 3134 356 3182 rint,
399 3131 478 3174 sed
510 3131 563 3173 de
599 3128 811 3175 navibus,
859 3134 908 3169 ut
942 3133 1131 3174 constet,

239 3207 324 3236 cur
354 3188 568 3249 pontibus
598 3194 760 3229 stratae
783 3183 889 3227 sint.
947 3181 1134 3224 Prono-

207 3287 209 3289 .
238 3263 347 3294 men
382 3244 622 3290 relativum
658 3240 832 3299 saepius
868 3237 1031 3282 referri
1076 3238 1134 3281 ad

238 3303 459 3352 remotius
479 3298 751 3345 vocabulum
777 3313 911 3356 supra
940 3295 1134 3339 vidimus

244 3363 301 3408 ad
331 3363 370 3413 1,
394 3361 466 3404 74.

299 3421 410 3462 velis
429 3415 628 3467 habiles,
657 3413 777 3456 citae
797 3414 955 3457 remis.
1016 3412 1139 3455 Haec

245 3476 437 3535 epitheta
463 3473 517 3517 ad
547 3486 705 3516 omnes
737 3487 874 3517 naves
906 3470 1140 3514 referenda

245 3540 376 3586 sunt,
427 3546 568 3591 quare
597 3529 848 3589 pleniorem
884 3527 1141 3573 distinctio.-

215 3623 217 3626 ν
249 3607 356 3638 nem
382 3598 484 3637 ante
503 3588 615 3632 velis
637 3587 784 3648 posui.

1189 1986 1287 2021 tum
1310 1977 1497 2020 navibus
1519 1975 1755 2019 accessisse
1783 1991 1833 2018 ex
1856 1974 2084 2018 alacritate

1190 2034 1408 2085 militum,
1443 2034 1564 2101 quod
1591 2048 1680 2090 quo
1700 2033 1929 2090 respiciat,
1960 2031 2082 2075 indi-

1193 2101 1320 2136 catur
1343 2092 1518 2137 verb1s=
1549 2090 1599 2131 in
1622 2091 1817 2141 speciem
1845 2105 1900 2131 ac
1926 2097 2082 2131 terro-

1191 2164 1318 2200 rem,
1348 2163 1504 2206 graece
1526 2149 1588 2196 εἰς
1608 2143 1676 2190 τό.
1715 2147 1771 2190 cf.
1787 2147 1937 2206 Agr-ic.
1963 2163 2001 2191 c.
2013 2147 2086 2190 35.

1190 2208 1539 2249 Britannorum
1565 2206 1687 2248 acies
1715 2205 1763 2246 in
1793 2206 1990 2259 speciem
2016 2205 2086 2247 si-

1191 2266 1296 2307 mul
1332 2279 1386 2306 ac
1426 2271 1662 2305 terrorem
1702 2290 1762 2297 —
1801 2264 2083 2306 constiterat.

1194 2321 1351 2364 Germ.
1379 2336 1418 2363 c.
1442 2319 1512 2362 38.
1540 2322 1590 2363 in
1613 2320 1909 2362 altitudinem
1932 2333 2087 2375 quan-

1192 2383 1307 2422 dam
1328 2386 1374 2419 et
1394 2386 1622 2421 terrorem
1646 2402 1698 2411 -
1720 2378 1904 2430 compti.
1951 2376 2085 2421 Roth.

1193 2438 1265 2495 (p.
1298 2435 1394 2492 25.)
1442 2443 1681 2493 utramque
1723 2450 1882 2477 vocem
1923 2433 2087 2478 dictam

1194 2501 1322 2552 putat
1362 2508 1443 2551 per
1482 2492 1672 2551 figuram
1721 2490 1772 2534 ἓν
1819 2489 1897 2534 διὰ
1937 2491 2085 2536 δυοῖν.

1194 2554 1339 2594 lmmo
1369 2553 1538 2605 species
1569 2549 1788 2607 significat
1826 2548 2087 2607 dignitatem

1194 2609 1390 2661 formae,
1422 2615 1758 2650 ornamentum.
1808 2605 1865 2649 cf.
1894 2605 1956 2657 15,
1981 2606 2022 2649 9.
2046 2614 2090 2649 et

1197 2668 1302 2723 Agr.
1340 2665 1370 2707 l.
1402 2664 1432 2706 l.
1485 2672 1640 2707 terror
1675 2662 1844 2706 indicat
1881 2662 2088 2715 sormam,

1195 2739 1308 2782 quae
1339 2730 1511 2765 metum
1551 2720 1694 2765 iniicit
1735 2720 1851 2763 hosti
1894 2737 2087 2777 eumque

1196 2788 1349 2824 terret.
1419 2779 1526 2821 Erat
1555 2779 1693 2837 igitur
1725 2777 1877 2821 elassis
1909 2777 1986 2821 illa
2014 2780 2087 2822 iu-

1198 2837 1347 2884 cunda
1370 2834 1506 2879 simul
1529 2845 1572 2879 et
1595 2834 1807 2880 terribilis
1829 2845 2024 2894 aspectu.

1255 2923 1409 2964 insula
1430 2921 1748 2963 Batavorum.
1812 2917 1870 2961 cf.
1902 2919 2015 2964 Hist.
2050 2920 2092 2970 4,

1203 2979 1270 3022 12.
1332 2979 1456 3023 Caes.
1480 2978 1534 3021 B.
1559 2978 1615 3021 G.
1637 2977 1679 3025 4,
1702 2978 1769 3019 10.
1828 2976 1946 3019 Plin.
1965 2975 2005 3028 4,
2022 2978 2090 3020 15.

1200 3037 1313 3081 Cod.
1350 3036 1452 3079 MS.
1487 3037 1788 3082 munorum,
1823 3033 1982 3077 omissa
2017 3034 2090 3076 lit-

1200 3103 1292 3138 tera
1318 3110 1374 3142 a,
1404 3109 1515 3151 quae
1546 3102 1696 3135 tamen
1723 3107 1825 3133 mox
1855 3090 1902 3133 in
1934 3091 2093 3134 eodem

1202 3151 1424 3195 vocabulo
1446 3150 1638 3193 additur.

1263 3235 1637 3278 tramittendum.
1695 3230 1864 3275 Graece
1891 3231 2094 3290 διαπέμ-

1207 3307 1335 3348 πειν,
1379 3307 1442 3334 sc.
1475 3292 1522 3334 in
1553 3289 1748 3333 hostium
1780 3298 1959 3332 terram.
2033 3288 2092 3333 cf.

1205 3351 1320 3394 Hist.
1342 3350 1384 3400 2,
1399 3350 1466 3392 17.
1492 3349 1753 3403 Aperuerat
1776 3348 1872 3389 iam
1886 3347 2095 3398 Italiam,

1209 3410 1467 3463 belbumque
1490 3407 1777 3448 tramiserat.
1833 3402 1965 3447 ovid.
1983 3405 2097 3447 Met.

1212 3467 1290 3514 12,
1319 3464 1390 3507 25.
1442 3465 1653 3519 bellaque
1704 3476 1800 3504 non
1851 3461 2096 3517 transfert.

1210 3524 1330 3567 Plin.
1352 3521 1575 3578 Panegyr.
1609 3520 1675 3568 12,
1699 3518 1739 3562 3.
1769 3522 1967 3561 duratus
1987 3519 2097 3570 gla—

1214 3582 1282 3626 cie
1301 3579 1573 3636 (Danubius)
1595 3576 1802 3632 ingentia
1828 3583 1957 3630 tergo
1979 3577 2098 3620 bella
