2222 4030
290 197 417 261 254
964 168 1480 270 ANNALIUM
1844 196 2070 276 ᾒςῑέΰὲὲ
2168 0 2222 306 i

253 322 259 332 ‘
287 304 547 388 remotos
586 296 838 402 populos
870 325 1199 384 concirent:
1242 324 1488 400 plurimi
1526 346 1594 383 ac
1622 312 1885 405 maxime.
1913 354 2156 410 compo..

292 416 392 472 siti
415 433 610 488 regem
638 412 963 488 urbemque
982 406 1451 486 Philippopolim
1477 430 1511 468 a
1532 409 1861 472 Macedone
1873 406 2174 495 Philippo'

292 501 461 565 sitam
489 496 936 558 circumsidunt.

434 593 743 656 XXXIX..
831 593 1001 667 Quae
1046 592 1153 648 ubi
1190 593 1422 666 cognita
1458 591 1525 653 P.
1564 592 1796 653 Velleio
1844 594 1923 675 (is
1955 601 2157 674 proxi-'
2211 590 2222 667 l

290 701 457 740 mum
498 681 815 738 exercitum
855 674 1282 755 praesidebat),
1350 678 1564 736 alarios
1614 681 1840 758 equites
1887 704 1955 742 ac
1998 686 2157 742 leves
2211 675 2222 745 ’Ξ

291 764 627 826 cohortium
651 764 831 822 mittit
857 765 921 819 in
950 782 1079 833 eOS,
1125 762 1228 839 qui
1262 766 1674 838 praedabundi
1709 779 1812 825 aut
1843 771 2160 827 adsumen-
2215 766 2222 811 *ἶ

292 855 384 910 dis
417 851 650 924 auxiliis
683 850 1068 923 vagabantur.
1154 848 1278 924 ipse
1316 850 1502 907 robur
1539 852 1809 926 peditum
1849 855 1924 911 ad
1968 856 2160 913 exsol—
2219 926 2222 927 ⁷

290 939 562 996 vendum
595 935 895 993 obsidium
943 931 1124 992 ducit.
1248 931 1558 1011 Simulque
1613 950 1820 996 cuncta
1877 962 2158 1016 prospere

289 1035 449 1094 acta,
491 1022 672 1081 caesis
703 1017 1156 1095 populatoribus
1193 1029 1247 1075 et
1282 1019 1648 1078 dissensione
1689 1035 1817 1080 orta
1857 1027 2014 1100 apud
2049 1027 2159 1095 ob-

289 1109 544 1167 sidentes
572 1105 841 1180 regisque
876 1115 1211 1179 opportuna
1249 1105 1560 1180 eruptione
1596 1118 1652 1163 et
1682 1109 1942 1167 adventu
1971 1112 2159 1185 legio-

279 1189 407 1256 snis,
502 1211 693 1268 neque
729 1189 917 1257 aciem
953 1194 1058 1246 aut
1090 1189 1390 1264 proelium
1420 1191 1538 1247 dici
1577 1193 1869 1264 decuerit,
1934 1195 2001 1252 in
2038 1218 2157 1274 quo

289 1297 600 1338 semermes
657 1296 722 1332 ac
773 1275 1038 1351 palantes
1089 1273 1367 1332 trucidati
1415 1287 1552 1335 sunt
1596 1278 1724 1335 sine
1771 1292 1973 1337 nostro
2023 1301 2160 1338 san-
2220 1318 2222 1323 -

291 1364 492 1440 guine.
1516 1418 1523 1422 .

456 1456 586 1517 XL.
639 1465 657 1471 ”
672 1453 912 1513 Eodem
936 1477 1096 1517 anno
1134 1454 1473 1516 Galliarum
1513 1460 1778 1518 civitates
1818 1461 1896 1520 ob
1927 1465 2160 1537 magni-

287 1545 560 1607 tudinem
595 1542 745 1598 aeris
784 1541 968 1612 alieni
1002 1537 1392 1599 rebellionem
1429 1556 1797 1620 coeptavere:
1856 1549 2022 1606 cuius
2059 1570 2159 1607 ex·
2202 1621 2218 1634 δ

288 1629 622 1703 stimulator
647 1627 968 1684 acerrimus
996 1627 1154 1685 inter
1179 1627 1474 1686 Treveros
1499 1628 1688 1687 Iulius
1713 1630 1958 1704 FloruS,
2000 1635 2158 1709 apud

287 1712 532 1774 Aeduos
556 1709 746 1772 Iulius
760 1711 1064 1773 Sacrovir.
1148 1713 1432 1772 nobilitas
1458 1716 1748 1775 ambobus
1776 1729 1831 1774 et
1862 1719 2158 1777 maiorum

325 1927 506 2000 'regern
533 1943 802 1999 urbemque.
864 1942 913 1985 ἓν
935 1942 1013 1986 διὰ
1040 1942 1190 1996 δυοῖν,

285 2019 446 2060 regem
467 2003 518 2045 in
541 2003 667 2044 urbe.
729 1999 789 2044 cf.
810 1999 943 2044 Roth.
974 2018 1020 2061 p.
1043 2001 1114 2045 51.

345 2079 379 2105 a
431 2061 686 2104 Macedone
749 2057 957 2113 Philippo
1023 2059 1185 2102 sitam.

286 2116 621 2165 Freinshemius
645 2114 808 2159 omissa
832 2133 936 2175 prae
975 2115 1188 2160 ositione:

285 2175 539 2222 Macedoni
584 2172 821 2228 Philippo.
924 2133 1185 2232 lferperam.

286 2236 393 2281 Non
425 2232 579 2277 eadem
620 2232 833 2273 omnibus
877 2231 988 2275 locis
1023 2247 1187 2275 conve-

286 2293 436 2338 niunt.
521 2288 634 2332 Nam
686 2288 795 2331 urbs
843 2288 1054 2346 Philippo
1105 2289 1187 2332 sita

319 2355 434 2394 otest
462 2347 595 2391 etiam
619 2343 833 2402 intelligi,
875 2361 888 2386 (
906 2362 986 2388 uae
1010 2346 1059 2388 in
1085 2345 1187 2388 Phi-

285 2369 400 2466 lippi
440 2401 710 2448 memoriam
755 2402 808 2444 ab
853 2362 941 2446 allio
979 2411 1044 2446 est
1080 2418 1186 2446 con-

287 2468 396 2512 dita.
453 2459 514 2506 cf.
538 2469 636 2504 not.
665 2458 720 2502 ad
742 2460 784 2510 2,
808 2460 850 2503 7.

345 2520 458 2568 CAP.
482 2518 553 2562 39.
610 2517 666 2560 P.
690 2517 885 2560 Velleio.
947 2515 1060 2559 Cod.
1086 2515 1185 2560 MS.

288 2580 356 2626 ed.
379 2574 591 2623 Beroald.
617 2574 825 2622 Vellaeo,
853 2574 977 2618 unde
999 2590 1185 2632 sequen-

286 2648 354 2684 tes
381 2634 485 2679 edd.
525 2632 678 2677 fecere
712 2632 909 2675 Velleio.
979 2630 1186 2689 Utraque

286 2697 435 2741 forma
482 2691 603 2735 bona
643 2688 820 2731 videtur
875 2706 984 2732 esse.
1066 2688 1182 2732 Nam

284 2753 461 2797 variant
485 2749 618 2792 etiam
640 2746 744 2790 libri
770 2749 888 2791 inter
911 2746 1119 2789 Gnaeum
1143 2754 1186 2788 et

290 2810 496 2854 Cneium.
557 2806 650 2848 tam
676 2804 904 2853 dubitant,
940 2821 997 2848 an
1027 2804 1082 2847 sit
1112 2804 1186 2846 iiic

290 2865 489 2911 Velleius
510 2861 614 2915 ille,
644 2860 772 2906 cuius
795 2860 1027 2905 historiam
1054 2861 1184 2904 habe·

287 2942 387 2969 mus
413 2922 681 2966 Romanam.
741 2918 796 2961 Et
823 2928 940 2963 aetas
974 2927 1017 2962 et
1046 2919 1183 2962 homo

287 2982 392 3026 satis
453 2978 659 3022 uadrant.
736 2976 849 3019 Nam
887 2975 1081 3019 Velleius
1115 2993 1183 3017 re·

286 3055 390 3082 rum
457 3050 722 3081 omanarum
748 3033 942 3092 scriptor
970 3050 992 3077 a
1023 3050 1068 3076 re
1103 3034 1184 3075 mi-

287 3093 408 3140 litari
432 3109 529 3137 non
552 3093 846 3142 abhorrebat,
883 3092 958 3134 sed
990 3089 1184 3148 plurima

288 3155 370 3198 snb
391 3148 577 3194 Tiberio
601 3149 784 3206 aliisque
809 3147 998 3191 ducibus
1021 3148 1183 3205 stipen-

289 3210 362 3254 dia
390 3207 524 3257 fecit3
565 3221 619 3248 ac
648 3215 854 3263 praetura
890 3204 1071 3248 functus
1109 3221 1179 3247 an.

288 3284 336 3312 u.
361 3265 445 3310 768
473 3263 551 3320 (cf.
577 3263 696 3305 Vell.
721 3263 763 3311 2,
790 3263 905 3314 124.)
939 3262 1113 3304 videtur
1135 3279 1181 3304 ex

290 3322 489 3369 Caesaris
543 3322 762 3377 legatione
806 3319 1015 3362 exercitui
1061 3335 1182 3377 prae-

289 3382 427 3425 fuisse
461 3377 589 3424 annis
619 3376 971 3434 insequentibus.
1049 3376 1183 3418 Prae-

290 3454 462 3482 nomen
483 3435 583 3483 viri,
606 3435 728 3491 quod
751 3434 888 3476 dubio
911 3450 994 3477 nos
1015 3435 1185 3491 eripere

325 3496 454 3544 ossit,
485 3490 580 3537 non
601 3490 705 3534 satis
729 3502 904 3540 certum
928 3500 1006 3535 est.
1065 3490 1182 3533 Nam

291 3513 546 3598 griscianus
559 3548 773 3592 Marcum
794 3548 969 3598 scribit,
1001 3557 1049 3590 ut
1072 3548 1183 3605 opti-

1259 1961 1357 1988 mae
1381 1952 1513 1988 notae
1534 1945 1717 1990 codices
1735 1946 2157 2006 quidamvelleiani.

1260 2002 1505 2061 Vulgatum
1525 2002 1755 2048 estCaz'us.
1791 2005 2002 2050 Publium
2025 2008 2158 2051 etiam

1260 2059 1397 2103 codex
1430 2061 1605 2104 Burerii
1639 2061 1789 2106 virum
1827 2063 1950 2107 dicit.
2015 2064 2157 2108 Erne-

1259 2117 1367 2160 stius
1393 2133 1495 2160 cum
1518 2117 1797 2176 Ryckio·vix
1823 2120 1967 2164 credit
1998 2121 2156 2166 intelli·

1259 2175 1455 2229 gendum
1512 2191 1606 2219 esse
1649 2176 1953 2230 Historicum,
2013 2197 2154 2238 quum

1259 2232 1353 2289 ipse
1375 2231 1484 2275 nihil
1507 2232 1560 2276 de
1584 2233 1667 2277 hac
1688 2234 1964 2293 expeditione
1979 2235 2155 2281 dicatin

1259 2289 1442 2333 historia
1469 2305 1564 2333 sua.
1628 2292 1680 2335 ld
1710 2300 1860 2336 tamen
1884 2293 2157 2338 levissimum

1261 2355 1326 2390 est
1358 2357 1690 2404 argumentum.
1752 2349 1871 2393 Nam
1901 2351 1982 2394 sub
2017 2352 2155 2395 finem

1261 2403 1407 2460 operis
1432 2413 1473 2447 et
1498 2406 1682 2461 quidem
1714 2407 1758 2457 2,
1783 2408 1880 2450 129.
1904 2416 1994 2451 tam
2025 2409 2155 2454 brevi
2220 2465 2222 2467 ι

1258 2461 1332 2503 ille
1359 2461 1550 2506 absolvit
1571 2479 1642 2506 res
1669 2464 1752 2507 sub
1778 2464 1963 2507 Tiberio
1996 2475 2154 2525 gestam
2220 2493 2222 2508 1

1257 2525 1307 2561 ut
1339 2517 1545 2575 profecto
1580 2520 1870 2579 adrogantiae
1902 2524 2154 2581 arguendus

1258 2583 1394 2627 esset,
1436 2575 1472 2618 si
1505 2576 1559 2620 de
1583 2576 1667 2620 hac
1691 2594 1770 2621 sua
1796 2579 2153 2636 expeditiuncula

1257 2632 1500 2690 quidquam
1534 2634 1856 2679 admiscuisset.
1920 2636 2045 2680 Haud
2070 2638 2151 2682 im-

1255 2691 1454 2748 prudens
1475 2689 1682 2734 iactantia
1703 2693 1968 2750 supersedit.

1315 2776 1567 2816 exercitum
1593 2778 1906 2828 praesidebat.
1968 2778 2034 2823 Ut
2059 2779 2100 2831 4,
2128 2781 2153 2821 5

1257 2839 1299 2873 et
1325 2831 1397 2874 72.
1440 2831 1599 2878 1229.
1652 2833 1821 2877 Contra
1847 2838 1884 2887 l,
1907 2836 1975 2879 58.
2008 2853 2149 2881 exer-

1258 2889 1368 2933 citui
1403 2891 1713 2942 praesidebat.
1793 2891 1897 2935 Vid.
1935 2903 2032 2938 not.
2071 2895 2149 2937 ibi.

1256 2946 1431 2989 Eodem
1454 2947 1594 2990 modo
1615 2950 1755 2992 variat
1781 2965 1884 2992 usus
1907 2952 2032 2994 verbi
2058 2955 2151 2995 ad·

1255 3007 1422 3048 sidere.
1491 3003 1552 3047 cf.
1585 3014 1676 3048 not.
1710 3006 1764 3050 ad
1795 3007 1838 3055 4,
1872 3008 1940 3051 58.
2013 3009 2150 3052 Erne-

1255 3063 1363 3104 stius
1400 3061 1452 3103 ad
1494 3062 1794 3106 accusativum
1835 3065 2042 3124 intelligit
2085 3071 2151 3109 ad

1256 3118 1326 3164 vel
1351 3122 1490 3172 apud.
1550 3119 1747 3164 Frustra.

1311 3190 1422 3231 levis
1454 3190 1727 3232 cohortium.
1797 3190 1875 3236 Sic
1912 3193 2015 3238 cod.
2047 3195 2149 3238 MS.

1256 3247 1358 3290 edd.
1380 3246 1485 3288 Ber.
1513 3245 1656 3289 Rhen.
1680 3247 1801 3290 Ald.¹
1843 3252 1966 3293 leves·
1987 3267 2024 3299 e.
2047 3253 2146 3296 edd.

1254 3306 1370 3361 Lips.
1392 3303 1517 3345 Pich.
1542 3320 1642 3361 sqq.
1702 3305 1871 3350 Verum
1898 3323 1990 3351 non
2014 3309 2147 3354 video

1257 3378 1340 3406 cur
1358 3360 1430 3403 hic
1443 3369 1640 3403 veterem
1661 3362 1856 3407 formam
1871 3381 2147 3423 spernamus,

1257 3434 1391 3478 quani
1417 3417 1519 3460 alibi
1544 3418 1834 3464 admittimus.

1311 3504 1577 3532 semermes.
1659 3491 1736 3535 Sic
1774 3492 1872 3536 edd.
1904 3492 2010 3536 Ber.
2050 3510 2145 3553 sqq.

1254 3561 1482 3597 semerme
1505 3547 1608 3590 MS.
1669 3548 1726 3592 cf.
1747 3559 1844 3593 not.
1870 3550 1923 3592 ad
1947 3553 1983 3601 1,
2007 3551 2049 3593 6.
