2222 4030
196 2174 199 2177 ’
273 2178 415 2207 saera
454 2164 554 2208 edd.
587 2165 690 2209 Ber.
723 2165 825 2211 Alc.
868 2166 1015 2211 Rhen.
1059 2169 1100 2211 A

275 202 399 260 328
953 196 1459 259 ANNALIUM
1825 197 2048 277 &23:⁷⁷3

275 328 672 403 „Pergamum
725 328 853 387 sisti
904 347 1030 386 non
1081 324 1506 404 prohibuisset,
1572 329 1678 405 qui
1730 333 1932 389 omnia
1983 335 2135 391 facta
2210 324 2222 379 ἐ

277 415 595 490 „dictaque
620 412 744 470 eius
774 413 901 480 vice
931 415 1076 488 legis
1102 415 1410 470 observem
1429 458 1448 483 ,
1489 414 1774 488 placitum
1797 416 1917 473 iam
1943 437 2138 473 exem-

275 500 491 577 ,‚plum
514 499 845 573 promptius
873 511 1100 555 secutus
1129 517 1287 567 sum,
1329 499 1469 574 quia
1504 499 1691 556 cultui
1724 520 1856 559 meo
1889 521 2138 559 venera·
2218 517 2222 535 ¹

276 580 407 654 „tio
437 594 686 657 senatus
706 583 1151 658 adiungebatur.
1250 594 1510 640 ceterum
1543 596 1612 641 ut
1645 586 1824 642 semel
1853 587 2138 662 recepisse

277 669 560 739 „veniam
594 664 895 739 habuerit,
938 668 1018 723 ita
1041 687 1148 742 per
1185 688 1390 724 omnes
1426 670 1763 744 provincias
1798 672 1994 745 effigie,
2021 693 2139 729 nu-
2216 660 2222 703 .!

277 754 560 824 „minum
607 755 824 811 sacrari
880 752 1290 823 ambitiosum,
1352 755 1698 830 superbum:
1766 767 1824 813 et
1866 769 2140 815 vanescet
2183 766 2210 807 j

278 835 581 914 „Augusti
649 834 875 908 honor,
955 837 1006 893 si
1075 838 1426 913 promiscuis
1495 840 1938 899 adulationibus
2002 842 2139 900 vul-
2220 862 2222 866 ’

278 936 796 1080 ’,ὅᾶωὶῖΧΧνΙΙΙξ
876 1016 1050 1094 „Ego
1084 1041 1180 1077 me
1213 1018 1307 1081 .Ρ.
1341 1018 1408 1082 C.
1439 1022 1752 1080 mortalem
1786 1044 1908 1081 esse
1939 1035 1995 1082 et
2025 1021 2140 1082 ho—

277 1108 559 1177 „minum
599 1106 790 1163 officia
820 1106 991 1179 fungi
1026 1106 1279 1183 satisque
1315 1102 1562 1177 habere,
1605 1108 1657 1164 si
1686 1109 1885 1166 locum
1915 1110 2140 1185 princi-

275 1213 456 1269 „pem
480 1192 788 1267 impleam,
834 1202 891 1247 et
913 1210 1020 1247 vos
1042 1202 1224 1248 testor
1250 1202 1306 1248 et
1328 1193 1665 1250 meminisse
1689 1206 1952 1270 posteros
1982 1195 2140 1266 vo10‚

275 1278 429 1356 „qui
456 1278 592 1334 satis
617 1295 907 1353 superque
929 1276 1248 1333 memoriae
1269 1297 1435 1335 meae
1461 1279 1754 1349 tribuent,
1791 1291 1859 1337 ut
1893 1281 2141 1338 maiori-

275 1365 434 1434 „bus
473 1363 620 1418 meis
657 1360 934 1435 dignum,
987 1382 1189 1419 rerum
1224 1375 1552 1421 vestrarum
1590 1365 1938 1440 providum,
1995 1386 2139 1423 con-

272 1459 569 1519 „stantem
592 1447 657 1501 in
684 1447 995 1521 periculiS,
1039 1447 1437 1506 offensionum
1471 1469 1580 1524 pro
1614 1450 1868 1507 utilitate
1900 1452 2139 1528 publica

273 1553 446 1603 „non
483 1531 767 1607 pavidum
813 1532 1070 1591 credant.
1175 1529 1318 1590 haec
1359 1530 1514 1590 mihi
1557 1535 1623 1592 in
1674 1535 1888 1593 animis
1930 1537 2139 1593 vestris

277 1664 311 1689 „
324 1618 574 1694 templa,
624 1613 736 1673 hae
770 1614 1207 1692 pulcherrimae
1244 1619 1460 1693 effigies
1496 1630 1554 1676 et
1582 1640 1911 1684 mansurae.
1996 1642 2139 1680 nam

273 1724 470 1782 „quae
498 1723 633 1760 saxo
665 1714 1005 1772 struuntur,
1049 1703 1098 1758 si
1126 1702 1415 1761 iudicium
1438 1716 1808 1780 posterorum
1835 1706 1901 1762 in
1933 1707 2140 1764 odium
2220 1782 2222 1787 Α

228 1806 230 1808 ’
276 1788 534 1860 „vertit,
597 1808 706 1863 pro
773 1788 1055 1863 sepulcris
1119 1801 1497 1864 spernuntur.
1615 1789 1877 1848 Proinde
1931 1793 2136 1863 εοεὶοε,

274 1875 476 1946 „cives
503 1885 559 1932 et
580 1873 721 1930 deos
747 1873 904 1948 ipsos
930 1894 1168 1949 precor,
1211 1870 1322 1932 hos
1346 1887 1415 1933 ut
1441 1871 1594 1932 mihi
1629 1877 1704 1933 ad
1743 1877 1919 1934 finem
1952 1897 2137 1956 usque
2219 1867 2222 1872 ¹

327 2107 530 2151 sacrari.
620 2107 699 2152 Sic
742 2108 844 2152 edd.
894 2108 1016 2168 Lips.
1071 2127 1091 2153 s
1124 2126 1170 2211 Ξ.
1244 2111 1406 2155 tentia:
1437 2119 1716 2169 spernuntur
1738 2110 1798 2154 ita
1820 2116 1867 2154 ut
1889 2125 1982 2154 non
1997 2110 2136 2169 pluris

1158 2202 1169 2212 .
1244 2169 1541 2213 aestimentur
1582 2185 1717 2227 quam
1752 2167 1957 2227 sepulcra
2003 2168 2135 2211 aesti-

274 2221 453 2280 Micyll.
1243 2227 1355 2270 mari
1388 2225 1549 2270 solent.
1618 2226 1734 2271 Nam
1765 2224 1996 2284 sepulcra,
2032 2226 2137 2270 licet

304 2277 449 2380 dCSAPQ.
467 2277 539 2323 38.
598 2279 751 2336 officia
770 2280 925 2337 fungi.
986 2281 1045 2326 cf.
1072 2289 1170 2327 not.
1244 2300 1338 2327 non
1366 2291 1660 2343 spernantur,
1688 2284 1830 2327 immo
1857 2283 2137 2328 sanctitatem

275 2352 299 2380 a
385 2368 398 2386 ,
454 2369 467 2382 .
1089 2351 1095 2359 ¹

331 2401 384 2435 ut
407 2427 416 2436 .
435 2423 506 2438 ..0
527 2396 735 2437 credant.
798 2394 1054 2447 Ernestius,
1094 2395 1165 2438 of—
1241 2415 1327 2441 nec
1357 2397 1516 2442 eodem
1547 2397 1671 2442 cultu
1702 2398 1937 2441 habentur.
1998 2397 2136 2440 Tem-

269 2450 422 2494 fensus
496 2450 684 2495 articula
725 2460 803 2503 ut,
858 2451 1170 2509 suspicabatur
1241 2455 1367 2513 plum
1394 2455 1545 2513 igitur,
1578 2455 1701 2513 quod
1726 2471 1819 2498 non
1840 2453 1984 2513 pluris
2010 2454 2136 2498 aesti-

271 2510 451 2552 scriben
487 2525 562 2551 um
594 2524 687 2551 esse
722 2510 768 2551 si
791 2508 860 2551 vel
890 2510 980 2552 ubi.
1049 2509 1167 2553 Bro-
1241 2520 1390 2555 matur
1419 2528 1552 2570 quam
1589 2528 1635 2554 se
1672 2514 1874 2561 uterum,
1918 2521 2040 2555 recte
2064 2512 2138 2555 di-

270 2567 410 2610 terins
434 2573 484 2609 ut
507 2566 830 2622 interpretatur
855 2581 976 2610 cum.
1025 2566 1169 2610 Ober·
1242 2569 1386 2612 cimus
1410 2569 1575 2627 sperni.
1636 2528 1766 2624 &uae
1791 2585 1930 2627 quum
1954 2568 2012 2612 ita
2035 2569 2136 2621 sint,

271 2623 413 2667 linus:
454 2639 587 2676 „non
619 2624 681 2667 ita
710 2625 882 2681 ingrata
909 2624 992 2667 erit
1015 2634 1167 2682 poste·
1240 2641 1336 2668 non
1371 2642 1486 2685 opus
1524 2634 1590 2669 est
1626 2626 1887 2671 coniectura
1916 2625 2135 2671 Ernestii:

271 2680 395 2724 ritati
437 2698 536 2724 mea
579 2681 820 2732 memoria,
874 2688 924 2723 ut
964 2697 1058 2724 non
1098 2698 1171 2725 me
1236 2698 1325 2738 pro
1346 2684 1547 2739 sepultis.

272 2737 460 2783 credant
494 2739 621 2782 etc.''
699 2738 986 2781 Ilei-rmanno
1020 2745 1073 2781 ut
1105 2747 1171 2782 est
1293 2742 1512 2795 proinde.
1574 2739 1651 2785 Sic
1683 2740 1755 2785 ed.
1790 2739 1998 2785 Beroald.
2031 2757 2132 2800 sqq.

269 2803 447 2850 gesetzt
492 2794 625 2853 daſs,
688 2797 810 2854 quod
851 2796 1032 2840 videtur
1074 2812 1169 2840 esse
1243 2797 1302 2841 cf.
1327 2807 1422 2842 not.
1445 2798 1500 2842 ad
1524 2798 1563 2850 3,
1589 2798 1658 2843 17.

272 2853 621 2898 concedentium
648 2870 733 2897 nec
754 2852 884 2896 huius
909 2853 1015 2896 loci.
1061 2853 1170 2897 Bre-
1301 2863 1346 2898 et
1380 2859 1493 2898 deos
1526 2857 1663 2911 ipsos.
1742 2853 1856 2899 Cod.
1888 2853 1989 2899 MS.
2030 2862 2132 2900 test.

271 2911 385 2956 vitas
419 2909 651 2969 scriptoris
673 2911 995 2975 interpretibus
1018 2911 1169 2968 impo-
1242 2912 1436 2957 Pichena
1462 2921 1507 2956 et
1527 2917 1637 2957 deos
1667 2921 1710 2956 et
1732 2916 1840 2956 deos
1862 2913 1984 2967 ipsos
2012 2912 2134 2956 inani
2199 2934 2201 2939 ·

1242 2341 1455 2392 habeant,
1501 2357 1596 2384 non
1636 2349 1786 2385 tamen
1826 2348 1930 2383 sunt
1970 2338 2138 2399 templa
2211 2371 2222 2403 ¹,

271 2967 373 3011 suit.
455 2968 640 3011 Plenius
675 2969 873 3011 dixissett
932 2967 1027 3026 Qui
1052 2971 1170 3010 satis
1241 2970 1520 3028 repetitione.
1578 2970 1689 3014 Inde
1712 2969 1921 3014 Beroald.
1947 2977 2134 3014 ceterae·
2216 3009 2222 3014 ,

274 3055 286 3067 .
303 3057 315 3069 .
331 3056 341 3067 .
366 3026 587 3075 tribuent,
622 3027 668 3068 si
686 3027 735 3067 id
758 3027 976 3073 tribuent,
1007 3033 1057 3067 ut
1085 3034 1168 3068 etc.
1242 3043 1329 3085 que
1352 3027 1453 3070 edd.
1476 3035 1580 3071 vett.
1603 3037 1648 3070 et
1666 3031 1776 3071 deos
1802 3035 1844 3069 et
1865 3031 1979 3070 deas
1995 3027 2134 3082 ipsas,
2208 3056 2215 3084 ,ι

270 3081 343 3126 De
368 3098 453 3139 qua
475 3082 652 3126 dicendi
677 3082 894 3126 brevitate
923 3082 978 3125 cf.
1004 3082 1171 3125 Rams-
1242 3084 1362 3142 quod
1398 3084 1514 3128 serio
1534 3085 1711 3144 Lipsius
1747 3084 1947 3128 defendit
1978 3083 2134 3128 adlatis
2210 3093 2217 3121 '¹

270 3139 405 3184 horn.
436 3139 516 3182 Gr.
560 3144 588 3195 §
617 3140 718 3184 205.
758 3138 800 3182 5.
844 3155 888 3206 p.
921 3139 1020 3183 687.
1094 3139 1169 3183 Ad
1241 3141 1451 3200 exemplis
1476 3142 1711 3186 Demosth.
1737 3141 1791 3185 de
1816 3141 1990 3185 Coron.
2024 3156 2064 3184 c.
2090 3143 2131 3185 1.
2197 3163 2201 3166 ·

270 3197 574 3241 accusativum
610 3199 802 3252 dignum
842 3196 1041 3255 intellige
1077 3213 1168 3250 me,
1239 3199 1425 3243 Homer.
1463 3199 1590 3243 lliad.
1629 3196 1693 3256 θ’,
1730 3197 1773 3241 5.
1855 3197 1990 3242 Addo
2023 3197 2133 3243 Tac.

273 3253 398 3312 quod
418 3254 522 3297 latet
547 3254 595 3297 in
616 3270 731 3300 voce
759 3256 1017 3298 memoriae
1033 3270 1169 3298 meae
1238 3257 1331 3300 An.
1362 3257 1404 3308 6,
1423 3256 1464 3300 6.
1531 3257 1657 3301 Suet.
1686 3255 1790 3300 Tib.
1825 3272 1865 3300 c.
1898 3255 1968 3299 67.
2042 3255 2133 3299 Sed

273 3311 318 3356 h.
343 3327 382 3355 e.
408 3311 535 3355 mihi.
1241 3329 1498 3372 quanquam
1524 3313 1613 3357 illis
1637 3314 1684 3357 in
1709 3313 1819 3357 locis
1841 3314 1957 3356 bene
1982 3329 2029 3356 se
2051 3312 2130 3356 ha-

323 3383 413 3424 pro
443 3370 681 3423 sepulcris,
719 3377 727 3382 “
756 3367 813 3412 Η.
852 3383 891 3411 e.
928 3370 1001 3413 als
1030 3382 1168 3412 menn
1238 3371 1349 3414 bent
1370 3372 1439 3413 dii
1454 3374 1674 3428 deaeque,
1699 3371 1803 3430 quia
1827 3370 1932 3414 deae
1947 3369 2031 3414 diis
2047 3385 2133 3428 op-

268 3440 318 3469 es
340 3440 433 3468 nur
455 3427 641 3470 Grc'z'ber
666 3429 850 3468 wc'z'ren.
910 3426 1033 3470 Suet.
1056 3424 1164 3470 Oct.
1237 3436 1496 3485 ponuntur,
1543 3436 1593 3471 ut
1632 3428 1907 3472 denotentur
1944 3428 2132 3472 numina

272 3498 314 3527 c.
337 3483 409 3527 70.
435 3498 526 3540 pro
546 3484 765 3538 Apolline
796 3491 1037 3528 ornatum.
1095 3483 1164 3527 Ib.
1238 3501 1560 3551 quaecunque,
1589 3485 1651 3529 ita
1673 3486 1748 3531 hic
1768 3488 1967 3528 dearum
1991 3499 2129 3529 voca-

272 3555 314 3585 c.
329 3541 398 3585 91.
418 3557 508 3596 pro
529 3541 735 3585 ianitore
755 3542 1011 3596 adpositus.
1055 3540 1164 3584 Sen-
1237 3542 1397 3586 bulum
1427 3542 1588 3587 inutile
1610 3551 1702 3596 est,
1734 3558 1874 3602 quum
1906 3541 1968 3586 dii
1993 3541 2128 3587 sociis
2205 3534 2210 3578 ἶ
