2222 4030
280 288 399 351 118

929 252 1451 350 2ANNALI'UM

1817 279 1936 327 mn.
1953 280 2036 323 πο.

1818 324 1869 361 A.
1890 322 1938 363 e.
1955 355 1961 360 .
1979 326 2040 368 ιο.

275 419 508 494 ignotae
543 411 780 474 Parthis
820 415 1120 486 virtuteS,
1161 435 1317 472 nova
1353 411 1525 484 vitia,
1585 422 1642 472 et
1681 413 1819 490 quia
1860 416 2124 492 ipsorum

273 503 598 561 maioribus
625 502 843 572 aliena,
883 502 1129 577 perinde
1150 500 1355 556 odium
1376 498 1572 575 pravis
1593 509 1651 555 et
1678 494 1957 560 honestis·

444 611 554 671 III.
630 611 815 687 Igitur
865 607 1201 670 Artabanus
1261 604 1681 666 Arsacidarum
1741 630 1772 666 e
1829 613 2126 684 sanguine,

275 698 433 774 apud
464 693 663 754 Dahas
699 697 966 767 adulam,
1024 695 1275 763 excitur,
1322 695 1633 771 primoque
1674 714 1988 768 congressu
2032 688 2129 752 fu-

276 803 372 840 sus
401 782 632 859 reparat
664 783 817 839 vires
849 799 1148 856 regnoque
1184 779 1424 854 potitur.

1512 778 1685 836 Victo
1717 778 1963 836 Vononi
1993 799 2130 855 per-

273 867 504 942 fugium
537 864 823 924 Armenia
860 866 1000 935 fuit,
1064 883 1247 920 vacua
1295 875 1438 920 tunc
1471 860 1740 941 interque
1770 861 2130 921 Parthorum
2187 872 2192 876 ’

275 964 335 1009 et
356 951 658 1011 Romanas
691 971 828 1027 opes
865 950 1046 1005 infida
1075 949 1153 1005 ob
1183 948 1371 1007 scelus
1396 943 1678 1018 Antonii,
1722 948 1825 1025 qui
1848 944 2131 1006 Artavas-

275 1039 392 1095 den
415 1056 612 1112 regem
635 1032 1059 1095 Armeniorum
1099 1033 1287 1110 specie
1319 1033 1608 1090 amicitiae
1634 1033 1948 1105 inlectum,
1991 1034 2131 1092 dein

332 1256 523 1311 ignotae
552 1254 744 1299 Parthis
777 1256 996 1303 virtutes,
1044 1266 1168 1295 nova

272 1314 407 1356 vitiu.
487 1313 721 1362 Virtutes,
769 1321 818 1355 ut
857 1309 1167 1370 promptitudo

273 1369 322 1413 in
346 1369 467 1413 aditu
489 1370 745 1427 praebendo
759 1402 771 1419 ,
804 1369 991 1412 comitas
1012 1368 1060 1410 in
1081 1368 1167 1410 ob-

275 1427 396 1480 vios;
425 1427 608 1469 Parthis
640 1429 827 1481 ignotae
858 1443 922 1470 sc.
965 1426 1012 1469 in
1045 1423 1166 1482 regi-

272 1485 358 1528 bus
380 1493 422 1526 et
442 1492 680 1550 propterea
694 1483 864 1527 nullius
886 1483 1044 1542 pretii3
1067 1498 1170 1524 ma-

272 1541 424 1585 iestate
456 1557 577 1599 regia
608 1542 814 1600 indignas
845 1541 996 1599 potius
1028 1540 1167 1585 habe·

272 1598 384 1641 bant
405 1598 527 1653 (infr.
553 1598 620 1651 15,
651 1600 722 1643 21.
750 1599 998 1657 Quaedam
1023 1601 1167 1642 immo

271 1656 470 1698 virtutes
493 1658 598 1698 odio
626 1660 770 1712 sunt).
836 1657 887 1699 V
881 1658 966 1699 itia
994 1664 1167 1706 contra,

305 1729 386 1756 uae
410 1729 460 1756 ex
482 1714 594 1756 urbe
613 1715 841 1765 attulerat,
870 1723 1039 1771 quanto
1051 1712 1167 1755 Par·-

271 1728 358 1814 ilzis
390 1786 532 1821 nova,
577 1779 702 1814 tanto
739 1781 866 1815 erant
898 1769 1167 1814 intolerabi-

272 1826 400 1870 liora.
470 1826 563 1870 Alii
602 1828 779 1886 ignotas
808 1828 982 1871 Parthis
1023 1828 1167 1871 virtu-

272 1891 338 1928 tes
372 1900 488 1927 nova
519 1885 623 1928 vitia
656 1885 745 1930 dici
777 1901 874 1929 non
910 1885 1014 1929 satis
1048 1893 1171 1929 recte

273 1949 448 2000 putant.

329 2001 533 2053 ipsorum
579 2001 856 2045 maioribus.
944 1998 1023 2044 Sic
1063 1998 1167 2042 cod.

272 2055 373 2099 MS.
399 2056 495 2099 edd.
517 2055 727 2102 Beroald.
760 2058 903 2102 Rhen.
928 2056 1033 2102 Ald.
1057 2072 1168 2114 pro-

272 2112 480 2169 b‘avitque
508 2112 720 2158 Pichena.
778 2116 1009 2164 Muretus,
1040 2114 1173 2172 Lips„

273 2169 502 2222 Freinsh„
543 2169 719 2221 Heius„
760 2172 964 2219 Gronov.
1008 2179 1052 2214 et
1092 2187 1168 2213 re-

275 2227 499 2270 centiores
532 2244 690 2271 omnes
722 2228 983 2287 praeferunt
1017 2229 1169 2270 mori-

275 2285 371 2335 bus,
392 2299 504 2341 quae
530 2285 812 2337 emendatio,
842 2302 867 2329 a
885 2286 1171 2343 Berneggero

274 2340 324 2383 in
367 2349 535 2384 textum
577 2352 779 2400 recepta,
837 2342 1086 2401 elegantior
1129 2349 1174 2385 et

275 2397 431 2441 Tacito
456 2397 635 2456 dignior
649 2415 743 2444 esse
760 2401 940 2444 dicitur.
984 2399 1173 2450 Utinam

276 2454 570 2509 addidissent,
603 2457 678 2500 ubi
704 2458 760 2501 sit
787 2457 1035 2515 elegantius
1057 2455 1174 2499 illud

277 2521 322 2556 et
346 2512 540 2569 dignius.
599 2513 755 2573 Neque
787 2515 836 2559 in
868 2513 1015 2558 verbis
1044 2514 1172 2557 video

276 2585 423 2627 neque
451 2570 499 2613 in
521 2586 584 2615 re.
663 2572 844 2623 Parthi,
889 2581 939 2614 ut
972 2570 1174 2618 Orientis

278 2636 431 2684 gentes
466 2626 638 2681 solent,
696 2630 743 2671 in
787 2630 999 2672 omnibus
1038 2629 1174 2672 rebus

279 2684 500 2728 obstinate
529 2685 786 2730 retinebant
808 2686 977 2744 patrios
1002 2700 1175 2735 mores;

277 2742 530 2787 maioribus
558 2742 722 2796 aliena,
752 2745 842 2788 sive
867 2743 1053 2787 virtutes
1085 2743 1175 2785 sive

278 2798 408 2851 vitia,
468 2802 838 2858 aspernabantur.
934 2799 1089 2855 Quare
1133 2806 1178 2841 et

277 2872 432 2911 regem
457 2874 488 2899 a
512 2858 746 2905 malorum
773 2859 995 2905 ahstt'tucis
1015 2857 1175 2899 diver-

280 2928 385 2958 sum
406 2913 776 2971 dedignabantur.
833 2915 952 2959 Hinc
972 2914 1068 2958 sine
1089 2914 1174 2958 du-

281 2971 358 3012 bio
380 2971 653 3014 Parthorum
686 2973 888 3020 moribus
921 2973 1065 3017 aliena
1100 2988 1174 3015 ea-

284 3027 388 3070 dem
411 3037 514 3070 sunt
536 3029 679 3073 aliena
701 3031 945 3074 maioribus
958 3031 1177 3088 ipsorum.

283 3083 390 3127 Non
419 3085 556 3143 igitur
585 3088 690 3131 satis
723 3088 886 3130 idonea
919 3095 1012 3131 erat
1046 3101 1177 3131 causa

285 3142 506 3185 mutandi.
566 3144 817 3190 Maioribus
844 3144 1017 3188 restitui
1043 3144 1177 3187 etiam

230 3215 237 3233 ι
286 3197 559 3255 Kiesslingio
582 3200 765 3258 placuit.

343 3268 456 3313 CAP.
479 3268 521 3312 3.
578 3271 733 3323 Igitur
751 3272 1040 3315 Artabanus.
1094 3270 1177 3314 Se-

287 3326 463 3372 cundus
485 3342 699 3377 numero,
730 3346 782 3371 ex
809 3324 902 3387 qud
926 3329 1064 3374 altera
1087 3328 1178 3371 Ar—

288 3384 541 3427 sacidarum
568 3385 703 3428 series
728 3390 888 3444 coepit.
933 3387 992 3430 cf.
1009 3385 1182 3444 Ioseph.

290 3442 357 3493 18,
376 3440 404 3484 3
433 3458 482 3497 sq
522 3473 534 3484 .
593 3441 675 3484 Ed.
707 3442 915 3487 Beroald.
936 3447 1179 3487 Arthaba-

287 3513 392 3542 nus.
454 3458 568 3543 fild.
604 3498 806 3543 Rhenan.
843 3516 939 3558 sqq.
971 3503 1179 3544 Artaba-

290 3569 394 3598 nus.

1095 3614 1182 3659 Di-

347 3614 687 3658 Arsacidarum
726 3629 750 3657 e
780 3615 1014 3697 sanguine.

1238 1266 1393 1295 versus
1414 1257 1567 1294 tamen
1589 1266 1614 1294 a
1636 1248 1838 1297 Phraatis
1861 1249 2013 1295 domo.
2072 1250 2134 1297 cf.

1236 1308 1349 1352 infr.
1377 1308 1419 1361 6,
1448 1308 1520 1351 42.
1549 1309 1690 1351 simul
1712 1309 1891 1362 probra
1911 1311 1960 1352 in
1983 1310 2133 1352 Arta-

1238 1369 1414 1409 banum
1423 1366 1705 1422 fundebant,
1729 1373 1949 1408 materna
1961 1369 2133 1422 origine

1239 1425 1523 1477 Arsaciden,
1553 1431 1709 1466 cetera
1730 1426 2024 1477 degenerem.

1298 1496 1425 1548 apud
1456 1492 1643 1536 Dahas.
1728 1492 1787 1536 cf.
1825 1493 1930 1537 infr.
1962 1496 2030 1543 11,
2065 1495 2133 1538 10.

1239 1566 1347 1609 gens
1370 1550 1431 1593 Sc
1463 1550 1595 1595 thica.
1619 1548 1760 1594 'Plin.
1784 1550 1826 1601 6,
1848 1552 1921 1618 17..
1968 1551 2134 1596 Strabo

1241 1608 1531 1721 llregnogtsste
1555 1668 1749 1722 potitur.
1807 1665 1869 1712 cs.
1899 1675 1994 1711 not.
2020 1666 2074 1711 ad
2096 1667 2136 1720 1,

1241 1723 1312 1768 33.

1849 1781 1907 1826 cf.
1941 1781 2033 1826 Dio
2065 1778 2137 1832 49,

1299 1782 1357 1822 ob
1385 1782 1534 1823 scelus
1565 1781 1776 1825 Antonii.

1242 1838 1297 1880 25
1329 1853 1424 1896 sqq.
1486 1837 1603 1881 Vell.
1635 1839 1677 1891 2,
1700 1839 1771 1882 82.
1829 1839 2058 1883 Plutarch.
2089 1840 2138 1883 in

1242 1897 1413 1940 Anton.

1243 1953 1341 1996 530.
1401 1952 1495 1996 Liv.
1518 1953 1623 2011 epit.
1652 1952 1747 1997 131.
1795 1954 2140 2001 Artavasdesll.

1243 2009 1451 2066 (Graecis
1483 2012 1749 2054 Artabazes
1778 2011 1915 2067 audit)
1950 2011 2138 2055 Antonii

1242 2069 1438 2136 legatum
1457 2066 1660 2125 Oppium
1685 2067 1950 2119 statianum,
1983 2067 2136 2111 aPar-
2214 2071 2220 2075 ’

1243 2126 1328 2168 th1s
1359 2142 1386 2168 o
1420 2140 1648 2182 pressum,
1689 2123 1852 2167 auxilio
1880 2125 2140 2170 destituerat

1242 2183 1353 2239 (Dio
1386 2140 1456 2233 29,
1486 2181 1557 2225 25.
1591 2181 1704 2234 θη).
1763 2181 1877 2225 Eam
1907 2183 2139 2240 perfidiam

1241 2240 1470 2284 Antonius
1519 2247 1570 2282 ut
1609 2238 1929 2292 ulcisceretor,
1983 2250 2140 2299 aptum

1242 2307 1421 2356 tempus
1442 2312 1512 2338 exs
1549 2296 1742 2347 ectabat,
1773 2313 1922 2355 pressa
1943 2299 2140 2355 primum

1242 2357 1308 2399 ira
1331 2363 1374 2396 et
1395 2312 1715 2397 blandimentis
1741 2353 1787 2396 in
1804 2369 1956 2412 regem
1974 2371 2140 2399 eumu-

1245 2412 1367 2463 latis,
1400 2410 1615 2470 quoniam
1650 2411 1696 2453 in
1720 2409 1939 2454 Armenia
1967 2412 2138 2456 hiema-

1244 2471 1319 2513 bat
1363 2468 1648 2527 pecuniaque
1685 2476 1728 2510 et
1762 2467 1981 2513 alimentis
2021 2470 2139 2513 indi·
2218 2503 2219 2506 η

1246 2527 1377 2587 gebat
1409 2525 1517 2581 (Dio
1553 2525 1626 2577 49,
1652 2523 1762 2580 81.).
1821 2524 2141 2571 Alexandriam

1243 2599 1451 2628 reversus
1494 2589 1537 2624 et
1580 2581 1762 2626 foedere
1807 2598 1911 2626 cum
1957 2584 2141 2627 Mediae

1245 2657 1349 2698 rege
1383 2647 1540 2684 contra
1571 2639 1839 2682 Armenium
1878 2637 1994 2683 clam
2027 2641 2140 2684 inito

1246 2697 1473 2742 Antonius
1507 2695 1630 2740 hunc
1672 2697 1812 2740 amice
1854 2698 2054 2741 evocavit
2089 2697 2139 2741 in

1246 2757 1532 2813 Aegyptum,
1561 2762 1610 2798 ut
1643 2753 1737 2798 sine
1771 2754 1924 2799 labore
1954 2753 2138 2800 occide·
2218 2799 2222 2815 Ἢ

1249 2822 1388 2856 retur.
1447 2810 1528 2854 Ille
1558 2821 1710 2855 tamen
1735 2809 1841 2854 mali
1863 2812 1969 2869 quid
1994 2829 2066 2855 sus
2099 2812 2141 2854 i..
2218 2854 2222 2861 ,

1249 2879 1376 2915 catus
1431 2884 1527 2911 non
1569 2867 1718 2927 paruit
1760 2869 1878 2921 (Dio
1916 2869 1994 2924 49,
2027 2829 2142 2927 SSp).

1246 2926 1428 2972 Deinde
1457 2941 1597 2983 quum
1620 2924 1876 2975 Antonius,
1915 2935 1965 2971 ut
1995 2928 2141 2995 suspi-
2217 2927 2219 2930 ⁴

1251 2985 1430 3029 cionem
1461 2983 1556 3042 regi
1589 2983 1822 3035 eximeret,
1870 2982 2008 3028 filiam
2048 3001 2143 3028 eius

1214 3076 1216 3081 ,
1247 3043 1296 3088 in
1316 3039 1656 3085 matrimonium
1677 3039 1770 3082 filio
1793 3057 1875 3084 suo
1889 3040 2143 3085 Alexandro

1249 3106 1478 3200 posceret,
1498 3095 1780 3163 -Nicoponlim
1805 3097 2008 3166 Pompeii
2032 3115 2141 3158 pro·
2199 3103 2205 3132 ἶ

1271 3164 1394 3202 ectus
1419 3154 1464 3197 id
1486 3155 1667 3198 tandem
1690 3163 1967 3210 impetravit,
1998 3167 2049 3200 ut
2069 3173 2144 3199 rex
2216 3161 2222 3175 *

1250 3215 1298 3257 in
1332 3221 1473 3255 castra
1502 3211 1685 3254 veniret.
1744 3211 1811 3253 lbi
1835 3220 2015 3256 catenae
2040 3213 2147 3257 huic

1250 3270 1440 3324 iniectae
1478 3269 1586 3324 (Dio
1618 3265 1698 3320 49,
1728 3267 1828 3325 39).
1907 3269 2145 3315 Postremo

1253 3343 1358 3371 eum
1383 3327 1575 3384 coniuge
1599 3335 1642 3369 et
1676 3325 1828 3370 liberis
1853 3326 1974 3369 inter
1999 3327 2142 3386 capti-

1252 3400 1330 3426 vos
1380 3383 1657 3442 triumphum
1713 3384 1901 3427 Antonii
1953 3385 2144 3435 ornavit,

1254 3457 1388 3499 quem
1417 3440 1493 3484 hic
1525 3441 1715 3484 ducebat
1742 3441 2065 3485 Alexandriae:
2102 3450 2146 3485 et
2214 3436 2217 3442 ’

1286 3498 1471 3541 uoniam
1506 3514 1558 3542 eo
1591 3497 1756 3541 adduci
1790 3499 2056 3555 nequibant,
2098 3506 2145 3541 ut

1255 3516 1520 3613 {leopatrae
1537 3554 1761 3612 supplices
1777 3572 1822 3598 se
1843 3555 2144 3607 ostenderent,

1258 3613 1412 3657 durius
1436 3613 1614 3658 tractati
1638 3620 1741 3656 sunt
1770 3613 1877 3666 (Dio
1898 3612 1967 3664 49,
1989 3613 2089 3669 40.).

1444 1894 1617 1954 p.‘939.
1678 1896 1839 1940 Strabo
1868 1899 1942 1950 11,
1974 1913 2017 1956 p.
2041 1897 2140 1941 524.
2208 1919 2210 1922 >
