2222 4030
260 269 388 330 108

258 400 389 457 sari
422 396 661 475 placuit.

924 263 1451 331 ANNALIUM·
1487 318 1492 321 ,
1560 276 1562 278 “

754 394 1020 463 Edendis
1066 398 1519 472 gladiatoribuS,
1575 415 1724 476 quos
1757 399 2104 468 Germanici

1717 160 1722 166 ι
1764 132 1785 153 x

1789 269 1845 307 A.
1862 269 1915 311 U}
1931 271 2016 310 768.

1789 316 1843 352 A·
1867 313 1915 351 C.
1934 330 1938 342 ν’
1959 316 2017 352 15.

257 485 456 544 fratris
480 503 546 540 ac
569 503 675 540 suo
699 483 940 540 nomine
965 484 1283 559 obtulerat,
1306 483 1535 540 Drusus
1559 487 1883 560 praesedit,
1901 512 2105 567 quam

255 569 440 647 quarn
465 569 584 626 :vili
612 568 899 643 sang-'uine
934 569 1118 624 nimis
1148 568 1434 641 gaudens:
1478 571 1639 646 quod
1663 572 1873 645 vulgus
1896 575 2105 632 formi-

254 652 562 724 dolosum,
612 664 673 712 'et
705 665 871 730 pater
903 654 1158 726 arguisse
1196 653 1518 716 dicebatur.

1601 652 1726 718 Cur
1759 643 2107 718 abstinuerit

255 739 586 815 spectaculo
611 738 765 814 ipse,
803 738 965 795 varie
991 733 1330 794 trahebant:
1365 739 1469 795 alii
1488 741 1682 797 ta'edio
1709 754 1934 814 coetUS‚
1972 745 2108 821 qui-

171 883 179 888 .
257 825 399 882 dam
442 824 676 882 tristitia
716 823 940 898 ingenii
977 833 1033 879 et
1066 833 1228 879 metu
1265 826 1749 899 comparationiS,
1802 829 1941 904 quia
1978 827 2108 888 Au-

256 921 459 984 gustus
490 910 739 968 comiter
770 908 1142 966 interfuisset.

257 1119 415 1179 susat-is
449 1126 627 1187 imperii
666 1125 997 1175 incommodis,
1041 1141 1149 1171 vera

253 1184 438 1258 'quid-'em
469 1193 599 1236 sunt,
637 1184 726 1227 huc
757 1192 916 1226 tamen·
938 1199 1031 1226 non
1051 1199 1149 1242 per-

253 1254 437 1298 „uenis
494 1244 657 1286 Parum
690 1241 809 1284 enim
845 1241 1147 1284 honorificum

256 1300 430 1350 senatui
461 1300 616 1343 fuisset
643 1314 848 1347 censere,
891 1299 1148 1356 provincias

254 1358 566 1422 'proconsulari
588 1358 726 1413 ipsius
746 1356 936 1414 imperio
959 1371 1052 1398 esse
1080 1355 1148 1398 le-

253 1418 418 1467 vandas
441 1416 498 1458 ob
531 1415 675 1458 malos
707 1429 855 1458 mores
886 1414 1145 1472 praesidum

253 1493 278 1520 a
300 1483 455 1519 senatu
477 1474 736 1516 missorum.

311 1563 358 1601 in
377 1571 620 1612 praesens.
682 1553 742 1598 cf.
770 1571 810 1598 c.
836 1556 908 1598 80.
943 1563 988 1599 et
1017 1553 1057 1607 5,
1079 1556 1146 1598 10.

251 1615 344 1659 Dio
380 1615 448 1666 58,
478 1613 553 1657 25.
626 1610 749 1656 Suet.
792 1612 949 1656 Claud.
997 1630 1038 1657 c.
1075 1612 1147 1655 25.

251 1673 465 1726 Claudius
514 1681 666 1717 tamen
715 1671 888 1714 senatui
939 1670 1150 1731 reddidit.

251 1729 376 1798 Suet.
401 1730 428 1773 l.
451 1729 482 1775 l.
522 1728 615 1773 Dio
640 1728 710 1783 60,
733 1729 819 1782 24„

251 1814 502 1915 57uffindis
538 1814 890 1867 gladiatoribus.
959 1810 1018 1857 cf.
1054 1802 1144 1855 Dio

275 2003 292 2011 „
310 1955 581 2012 quahquam
625 1956 710 1998 vili
743 1955 986 2012 sanguine.
1056 1955 1145 1999 Ae-

254 2007 380 2073 ἀρετ
459 2012 590 2058 nimis
656 2014 853 2072 gaudens
916 2015 1146 2072 sanguine,

253 2085 514 2128 quanquam
548 2070 650 2123 vili,
688 2080 736 2112 ut
766 2072 824 2114 ita
850 2071 993 2115 levem
1021 2087 1144 2114 excu-

249 2127 473 2181 sationem
525 2137 685 2170 auctor
734 2128 965 2186 adiungat,
1023 2128 1145 2186 quod

250 2183 374 2236 bene
391 2185 571 2227 monuit
592 2184 825 2229 Wolfius.
887 2186 1057 2229 Similia
1080 2185 1145 2228 lo-

248 2237 416 2302 *quendi
451 2241 648 2303 exempla
681 2250 784 2299 sunt
816 2245 885 2293 11,
919 2244 988 2287 35.
1027 2258 1145 2285 nam

250 2296 345 2342 'etsi
375 2300 545 2342 iustum
579 2302 787 2349 dolorem
802 2303 960 2356 pudor
996 2303 1142 2357 impe-

247 2351 433 2411 {aiebam
477 2355 544 2408 14,
555 2358 597 2400 4.
628 2358 1015 2414 q'uamvr'sferum
1039 2360 1145 2420 ani-

253 2430 384 2457 mum
413 2416 665 2466 retinebam
704 2415 770 2464 15,
794 2416 862 2458 24.
895 2419 962 2459 dii
980 2432 1141 2472 quam·

251 2472 323 2514 vis
350 2474 611 2526 potentium
640 2477 921 2527 populorum
960 2476 1127 2518 arbitri
1134 2491 1148 2526 ‚-

252 2528 371 2581 1,13.
402 2531 613 2586 quamvis
635 2532 915 2573 indomitum
936 2534 1147 2575 animum

248 2587 303 2642 in
346 2590 516 2642 bonum
558 2590 794 2640 vertebat3
853 2589 966 2634 Hist.
1003 2592 1042 2640 1,
1075 2591 1147 2635 44.

253 2647 465 2702 quamvis
501 2646 730 2688 immitem
763 2648 981 2690 animum
1022 2649 1150 2700 ima-

249 2703 355 2757 gine
375 2703 499 2746 tristi
514 2702 806 2761 confuderat.

252 2831 254 2833 ,
310 2790 432 2842 quod
462 2790 631 2841 vulgus
658 2788 1050 2843 formidolosum,
1102 2797 1148 2832 et

247 2853 387 2898 pater
404 2847 611 2899 arguisse
631 2847 883 2888 dicebatur.
948 2846 1023 2890 Sic
1044 2847 1145 2891 cod.

253 2900 357 2943 MS.
382 2902 481 2945 edd.
504 2903 710 2945 Beroald.
741 2912 784 2946 et
806 2903 1007 2947 Rhenan.
1042 2921 1142 2962 sqq.

252 2957 429 3015 Lipsius
459 2969 607 3002 tamen
641 2961 854 3004 malebat:
900 2961 950 3003 in
984 2965 1146 3016 vulgus

173 3015 177 3019 ’
242 3015 640 3072 formidolosum;
678 3018 712 3060 I.
746 3019 822 3062 Fr.
861 3018 1146 3062 Gronovius:

245 3075 395 3124 ‘vulgo
421 3075 799 3127 formidolosum.
869 3077 969 3119 Hoc
999 3076 1147 3120 Wol-

255 3129 340 3172 fius
376 3130 421 3172 in
454 3139 619 3174 textum
654 3134 821 3190 recepit
855 3142 898 3177 et
925 3134 1026 3177 dein
1051 3135 1146 3191 plu-

246 3186 358 3230 rimi
381 3187 598 3238 editores,
629 3198 679 3231 ut
702 3191 758 3233 ita
779 3191 1146 3246 formidolosum

243 3259 311 3287 -eo
333 3245 390 3287 sit
410 3245 658 3302 significatu
675 3280 686 3296 ,
717 3264 805 3304 quo
827 3249 969 3292 utitur
990 3250 1058 3300 13,
1077 3249 1145 3293 53.

256 3302 368 3359 Agr.
390 3301 578 3355 7413&
646 3303 708 3346 At
742 3322 832 3348 non
867 3306 1027 3358 video,
1062 3323 1146 3350 cur

254 3359 437 3402 tandem
457 3360 594 3417 vulgo
616 3375 719 3416 prae
740 3363 833 3405 aliis
853 3363 1145 3409 formidolosa

254 3415 422 3475 fuerint
466 3417 676 3460 saevitiae
707 3418 881 3464 ‘indicia
914 3423 960 3464 in
990 3422 1144 3465 Druso

257 3474 525 3532 conspicua,
557 3481 640 3517 ne'c
674 3475 823 3532 potius
854 3480 1022 3524 civitati
1050 3481 1146 3523 uni-

255 3546 409 3574 versae
444 3539 487 3574 et
517 3531 818 3576 nobilioribus
842 3537 1143 3593 potissimum.

255 3586 370 3632 Nam
409 3589 568 3647 vulgus
606 3589 811 3633 omnium
846 3594 1029 3637 minime
1067 3596 1146 3638 ob-

1239 904 1377 964 Non
1408 910 1763 968 crediderim
1803 915 1877 971 'ad
1912 926 2108 972 osten-

1219 1125 1404 1168 noxium
1429 1126 1516 1177 fuit
1541 1127 1631 1172 irae
1652 1129 1908 1176 Caesarum.
1976 1133 2108 1182 Sole-

1219 1183 1295 1227 bat
1315 1187 1461 1227 autem
1487 1187 1643 1244 vulgus
1662 1204 1746 1245 pro
1781 1203 1990 1234 concessa
2022 1191 2118 1243 sibi

1218 1241 1440 1293 libertate,
1472 1259 1557 1287 nec
1579 1246 1706 1289 vocis
1737 1248 1974 1291 continens
2001 1249 2108 1293 libe-

1218 1298 1311 1343 rius
1355 1299 1480 1358 loqui
1515 1300 1568 1344 de
1600 1303 1859 1369 principum
1892 1305 2109 1358 moribus,

1220 1371 1324 1399 cum
1359 1358 1492 1399 ceteri
1526 1362 1748 1416 sapienter
1777 1369 2002 1412 tacerent,
2043 1363 2108 1406 id-

1218 1429 1305 1470 que
1331 1412 1416 1462 -hic
1459 1414 1571 1458 dicit
1600 1417 1785 1470 Noster,
1837 1421 1998 1477 vulgus
2042 1438 2108 1470 ar·

1217 1471 1361 1528 guisse
1383 1472 1492 1514 illud
1514 1482 1562 1516 ut
1585 1472 1960 1530 formidolosum,
1991 1478 2110 1578 vulgdi

1217 1529 1505 1572 sermonibus
1572 1531 1925 1576 formidolosum
1991 1535 2075 1577 iliu

1219 1602 1313 1628 esse
1339 1586 1566 1630 iactatum.
1628 1590 1761 1633 More
1793 1607 1876 1634 suo
1904 1593 1958 1635 ad
1985 1593 2108 1650 prius

1217 1644 1656 1689 membrumTaeitus
1671 1649 1837 1692 omittit
1849 1651 2049 1701 verbum,
2061 1659 2112 1694 ut

1216 1700 1422 1758 suppleas
1455 1718 1478 1744 e
1507 1713 1740 1757 contextu,
1770 1722 1929 1765 nempe
1954 1723 2108 1765 argue-

1217 1759 1316 1808 bat,
1357 1758 1556 1810 dicebat,
1594 1761 1799 1807 iactabat.
1859 1765 2108 1809 Formido-

1216 1818 1366 1857 losum
1400 1817 1586 1873 ponitur
1618 1834 1671 1861 eo
1705 1837 1863 1873 sensu,
1909 1836 1999 1880 quo
2043 1831 2110 1866 est

1216 1873 1330 1915 Hist.
1363 1873 1403 1923 3,
1432 1874 1503 1916 26.
1541 1877 1589 1916 id
1622 1891 1816 1933 quoque>
1841 1880 2110 1936 propinquis

1215 1931 1423 1973 hostibus
1464 1933 1829 1987 formidolosum
1845 1954 1861 1987 ‚·
1929 1937 2109 1981 Sallust.

1218 1987 1312 2030 Cat.
1343 2005 1382 2031 e.
1411 1989 1477 2032 19.
1519 1991 1615 2032 iam
1649 2000 1749 2034 tum
1778 1996 1990 2047 potencia
2013 1995 2110 2038 Cn.

1219 2046 1428 2100 Pompeii
1470 2048 1785 2101 formidolosa
1839 2061 1958 2095 erat.
2049 2053 2111 2095 Et

1216 2112 1319 2146 ante
1335 2111 1476 2156 pater
1496 2105 1713 2160 significat
1737 2110 1892 2160 etiam,
1921 2117 1970 2152 ut
1985 2111 2108 2155 c.·49.

1219 2167 1264 2202 et
1298 2163 1488 2216 quidam
1521 2164 1750 2207 bonorum
1773 2168 1907 2209 caesi.
1960 2168 2002 2218 2,
2030 2167 2103 2211 36.

1216 2218 1276 2259 Ec
1325 2226 1562 2261 certamen
1610 2221 1751 2264 Gallo
1798 2228 2022 2268 adversus
2057 2224 2108 2268 C.

1217 2283 1437 2317 exortum
1461 2286 1544 2319 est.
1607 2277 1764 2322 Germ.
1781 2297 1821 2324 c.
1836 2281 1906 2325 31.
1926 2281 1984 2324 Et
2005 2283 2112 2326 alitis·
2190 2273 2199 2276 Δ

1218 2334 1568 2377 Germanorum
1610 2339 1791 2390 populis
1830 2348 2109 2392 usurpatum

1218 2389 1301 2432 etc.
1362 2389 1508 2434 Etiam
1540 2391 1882 2438 Woltmannus
1915 2396 2112 2442 defendit

1218 2457 1416 2491 veterem
1441 2451 1732 2508 scripturam,
1762 2453 1838 2496 sed
1863 2470 1995 2511 vage,
2027 2470 2111 2499 nec

1219 2506 1321 2548 satis
1342 2516 1476 2551 reete.
1535 2507 1729 2552 Pichena
1756 2512 2111 2566 voc.formido-

1218 2565 1367 2606 losum
1409 2564 1610 2623 capiebat
1654 2566 1903 2624 significatu
1948 2571 2110 2622 actiVO,

1255 2637 1311 2663 uo
1355 2631 1418 2664 est
1461 2631 1503 2665 'o-
1538 2623 1608 2665 62.
1647 2633 1752 2667 extr.
1822 2624 2011 2669 Secutus
2046 2637 2111 2672 est

1217 2635 1416 2720 lilicklefs
1464 2680 1568 2731 (das
1606 2680 1907 2735 furchtsame
1951 2684 2109 2738 Volh).

1220 2733 1306 2777 Cui
1348 2745 1498 2778 tamen
1530 2738 1693 2785 rationi
1731 2740 1876 2783 obstat
1919 2743 2109 2784 verbum

1217 2793 1476 2844 dicebatur,
1527 2795 1590 2836 uti
1621 2796 1867 2840 rectissime
1908 2800 2111 2843 observat

1219 2848 1496 2895 Gronovius.

1279 2964 1372 3006 Cur
1392 2967 1670 3010 abstinuerit
1694 2985 1760 3023 sp.
1786 2971 1892 3026 inse.
1953 2971 2111 3015 Absti-

1218 3022 1365 3065 nuisse
1390 3034 1431 3067 et
1451 3024 1543 3067 Dio
1570 3026 1704 3069 refert
1731 3027 1799 3080 57,
1824 3029 1890 3071 14.
1917 3029 2110 3086 simplici

1219 3081 1383 3140 verbo:
1413 3079 1495 3125 τὸν
1525 3083 1616 3142 μὲν
1647 3083 1808 3141 ἀγῶνα
1836 3082 1993 3129 αὐτῶν
2027 3086 2110 3130 οὐκ

1218 3138 1311 3180 εἶδε
1333 3154 1374 3180 κ.
1398 3154 1436 3181 τ.
1467 3140 1508 3183 λ.
1545 3141 1667 3184 nullo
1690 3143 1782 3186 eius
1805 3143 1869 3186 rei
1892 3144 2108 3203 interpre-

1217 3204 1417 3239 tamento
1440 3198 1607 3240 addito.

1275 3310 1464 3352 tristitia
1506 3311 1698 3366 ingenii.
1779 3306 1899 3358 P‘lin.
1949 3317 2020 3369 28,
2064 3318 2108 3361 2.

1218 3367 1534 3467 {festissimum
1573 3372 1809 3413 hominum
1851 3375 1960 3418 dicit
2001 3392 2108 3419 eun·

1249 3440 1336 3467 em.

1275 3542 1387 3595 quia
1439 3544 1499 3586 A.
1562 3545 1755 3587 comiter
1814 3546 2107 3604 interfuisset.

1217 3596 1343 3643 Suet.
1370 3597 1478 3644 Oet.
1508 3617 1547 3645 c.
1569 3600 1639 3644 45.
