2222 4030
0 3043 1 3054 ¹
76 3039 163 3069 nus
184 3028 249 3066 est
271 3019 457 3064 verbum
481 3017 682 3071 ordinis,
713 3033 845 3078 quarn
863 3031 980 3072 pro·
1054 3017 1154 3061 edd.
1205 3034 1270 3061 im

198 199 418 240 *dl-⁷⁷⁵·
600 203 779 266 LIB.
817 201 927 266 111.
1011 199 1206 267 CAP.
1245 207 1346 270 61.
1380 209 1480 270 62.
1856 215 1984 278 275

198 246 253 284 Δ.
265 243 314 283 C.
352 243 415 277 22.

110 326 260 415 quae
306 346 434 393 tum
470 333 648 392 etiam
680 343 947 404 maneat,
1005 332 1275 402 adnisam
1309 337 1561 396 edidisse
1596 358 1663 398 ea
1702 343 1980 404 numina:

109 424 475 497 deorumque
504 418 742 476 monitu
778 429 1070 476 sacratum
1091 434 1321 484 nemus,
1407 419 1606 502 Atque
1633 425 1828 502 i'psum
1852 429 1979 488 illic

46 548 50 554 .
107 502 453 583 Apollinem
485 515 620 580 post
651 503 987 561 interfectos
1009 500 1073 561 G‘
1091 508 1103 562 .T
1215 523 1298 566 ,as
1324 502 1481 562 Iovis
1506 511 1655 565 iram
1683 513 1977 578 vitavisse.

58 606 70 617 “
107 591 255 650 Mox
277 589 564 648 Liberum
586 599 815 664 patrem
839 588 998 647 bello
1022 587 1114 648 vi'
1214 607 1308 645 em
1332 593 1699 666 supplicibus
1721 593 1980 659 Amazo-

43 688 65 708 ‘
104 696 255 735 num
269 721 287 747 ,
341 694 493 753 quae
527 693 692 730 aram
725 673 1067 732 insederant
1077 667 1451 749 ,wovissffi
1547 674 1802 740 Auctam
1834 681 1978 745 hinc

67 756 74 766 ⁸
105 780 385 820 concessu
420 757 727 828 Herculis,
782 778 919 816 cum
952 758 1149 836 Lydia
1183 759 1504 837 potiretur,
1557 767 1978 830 caerimoniam

103 845 353 921 templo:
397 863 591 922 neque
613 842 932 901 Persarum
966 844 1194 902 ditione
1226 844 1604 904 deminutum
1637 850 1747 913 ius,
1834 854 1978 916 Post

101 929 495 1000 Macedonas,
539 928 679 986 dein
702 949 812 986 nos
841 930 1179 991 servavisse.
1285 927 1291 935 ’
1341 963 1348 967 -

268 1012 460 1075 LXII.
504 1013 784 1072 Proximo
817 1013 1123 1089 Magnetes
1154 1014 1225 1076 L.
1256 1015 1553 1094 Scipionis
1592 1031 1648 1077 et
1672 1019 1743 1081 L.
1770 1021 1974 1084 Sullae

100 1099 435 1159 constitutis
472 1100 844 1159 nitebantur:
905 1121 1161 1178 quorum
1195 1102 1296 1159 ille
1330 1099 1660 1176 Antioch0,
1719 1102 1816 1165 hie
1845 1109 1972 1168 Mi-

98 1182 358 1245 thridate
391 1185 587 1262 pulsis
609 1186 787 1242 fidem
824 1195 1000 1262 atque
1037 1186 1317 1244 virtutem
1338 1187 1687 1264 Mag-netum
1725 1193 1973 1254 decora-

98 1290 263 1342 vere,
300 1271 391 1328 uti
414 1269 642 1327 Dianae
653 1267 1123 1348 Leucophrynae
1144 1274 1479 1348 perfugium
1502 1276 1854 1353 inviolabile
1877 1283 1972 1339 fo·-

97 1367 203 1417 ret.
286 1351 786 1431 Aphrodisienses
808 1353 1053 1432 posthac
1083 1369 1140 1414 et
1166 1346 1633 1419 Stratonicenses
1666 1364 1970 1424 dictatoris

95 1438 359 1500 Caesaris
384 1442 463 1499 ob
482 1451 713 1498 vetusta
741 1441 805 1497 in
827 1442 1012 1516 partis
1034 1442 1244 1500 merita
1271 1455 1328 1502 et
1352 1466 1557 1505 recens
1578 1448 1704 1506 divi
1715 1446 1974 1526 Augusti

95 1527 397 1595 decretum
420 1527 696 1597 attulere,
736 1525 962 1586 laudati
991 1530 1151 1604 quod
1175 1526 1535 1590 Parthorum
1560 1534 1971 1611 inruptionem

152 1706 274 1750 quae
317 1699 421 1736 tum
465 1692 628 1736 etiam.
704 1690 777 1736 Cf.
813 1700 910 1737 not.
941 1692 998 1736 ad
1069 1694 1314 1752 respondet
1339 1697 1563 1742 vocabulo
1588 1697 1842 1758 ἐγγυτάτω.
1886 1704 1973 1749 Xe·

89 1749 133 1804 2,
155 1751 230 1795 ὅ.
290 1750 401 1794 Mox
425 1750 494 1794 ed.
521 1749 626 1794 Ald.
655 1750 909 1800 adm‘oeam.
1070 1752 1206 1810 noph.
1234 1752 1340 1812 Cyr.
1369 1755 1409 1807 5,
1429 1755 1471 1808 3,
1490 1756 1564 1801 45.
1895 1758 1898 1761 ⁴

147 1823 294 1852 aram
312 1810 608 1852 insederant.
649 1805 996 1867 Thucyd.8‚28.
1124 1813 1419 1861 decoravere.
1495 1813 1831 1862 Freinshemius
1861 1835 1970 1865 con·

88 1866 169 1911 ent
210 1864 318 1916 τοὺς
354 1864 544 1925 βωμοὺς
575 1859 704 1923 ὅμως
736 1868 992 1918 καθίζουσι.
1067 1866 1170 1911 iecit
1215 1870 1549 1915 decoraverint
1588 1873 1658 1917 vel
1696 1877 1963 1922 decoravis-

90 1924 301 1985 Palaeph.
331 1941 374 1971 c.
397 1925 470 1970 41.
501 1925 780 1976 καθέζεσθαι
803 1924 881 1969 ἐπὶ
911 1923 995 1982 τὴν
1065 1933 1187 1969 sent.
1266 1925 1501 1972 Ernestius
1542 1930 1771 1990 vulgatum
1813 1941 1970 1980 tuetur

88 1981 264 2029 ἑστίαν.
1063 1992 1252 2042 propter
1286 1986 1560 2030 insederant
1597 2003 1637 2032 c.
1663 1990 1737 2033 61.
1771 1999 1816 2035 et
1844 2001 1970 2038 recte

140 2043 390 2098 pom-etur.
415 2039 492 2085 Sic
505 2038 608 2084 edd.
624 2039 729 2085 Ber.
742 2054 837 2099 sqq.
849 2044 990 2095 pote·
1065 2039 1265 2100 quidem.
1295 2040 1368 2086 .cf.
1398 2050 1497 2087 not.
1529 2044 1585 2089 ad
1614 2046 1657 2097 2,
1685 2047 1759 2091 26.
1820 2048 1969 2095 Aliter

86 2106 219 2144 recca·
240 2098 346 2145 cod.
370 2097 474 2142 MS.
499 2097 573 2143 hic
597 2106 642 2143 et
665 2114 706 2142 c.
730 2096 804 2141 73.
866 2096 990 2141 Ean-
1062 2114 1109 2142 se
1131 2097 1262 2143 habet
1286 2099 1544 2144 dicaveram
1565 2117 1604 2146 c.
1627 2103 1699 2148 63.

86 2157 190 2202 dem
211 2157 480 2216 scripturam
506 2163 765 2200 constanter
794 2155 992 2214 praefert
1121 2154 1499 2214 Leucophrynae.
1611 2159 1689 2205 Sic
1775 2163 1966 2222 legimus

84 2213 188 2259 cod.
218 2214 345 2260 Ποῖ.
377 2212 462 2258 litt.
493 2211 585 2257 Lan
621 2244 633 2256 .
675 2229 764 2258 scr.
804 2212 991 2257 testibus
1062 2223 1247 2258 auctore
1266 2213 1416 2274 Lipsio
1439 2223 1482 2259 et
1505 2219 1824 2276 praeeuntibus
1837 2221 1967 2277 Pich.

86 2270 178 2318 lac.
213 2269 455 2317 Gronov-io
491 2280 536 2316 et
612 2270 790 2317 ictorio.
860 2269 990 2316 Idem
1061 2286 1187 2339 sqq.,
1219 2272 1321 2329 quia
1345 2272 1413 2315 sic
1437 2282 1702 2320 constanter
1721 2277 1767 2321 id
1791 2295 1967 2325 nomen

84 2329 189 2377 cod.
241 2329 317 2375 dat
365 2334 582 2372 oreretur
634 2343 720 2387 pro
766 2328 986 2373 oriretur.
1060 2329 1290 2373 scribitur.
1350 2328 1468 2375 Edd.
1500 2339 1605 2376 vett.
1630 2333 1964 2395 Leucophrys·-

82 2386 194 2433 Mox
230 2387 536 2432 deminutum
578 2385 678 2430 edd.
721 2383 849 2430 Pich.
886 2402 986 2446 sqq.
1059 2401 1172 2439 noe,
1226 2402 1363 2445 quam
1408 2387 1681 2448 scripturam
1725 2392 1960 2440 Broterius

80 2447 373 2491 diminutum
404 2442 508 2492 edd.
543 2450 647 2488 vett.
697 2443 760 2489 cf.
794 2450 889 2487 not.
928 2443 985 2487 ad
1057 2443 1292 2489 revocavit
1313 2453 1356 2487 et
1378 2459 1401 2488 e
1422 2447 1621 2491 nummis
1641 2448 1855 2504 defendit,
1876 2452 1957 2513 qui

84 2509 127 2559 1,
151 2505 221 2550 14.
1056 2501 1222 2546 babent
1241 2500 1600 2561 Λευκοφρυήνη,

138 2562 253 2608 Car.
300 2559 373 2604 62.
432 2557 664 2604 prosterno
717 2557 983 2615 Magnete-e.
1107 2562 1323 2614 posthac.
1385 2561 1617 2606 Acidalius
1638 2565 1831 2610 malebat
1847 2575 1962 2622 post
2046 2590 2072 2619 ,-

80 2621 158 2667 Sic
179 2620 283 2666 cod.
300 2616 404 2661 MS·
429 2616 530 2663 edd.
546 2625 656 2663 vett.
673 2633 770 2677 sqq.
807 2617 843 2660 F
846 2617 984 2661 reins·
1056 2618 1166 2667 hos,
1215 2616 1425 2662 Heinsius
1452 2627 1568 2675 post
1603 2622 1716 2666 haec
1749 2622 1821 2670 vel
1845 2633 1962 2680 post

80 2678 230 2724 bunio
270 2683 313 2721 et
342 2674 547 2719 Acidalio
578 2674 868 2719 suadentibus
904 2689 981 2717 re-
1053 2676 1145 2717 has
1165 2690 1228 2718 sc.
1254 2674 1479 2730 civitates,
1518 2677 1613 2721 sine
1636 2678 1727 2724 ulla
1749 2682 1957 2727 mutandi

82 2735 304 2781 centiores
354 2738 587 2776 mutavere
645 2731 692 2775 in
746 2730 980 2785 proximi,
1054 2731 1336 2776 necessitate.

114 2791 298 2837 uoniam
320 2787 559 2834 antecessit
583 2788 737 2844 primi
761 2787 980 2831 omnium
1110 2789 1160 2830 in
1182 2790 1354 2845 parcis.
1414 2789 1490 2835 Sic
1520 2792 1622 2837 cod.
1648 2793 1750 2838 MS.
1773 2795 1842 2841 ed.
1864 2797 1953 2844 [ac.

0 2859 1 2882 ς
151 2848 277 2894 haia·
297 2847 476 2891 adiere.
537 2843 630 2890 sed
651 2844 816 2889 Noster
836 2845 884 2889 in
904 2852 979 2912 ta·
1054 2842 1266 2890 Gronov.
1290 2847 1341 2890 in
1355 2849 1541 2903 parteis·
1555 2850 1664 2895 edd.
1686 2851 1789 2899 Ber.
1814 2869 1915 2916 sqq.

77 2908 197 2954 libus
219 2904 390 2951 variare
414 2901 557 2957 solet,
587 2910 630 2947 et
651 2902 879 2957 proximo
903 2917 978 2946 m-
1110 2905 1339 2956 attulere,
1366 2907 1558 2949 laudati
1575 2915 1660 2952 ete.
1700 2908 1778 2956 Sic
1790 2910 1954 2967 -locum

0 2984 1 2987 ,
79 2965 259 3012 tellecta
285 2970 487 3022 tempore
519 2959 593 3006 vel
625 2961 726 3006 loco
763 2974 856 3003 non
888 2959 977 3003 mi·
1053 2958 1324 3061 interppnfo
1355 2978 1462 3063 {ml}
1488 2963 1955 3071 Besshwmaelgrgores

1287 3036 1310 3062 (3
1461 3036 1564 3066 eron
1620 3037 1672 3067 02
1802 3042 1952 3075 uere,

74 3079 224 3130 ximi:
253 3093 358 3123 narn
383 3076 603 3132 proximi
633 3075 706 3120 hic
735 3074 881 3120 etiam·
908 3075 979 3121 di·
1052 3074 1266 3118 Laudati
1295 3084 1383 3121 etc.
1455 3078 1545 3124 Sed
1574 3081 1858 3144 participium
1895 3085 1952 3132 ad

75 3146 242 3184 cuntur
283 3144 488 3193 tempore
529 3132 601 3179 vel
651 3133 774 3178 loco.
866 3133 977 3178 Mox
1052 3132 1244 3176 eandem
1274 3135 1469 3192 pettinet
1498 3138 1850 3187 enuntiationem
1881 3161 1949 3187 re-

76 3197 209 3240 etiam
251 3193 455 3254 sequitur
500 3193 699 3248 posthae
753 3198 798 3234 et
844 3192 977 3236 exin.
1050 3189 1272 3249 spicitque
1301 3191 1356 3235 ad
1388 3193 1654 3241 subiectum.
1715 3197 1949 3245 Acidalius

75 3252 215 3296 Plane
237 3249 304 3296 sic
323 3264 428 3293 nost
449 3249 749 3294 Demnacme
765 3252 974 3292 semum
1052 3246 1252 3291 voiebatz
1304 3252 1528 3304 attulere,
1579 3254 1827 3300 laudantis·
1858 3266 1946 3303 etc.

73 3310 177 3353 sich
233 3307 309 3351 die
359 3305 426 3350 ΔΙ.
480 3315 566 3351 etc.
632 3305 808 3351 brevius
864 3322 973 3365 prot,
1045 3303 1134 3348 Sed
1180 3305 1298 3350 idem
1339 3322 1497 3354 sensus
1538 3309 1652 3356 inest
1699 3314 1949 3372 scripturae

71 3367 344 3421 Magnetes,
411 3365 494 3421 qui
528 3365 755 3420 proximo
800 3366 973 3415 adiere,
1046 3362 1245 3421 vulgatae
1262 3396 1275 3416 ,
1307 3379 1392 3409 nec
1418 3373 1592 3424 tempus
1620 3369 1666 3414 in
1697 3372 1947 3419 laudantis

70 3424 345 3469 nitebamur
358 3429 444 3466 etc.
478 3420 684 3466 Heinsius
706 3419 810 3466 satis
832 3438 856 3466 e
874 3418 971 3465 lon·
1047 3419 1150 3465 loco
1173 3421 1278 3465 satis
1300 3425 1531 3469 convenit.

71 3478 240 3582 {inquo
274 3479 433 3540 repetit
468 3478 779 3524 coniecturam
819 3495 972 3524 suam:
1103 3476 1393 3523 Parthorum
1459 3482 1789 3538 inruptionem.
1880 3485 1944 3538 cf,

140 3540 376 3594 proximo.
457 3535 688 3581 Proxfmo
719 3536 792 3582 bic
822 3545 971 3581 exacte
1046 3535 1134 3579 1)ἱο
1154 3535 1225 3586 48,
1250 3536 1325 3582 26.
1780 3566 1783 3569 »
1954 3561 1958 3571 ·

1214 3597 1343 3658 82
