2222 4030
267 163 402 263 2⁵6
936 161 1457 262 ANNALIUM
1508 275 1510 277 ,
1806 192 1938 282 ''t-‚¹322
1962 202 2045 285 ⁷33²:

268 320 531 410 pugnam
547 351 656 407 pro
671 329 964 391 Romanis
987 331 1148 391 ciens
1169 331 1552 388 ostentandae
1565 376 1587 401 ,
1627 342 1694 390 ut
1713 333 1964 407 ferebat,
2006 337 2132 394 vir-
2218 380 2222 399 .

269 418 435 475 tutis:
492 416 595 472 sed
633 417 880 492 captivi,
931 437 1008 473 ne
1053 417 1443 474 incesseretur
1482 415 1646 486 telis,
1697 421 2132 491 agnoscendum
2218 424 2222 474 ,Σ

269 522 330 559 se
361 501 700 578 praebuisse
734 502 1078 577 arguebant.
1178 499 1499 558 Consultus
1534 521 1710 577 super
1744 523 1810 560 eo
1852 502 2132 563 Tiberius
2200 508 2201 511 ’

267 598 610 664 aspernatus
634 597 719 644 est
743 585 1032 643 indicium
1058 584 1320 661 aluitque
1346 586 1715 644 dubitatione
1741 589 1987 650 bellum.

434 669 629 759 XLII.
715 669 963 730 Interim
996 669 1211 727 Florus
1245 670 1515 729 insistere
1557 672 1894 745 destinatiS,
1953 675 2132 751 pelli-
2216 716 2222 732 .

267 776 397 816 cere
445 756 602 816 alam
652 757 949 835 equitum,
1013 775 1164 831 quae
1213 757 1544 832 conscripta
1589 755 1866 816 Treveris
1914 761 2133 818 militia

266 842 694 919 disciplinaque
719 853 919 899 nostra
941 836 1304 911 habebatur,
1343 853 1414 899 ut
1449 843 1630 899 caesis
1666 845 2133 918 negotiatoribus

263 926 556 988 Romanis
586 922 815 985 bellum
853 924 1167 1000 inciperet:
1209 927 1498 1002 paucique
1537 929 1801 1003 equitum
1850 933 2132 1007 corrupti,

263 1014 466 1091 plures
501 1013 566 1069 in
605 1011 796 1070 officio
841 1029 1129 1069 mansere.
1227 1005 1415 1068 Aliud
1455 1012 1666 1086 vulgus
1716 1015 2131 1073 obaeratorum

263 1111 368 1157 aut
409 1098 716 1156 clientium
759 1115 923 1153 arma
967 1095 1148 1171 cepit:
1213 1097 1609 1173 petebantque
1649 1099 1859 1170 saltuS,
1913 1102 2131 1178 quibus

263 1203 484 1242 nomen
525 1178 886 1251 Arduenna,
941 1200 1080 1238 cum
1119 1181 1379 1254 legiones
1426 1192 1681 1259 utroque
1727 1185 1813 1241 ab
1853 1187 2131 1256 exercitu,

265 1288 410 1347 quas
428 1267 712 1325 Visellius
747 1277 805 1322 et
827 1263 896 1327 C.
920 1265 1106 1325 Silius
1137 1267 1400 1323 adversis
1431 1266 1745 1326 itineribus
1776 1270 2131 1342 obiecerant,

255 1363 598 1412 arcuerunt.
678 1351 1154 1428 praemissusque
1184 1370 1319 1408 cum
1354 1352 1577 1410 delecta
1603 1375 1787 1412 manu
1811 1353 1999 1413 Iulius
2024 1355 2130 1413 In·-

262 1442 371 1497 dus
406 1459 437 1495 e
476 1437 711 1494 civitate
740 1438 972 1508 eadem,
1027 1438 1252 1494 discors
1285 1436 1466 1494 Floro
1506 1450 1563 1495 et
1600 1440 1678 1497 ob
1717 1440 1781 1497 id
1822 1442 2129 1498 navandae

260 1544 470 1600 operae
504 1522 765 1594 avidior,
806 1523 1175 1580 inconditam
1197 1523 1643 1580 multitudinem
1664 1520 1856 1582 adhuc
1881 1526 2129 1587 disiecit.

258 1609 475 1667 Florus
512 1608 752 1666 incertis
780 1607 1021 1666 latebris
1046 1608 1300 1665 victores
1323 1610 1635 1666 frustratus
1661 1621 1959 1686 postremo
1984 1613 2127 1669 visis

258 1695 578 1764 militibus,
619 1693 726 1771 qui
749 1693 965 1768 effugia
989 1694 1363 1765 insederant,
1399 1714 1504 1752 sua
1525 1715 1712 1754 manu
1740 1697 1970 1757 cecidit.
2039 1696 2131 1754 Is-

260 1799 376 1859 que
405 1778 710 1838 Treverici
738 1779 1028 1838 tumultus
1065 1778 1222 1841 finis,

425 1862 652 1925 XLIII.
738 1860 920 1941 Apud
953 1860 1196 1923 Aeduos
1230 1865 1425 1921 maior
1456 1865 1644 1922 moles
1670 1878 1895 1938 exorta,
1935 1881 2129 1946 quan-

259 1963 322 2010 to
386 1951 605 2011 civitas
652 1949 996 2027 opulentior
1059 1962 1117 2007 et
1182 1951 1614 2026 comprimendi
1676 1953 1886 2028 procul
1951 1972 2128 2030 prae-

257 2036 496 2096 sidium.
590 2030 1096 2110 Augustodunum
1128 2047 1302 2112 caput
1338 2036 1545 2109 gentiS.
1631 2039 1874 2104 armatis
1911 2034 2128 2096 cohor-

257 2122 418 2180 tibus
470 2119 748 2180 Sacrovir
800 2133 1187 2198 occupaverat
1241 2122 1747 2179 nobilissimarum
1792 2122 2125 2181 Galliarum

256 2287 323 2334 cf.
362 2287 491 2333 Cort.
532 2286 588 2329 ad
630 2284 748 2330 Plin.
791 2301 891 2346 epp.
935 2287 975 2339 5,
1007 2287 1048 2336 6,
1081 2286 1153 2330 34.
1283 2288 1446 2342 vulgus
1481 2289 1814 2331 obaeratorum
1851 2297 1937 2331 aut
1972 2289 2121 2332 clien-

257 2344 434 2390 Graece
459 2344 687 2403 ἐκφέρειν.
741 2343 950 2403 Xenoph.
976 2344 1081 2402 Cyr.
1114 2346 1156 2396 6,
1225 2347 1358 2387 tium.
1415 2344 1528 2388 Nam
1554 2345 1598 2388 hi
1624 2346 1670 2388 in
1696 2362 1743 2389 ea
1766 2361 1815 2389 re
1839 2345 2024 2405 obsequi
2050 2348 2123 2389 de·

258 2405 299 2457 1,
321 2403 364 2448 5.
393 2403 640 2453 atah-roffio
671 2399 730 2445 σὺ
760 2398 1017 2457 ἔτόλιιησας
1056 2403 1154 2452 ἔξε-
1225 2403 1392 2445 bebant
1406 2403 1705 2446 creditoribus
1720 2405 2009 2502 patronispue
2026 2419 2122 2447 mo-

255 2464 454 2520 νεγκεῖν.
486 2490 488 2496 r
524 2456 642 2503 Sunt
673 2458 753 2518 qui
783 2444 899 2503 male
935 2460 1154 2518 interpre·
1225 2467 1297 2501 tus
1332 2460 1611 2502 auctoribus.
1675 2461 1796 2505 Iuvat
1830 2478 1916 2504 con
1941 2477 2038 2504 erre
2067 2461 2122 2504 ad

254 2527 410 2565 tentur
435 2517 711 2574 aussuhren.
1225 2515 1270 2560 h.
1295 2515 1324 2559 l.
1368 2517 1494 2560 Caes.
1516 2517 1569 2559 Β.
1587 2517 1643 2560 G.
1669 2521 1706 2567 1,
1729 2519 1770 2561 4.
1804 2526 1846 2561 et
1869 2519 1909 2570 7,
1929 2518 2003 2564 40.

313 2579 624 2621 ostentandae
653 2603 668 2619 .
703 2605 718 2618 .
746 2575 945 2619 virtutis.
1041 2573 1150 2618 Vid.
1279 2575 1387 2615 visis
1426 2575 1664 2618 militibus.
1749 2575 2009 2619 Ernestium
2062 2577 2120 2619 la-

253 2642 350 2681 not.
375 2634 431 2679 ad
451 2633 495 2686 2,
516 2632 588 2676 59.
1222 2630 1575 2674 tinitatimeliori
1597 2633 1828 2676 adsuetum
1846 2633 2031 2678 offendit
2056 2635 2120 2675 vi-

279 2713 282 2720 s
311 2692 616 2736 dubitatione.
691 2687 891 2747 ἀπορίᾳ,
941 2697 992 2734 ut
1030 2688 1151 2733 Plin.
1220 2690 1283 2732 sis
1312 2687 1386 2731 hie
1417 2695 1461 2729 et
1490 2687 1604 2732 Hist.
1635 2689 1677 2739 3,
1707 2690 1780 2732 62.
1828 2693 1929 2733 visa
1967 2695 2121 2734 caede.

218 2756 220 2758 ’
255 2766 355 2811 epp.
387 2751 458 2797 10.
491 2748 589 2792 120.
623 2761 738 2804 rogo
773 2763 906 2803 ergo,
945 2755 998 2790 ut
1027 2749 1153 2789 dubi·
1221 2744 1432 2788 Heinsius
1446 2746 1538 2788 vult
1553 2749 1680 2790 visus
1693 2747 2118 2807 mz'litibus‚·Wop-

253 2809 483 2852 tationem
511 2819 672 2848 meam
701 2820 865 2860 regere
895 2835 960 2850 ...
992 2807 1151 2859 digne-
1223 2802 1347 2846 kens.
1386 2804 1546 2845 obvius
1584 2805 1818 2847 militibus.
1899 2806 1987 2849 Sed
2023 2821 2117 2848 non

251 2868 337 2909 ris.
396 2863 564 2907 Noster
599 2862 706 2906 infr.
739 2863 783 2915 6,
812 2862 883 2907 43.
923 2876 1152 2919 oppressa
1223 2860 1376 2912 video,
1403 2875 1517 2917 quae
1539 2861 1596 2904 sit
1619 2860 1811 2905 latinitas
1835 2862 1906 2906 illa
1928 2863 2119 2912 melior:

253 2922 574 2966 cunctantium
618 2921 873 2972 dubitatio5
921 2921 962 2969 1,
996 2921 1038 2963 7.
1082 2920 1150 2961 in-
1221 2934 1324 2960 nam
1356 2917 1517 2961 eodem
1557 2919 1696 2962 modo
1737 2920 1896 2977 optimi
1928 2921 2117 2979 scripto·

252 2982 444 3023 ductam
471 2979 824 3021 dubitationem.
887 2978 1150 3020 Unschlizs-
1220 2991 1293 3018 res
1315 2975 1359 3018 id
1383 2976 1574 3020 verbum
1599 2986 1791 3034 ponunt.
1852 2977 1979 3037 Virg.
2000 2981 2115 3021 Aen.
2203 3017 2205 3020 ,

250 3037 442 3092 sigbot,
490 3035 882 3078 Bedenklichkeit.
950 3034 1069 3078 Nam
1114 3035 1151 3078 si
1224 3034 1263 3081 1,
1295 3032 1394 3077 326.
1423 3035 1555 3076 nulla
1586 3042 1776 3076 tuarum
1809 3038 1973 3079 audita
2001 3035 2119 3077 mihi

251 3093 550 3139 Sacrovirum
598 3093 852 3152 opprimere
896 3108 989 3135 non
1023 3091 1150 3135 dubi·
1220 3104 1372 3146 neque
1406 3092 1505 3132 visa
1534 3105 1771 3134 sororum.
1844 3091 1925 3135 Sic
1956 3094 2017 3136 ibi
2049 3109 2114 3134 re-

252 3158 409 3203 tasset,
460 3150 565 3193 belli
601 3159 833 3194 auctorem
871 3158 914 3193 et
944 3165 1050 3193 cum
1093 3165 1148 3192 eo
1220 3149 1435 3204 spondet,
1486 3149 1563 3205 qui
1606 3147 1754 3191 fuerat
1799 3149 2113 3207 interrogatus,

250 3209 423 3254 bellum
443 3206 592 3265 ipsum
615 3207 891 3251 abolevisset.
1219 3221 1332 3247 num
1352 3204 1532 3247 vidisset
1551 3205 1607 3247 ali
1643 3221 1746 3248 uam
1769 3221 2000 3250 sororum.
2045 3208 2111 3251 lb.

310 3265 423 3310 CAP.
454 3264 528 3306 42.
609 3267 835 3320 pellicere.
924 3262 1146 3307 Absolute
1223 3264 1290 3310 10,
1322 3262 1419 3308 787.
1460 3263 1554 3305 viso
1623 3265 1834 3317 yrrhem·
1865 3267 2110 3318 sanguine.

253 3323 466 3385 ponitur,
506 3329 558 3363 ut
590 3325 628 3373 1,
648 3324 690 3365 2.
732 3322 775 3371 4,
798 3322 840 3365 3.
883 3323 950 3370 12,
972 3321 1015 3365 3.
1048 3337 1145 3364 non
1220 3318 1359 3363 Ovid.
1381 3320 1492 3362 Met.
1518 3319 1586 3371 12,
1605 3319 1707 3362 220.
1743 3322 1826 3363 tibi
1841 3330 2004 3376 pectus
2025 3325 2108 3365 vir·

254 3381 403 3426 addita
426 3395 477 3423 re
491 3378 564 3425 vel
585 3379 813 3432 facinore,
836 3379 891 3423 ad
914 3395 1048 3437 quam
1072 3377 1146 3424 vel
1216 3379 1324 3432 gine
1344 3377 1439 3419 visa
1459 3380 1612 3420 ardet.

253 3439 392 3499 quod.
565 3447 569 3453 '
1276 3434 1389 3478 CAP.
1425 3432 1496 3477 43.
1553 3437 1943 3489 Augustodunum
1974 3445 2111 3492 caput

311 3498 455 3540 caesis
481 3494 861 3551 negotiatoribus.
921 3495 1027 3539 vid.
1050 3502 1146 3538 not.
1216 3494 1377 3546 gentis.
1434 3494 1638 3535 armatis
1665 3508 1700 3535 c.
1723 3493 1772 3536 S.
1805 3502 2112 3546 occupaverat

254 3555 309 3598 ad·
327 3555 370 3607 2,
390 3554 463 3598 62.
1216 3550 1612 3594 nobilz'ssimarum
1645 3550 1704 3594 G.
1737 3559 1825 3595 etc.
1897 3551 1973 3596 Sic
2002 3551 2107 3596 eod.
