2222 4030
195 168 422 208 huam.

195 212 316 251 ue.
357 213 427 248 πο.
657 170 836 236 LIB.
870 169 947 235 V.
1022 169 1222 237 CAP.
1263 175 1324 238 3.
1361 173 1424 238 4.
1824 175 1975 237 «367

109 306 229 366 bat.
313 307 381 363 in
414 322 638 363 nurum
672 323 752 360 ne
772 287 838 360 id
858 299 1104 381 quidem
1127 302 1462 378 confingere
1483 321 1661 362 ausus
1681 302 1977 379 adrogan-

106 390 253 447 tiam
286 391 409 448 oris
443 402 503 449 et
532 399 940 446 contumacem
970 385 1238 446 animum
1270 387 1590 460 incusavit,
1629 407 1848 464 magno
1883 408 1978 446 se-

106 487 283 533 natus
331 495 550 553 pavore
597 493 663 531 ac
711 473 980 544 silenti0‚
1013 467 1220 530 'donec
1252 473 1463 547 pauci,
1513 473 1647 551 quis
1690 474 1859 532 nulla
1904 494 1974 532 ex

107 557 357 618 honesto
411 579 544 637 spes
595 554 683 636 (et
730 557 969 634 publica
994 557 1150 615 mala
1201 556 1449 630 singulis
1498 559 1565 616 in
1606 560 1976 618 occasionem

107 647 329 719 gratiae
351 642 718 722 trahuntur),
748 654 817 700 ut
843 643 1176 712 referretur,
1215 642 1609 719 postulavere,
1647 644 1975 722 promptis-

106 731 254 788 simo
280 729 453 790 Cotta
476 728 857 799 Messallin0‚
899 749 1035 785 cum
1064 726 1249 806 atroci
1273 729 1578 789 sententia.
1634 731 1739 787 sed
1772 730 1905 787 aliis
1936 749 1973 788 a

102 816 468 891 primoribus
524 814 896 891 maximeque
953 834 988 870 a
1038 812 1480 887 magistratibus
1534 815 1970 891 trepidabatur:

104 901 323 976 quippe
370 900 655 958 Tiberius
711 899 821 957 etsi
871 899 1100 958 infense
1154 898 1421 957 invectus
1463 909 1655 957 cetera
1694 901 1972 977 ambigua

104 986 444 1064 reliquerat.

272 1095 378 1159 IV.
452 1095 595 1155 Fuit
630 1097 696 1153 in
746 1107 953 1155 senatu
981 1093 1192 1155 Iunius
1219 1093 1502 1157 Rusticus
1545 1099 1971 1174 componendis

100 1193 337 1258 patrum
362 1182 507 1240 actis
540 1182 800 1239 delectus
832 1203 866 1239 a
891 1179 1140 1240 Caesare
1175 1203 1362 1260 eoque
1392 1182 1806 1242 meditationes
1841 1184 1971 1243 eius

99 1268 487 1344 introspicere
530 1267 812 1326 creditus:
882 1267 933 1324 is
982 1267 1151 1325 fatali
1207 1269 1467 1346 quodam
1520 1279 1691 1326 motu
1747 1265 1968 1347 (neque

100 1354 263 1410 enim
291 1364 426 1411 ante
462 1353 759 1429 specimen
793 1353 1159 1410 constantiae
1188 1350 1456 1433 dederat)
1491 1373 1596 1412 seu
1627 1374 1811 1431 prava
1847 1355 1971 1412 sol-

97 1438 306 1507 lertia‚·
334 1439 480 1496 dum
507 1437 948 1495 imminentium
973 1438 1194 1495 oblitus
1224 1439 1448 1497 incerta
1469 1450 1671 1516 pavet,
1707 1440 1968 1498 inserere

96 1544 158 1581 se
192 1524 603 1582 dubitantibus
637 1543 703 1580 ac
739 1543 984 1580 monere
1019 1524 1320 1595 consules»,
1375 1545 1452 1582 ne
1485 1524 1833 1583 relationem
1869 1526 1969 1583 in-

97 1609 387 1685 ciperent:
432 1608 872 1686 disserebatque
895 1609 1177 1667 brevibus
1200 1609 1516 1667 momentis
1538 1630 1769 1669 summa
1787 1611 1966 1669 verti:

95 1715 263 1770 posse
311 1697 669 1772 quandoque
707 1692 1052 1752 Germanici
1096 1695 1343 1753 exitium
1391 1696 1792 1772 poenitentiae
1839 1715 1965 1755 esse

95 1780 242 1843 seni.
357 1779 553 1839 Simul
604 1779 863 1857 populus
916 1779 1136 1855 effigies
1177 1776 1543 1858 Agrippinae
1597 1802 1665 1839 ac
1710 1780 1967 1841 Neronis

1060 2015 1395 2060 meditationis.
1472 2015 1705 2061 Victorius
1746 2015 1795 2061 in
1822 2032 1860 2062 s.
1896 2033 1964 2062 ex.

1060 2088 1183 2118 corr.
1212 2074 1564 2118 meditationes·

1118 2145 1261 2187 verti:
1283 2158 1424 2197 posse
1448 2147 1728 2214 quandoque
1751 2144 1963 2189 Germa-

1058 2202 1155 2245 nici
1174 2202 1379 2244 exitium
1393 2202 1710 2256 poenitentzae
1728 2216 1827 2247 esse
1845 2204 1961 2247 seni.

140 2029 317 2069 pavore
342 2031 399 2058 ac
422 2014 621 2058 silentio.
679 2013 814 2059 Roth.
845 2030 888 2074 p.
914 2014 988 2059 26.

87 2070 221 2115 habet
261 2072 380 2116 inter
420 2072 540 2115 dicta
613 2089 664 2115 er
704 2071 779 2130 fig.
823 2070 874 2117 ἓν
908 2071 988 2117 διὰ

87 2129 238 2174 δυοῖν.
286 2130 376 2173 Sed
400 2128 484 2173 nisi
509 2129 566 2173 sa!
590 2147 660 2180 or,
686 2129 760 2173 hic
783 2130 875 2174 duo
898 2146 987 2190 po-

87 2187 177 2231 tius
210 2195 314 2231 suut
357 2186 693 2245 distinguenda,
748 2189 848 2246 quis
886 2197 986 2232 tum

86 2252 269 2289 senatus
299 2243 485 2302 insignis
517 2244 627 2297 suit,
660 2259 818 2301 pavor
837 2260 892 2289 ac
918 2245 987 2289 si-

86 2304 310 2355 lentium3
336 2318 594 2369 quanquam
623 2319 716 2346 non
741 2319 856 2362 nego
875 2302 985 2348 haec

86 2358 224 2403 suine
255 2369 528 2409 coniuncta,
559 2376 771 2419 pavorem
793 2372 898 2406 cum
918 2359 983 2405 ai-

87 2415 228 2462 lentio
250 2426 293 2461 et
315 2434 422 2463 cum
445 2433 614 2477 pavore
635 2417 881 2463 silentium.

140 2516 251 2547 eum
280 2502 440 2544 atroci
465 2505 713 2546 sententia.
788 2501 984 2561 Langius

83 2557 132 2602 in
154 2557 329 2605 dissert.
353 2574 441 2626 qua
467 2559 588 2604 dialo
621 2577 699 2603 um
722 2559 778 2604 de
797 2559 984 2605 Orator.

82 2615 240 2660 Tacito
262 2615 459 2660 vindicat
480 2618 559 2673 (es.
618 2626 687 2661 cta
711 2618 871 2661 semin.
888 2635 937 2661 re
971 2648 985 2662 .

82 2682 125 2717 et
146 2671 301 2718 sodet.
321 2672 476 2731 philol.
498 2671 616 2741 Lips.
649 2674 752 2717 Vol.
772 2675 806 2718 Ι.
835 2691 879 2732 p.
894 2633 983 2731 808.)

81 2730 190 2775 baec
212 2730 344 2774 verba
366 2729 693 2789 ineptissimum
717 2730 826 2775 dicit
850 2731 985 2775 addi-

82 2796 333 2832 tamentum
369 2804 463 2832 cue
496 2805 521 2831 e
550 2789 651 2834 loco
680 2789 723 2838 6,
757 2788 798 2832 5.
830 2789 980 2833 intru-

80 2860 207 2895 sum.
241 2844 318 2888 ubi
342 2842 476 2892 Cotta
494 2844 631 2891 Meu.
660 2846 785 2890 audit
813 2845 978 2891 saevi·-

81 2903 221 2947 simae
261 2903 477 2961 cuiusque
520 2905 769 2948 sententiae
803 2912 978 2948 auctor.

79 2959 170 3004 Sed
193 2974 368 3009 vereor.
395 2970 442 3005 ut
467 2961 615 3006 locum
642 2961 747 3006 satis
767 2970 978 3006 accurate

81 3018 373 3078 perspexerit.
458 3018 575 3061 Cum
616 3034 710 3063 non
750 3018 918 3078 pendet
953 3036 979 3063 e

79 3092 194 3123 voce
227 3077 607 3131 promptissimo,
660 3074 739 3119 aed
785 3074 912 3122 locu·
953 3092 977 3120 e

80 3142 292 3178 contextu
316 3133 592 3193 supplendus
612 3142 675 3178 est
699 3133 789 3178 sic:
815 3150 974 3191 prom-

113 3189 282 3235 tissimo
307 3190 436 3235 Cotta
464 3189 707 3235 Messalino
734 3192 789 3235 ad
817 3200 974 3250 postu-

96 3248 256 3291 andam
277 3249 540 3293 relationem
565 3263 754 3316 eamque
772 3249 973 3308 postula-

77 3305 143 3350 vit
179 3321 285 3349 cum
328 3307 471 3351 atroci
500 3314 737 3351 sententia.
811 3306 874 3351 lta
908 3306 973 3351 nit

77 3362 215 3422 inepti
237 3371 454 3423 superest.
944 3372 950 3378 ’

132 3459 247 3503 ΟΜ».
270 3461 311 3503 4.
371 3462 717 3506 meditationes.
758 3462 814 3505 ,E
838 3463 970 3507 casti-

74 3518 252 3579 gatione
268 3516 488 3564 Rhenani.
521 3518 635 3564 Edd.
649 3520 856 3566 Beroald.
870 3520 972 3567 Alc.

1059 2257 1174 2303 Cod.
1199 2258 1302 2302 MS.
1337 2258 1439 2302 edd.
1467 2257 1678 2304 Beroald.
1702 2259 1802 2304 Alc.
1834 2260 1962 2303 verti

1051 2330 1188 2371 posse
1223 2319 1503 2373 quandoque
1535 2316 1838 2363 Germanicis
1871 2318 1960 2362 Te·-

1058 2373 1180 2416 tium
1210 2375 1527 2426 poenitentiae
1558 2374 1698 2419 semis.
1757 2374 1961 2431 (Maius-

1058 2429 1159 2476 cula
1196 2430 1342 2474 littera
1365 2431 1413 2474 T
1434 2432 1483 2475 in
1504 2431 1685 2476 Titium
1714 2430 1835 2491 apud
1864 2432 1955 2477 Be-

1056 2487 1266 2532 roaldum
1299 2497 1390 2538 est,
1430 2503 1527 2532 non
1556 2488 1617 2532 ita
1639 2489 1685 2534 in
1708 2488 1814 2534 cod.
1834 2488 1957 2550 MS.)

1057 2544 1189 2601 Quae
1221 2545 1442 2603 scriptura
1477 2560 1620 2605 quum
1659 2553 1814 2607 aperta
1848 2563 1956 2593 cor·

1055 2602 1260 2661 ruptelae
1300 2602 1480 2660 vestigia
1517 2602 1787 2662 praeferret,
1828 2602 1954 2650 Rhe-

1053 2673 1200 2703 nanus
1249 2659 1509 2705 emendavit
1560 2659 1791 2722 ediditque
1819 2677 1954 2708 eum

1056 2715 1180 2759 Aldo
1204 2717 1293 2760 sic:
1332 2717 1457 2760 verti
1469 2731 1624 2774 posse,
1648 2721 1956 2778 dandumque

1054 2775 1359 2817 interstitium
1425 2776 1746 2830 poenitentiae
1807 2780 1953 2824 senis.

1053 2830 1226 2889 Lipsius
1250 2831 1509 2901 proposuitz
1525 2834 1973 2892 dandumque-Gen.

1050 2889 1273 2941 manicis,
1326 2890 1639 2935 interstitium
1696 2890 1798 2948 (vel
1836 2906 1862 2937 e

1051 2949 1193 3001 tium)
1228 2947 1548 3002 poenitentioe
1574 2950 1716 2995 seni&
1787 2949 1844 2995 lis
1877 2964 1952 2995 em

1050 3003 1201 3048 verbis
1226 3003 1366 3049 utitur
1380 3002 1689 3057 Boxhornius,
1718 3006 1803 3052 nisi
1825 3008 1950 3076 quod

1048 3061 1450 3119 legitGermanico.
1463 3060 1740 3108 Sententiam
1754 3064 1950 3110 sacrante

1046 3122 1133 3162 hoc
1174 3119 1339 3162 deberi
1367 3119 1645 3165 Germanici
1678 3124 1950 3176 memoriae,

1049 3184 1100 3219 ut
1121 3177 1331 3231 epatium
1356 3177 1626 3234 relinquant
1638 3194 1780 3235 poen.
1802 3182 1948 3226 sentis.

1048 3233 1279 3277 Ernestius
1309 3234 1528 3279 coniecit:
1574 3238 1876 3295 dandumque
1897 3240 1949 3283 in

1050 3290 1344 3336 Ger-temnitis
1381 3292 1591 3347 opatt'um
1627 3294 1948 3350 poenitentiae

1045 3349 1189 3393 senis.
1247 3346 1483 3394 titinnius:
1513 3354 1824 3408 dandumque
1853 3355 1943 3397 do-

1045 3405 1152 3448 mui
1177 3404 1454 3465 Germanioi
1483 3408 1797 3452 interstitium
1823 3425 1942 3467 poe-

1042 3463 1273 3508 nitentiae
1287 3464 1464 3518 mitis.
1514 3466 1773 3511 Broteriun
1796 3482 1943 3538 quan·

1043 3523 1193 3579 doque
1214 3520 1488 3569 Germanici
1499 3524 1708 3580 stirpem,
1739 3525 1815 3569 ubi
1835 3538 1942 3583 epa-
