2222 4030
1705 229 1711 234 ν
1785 183 1839 263 2:
1857 184 1911 265 3:
1931 185 2016 266 Ἓξ.

245 193 373 254 366
876 214 879 221 «
917 183 1433 247 ANNALIUM

243 323 378 384 fuit.
463 319 700 377 laudata
725 327 812 375 est
831 337 942 394 pro
967 317 1173 376 rostris
1194 335 1228 372 a
1248 312 1316 376 C.
1330 312 1578 373 Caesare
1600 330 1957 395 pronepote,
1995 320 2102 397 qui

244 428 383 466 mox
408 424 610 464 rerum
630 403 855 478 potitus
877 414 981 465 est.

414 487 495 550 II.
552 484 636 546 At
659 486 969 558 TiberiuS,
1007 485 1168 564 quod
1204 485 1493 561 supremis
1523 485 1590 541 in
1619 489 2104 547 matremofficiis

246 575 526 636 defuisset
558 569 716 630 nihil
749 584 973 631 mutata
1007 569 1360 628 amoenitate
1397 571 1581 642 vitae,
1632 574 2106 647 magnitudinem

243 660 618 736 negotiorum
644 677 752 734 per
776 658 999 716 litteras
1023 655 1344 713 excusavit:
1386 652 1760 734 honoresque
1786 660 2106 717 memoriae

246 748 375 805 eius
399 747 473 803 ab
498 754 705 802 senatu
726 743 886 818 large
915 743 1176 799 decretos
1199 741 1368 817 quasi
1387 762 1494 818 per
1507 744 1873 807 {modestiam
1904 745 2108 801 immi-

245 832 384 890 nuit
433 829 636 907 paucis
679 828 1002 886 admodum
1035 826 1283 902 receptis
1306 870 1324 897 ‚
1381 838 1438 884 et
1477 827 1677 885 addito
1732 850 1808 885 ne
1843 830 2108 887 coelestis

244 916 455 991 religio
487 916 923 973 decerneretur:
965 910 1048 968 sic
1074 911 1262 986 ipsam
1286 911 1583 971 maluisse.
1670 913 1819 989 quin
1854 927 1912 972 et
1941 926 2107 990 parte

247 1002 514 1061 eiusdem
545 999 821 1076 epistolae
852 996 1148 1072 increpuit
1191 995 1480 1054 amicitias
1513 996 1832 1055 muliebres
1873 997 2110 1058 Fufium

247 1087 549 1146 consulem
588 1084 827 1159 oblique
858 1082 1278 1157 perstringens,
1364 1079 1422 1138 Is
1454 1082 1639 1156 gratia
1665 1079 1965 1158 Augustae
1995 1085 2111 1141 flo-
2142 1084 2148 1091 ’

246 1183 446 1232 ruerat
481 1182 649 1246 aptus
685 1165 1033 1227 adliciendis
1068 1167 1430 1224 feminarum
1463 1167 1706 1237 animiS‚
1749 1170 1917 1227 dicax
1951 1171 2111 1226 idem

249 1270 307 1317 et
346 1256 659 1316 Tiberium
706 1252 931 1309 acerbis
978 1251 1205 1310 facetiis
1249 1252 1508 1309 inridere
1559 1253 1796 1325 solitUS‚
1856 1275 2109 1333 quarum

245 1343 406 1420 apud
432 1349 840 1416 praepotentes
868 1337 935 1394 in
958 1338 1204 1412 longum
1228 1338 1514 1395 memoria
1539 1349 1643 1398 est.

417 1423 528 1485 III.
583 1421 861 1482 Ceterum
887 1443 955 1480 ex
981 1443 1048 1480 eo
1076 1436 1391 1500 praerupta
1419 1422 1540 1480 iam
1575 1435 1632 1481 et
1668 1444 1884 1499 urgens
1916 1426 2111 1484 domi-

247 1513 430 1572 nati0.
526 1529 669 1566 nam
717 1508 1012 1565 incolumi·
1040 1504 1308 1583 Augusta
1355 1521 1478 1566 erat
1522 1506 1718 1567 adhuc
1757 1513 2113 1586 perfugium,

247 1598 387 1676 quia
399 1594 646 1652 Tiberio
671 1594 1064 1651 inveteratum
1090 1614 1224 1669 erga
1248 1605 1498 1651 matrem
1523 1596 1893 1672 obsequium,
1918 1617 2112 1674 neque

247 1683 499 1743 Seianus
525 1681 779 1737 audebat
799 1679 1136 1737 auctoritati
1162 1680 1419 1756 parentis
1447 1680 1688 1740 anteire.
1775 1692 1917 1739 tunc
1948 1683 2114 1740 velut

245 1767 431 1826 frenis
471 1764 723 1822 exsoluti
762 1777 1190 1841 proruperunt:
1248 1765 1574 1842 missaeque
1618 1766 1684 1821 in
1718 1761 2113 1843 Agrippinam

204 1845 206 1849 '
246 1874 315 1911 ac
343 1851 643 1910 Neronem
680 1850 934 1920 litterae,
1001 1871 1147 1928 quas
1184 1851 1421 1927 pridem
1462 1851 1686 1908 adlatas
1724 1863 1781 1909 et
1822 1849 2114 1910 cohibitas

247 1939 324 1996 ab
371 1932 639 2011 Augusta
679 1935 931 1993 credidit
967 1937 1207 2010 vulgus:
1262 1932 1426 1994 haud
1473 1939 1633 1993 enim
1677 1938 1935 1995 multum
1979 1949 2115 2014 post

248 2035 499 2080 mortem
556 2022 682 2078 eius
731 2021 1006 2079 recitatae
1059 2034 1212 2082 sunt.
1321 2022 1504 2078 verba
1561 2022 1797 2080 inerant
1851 2025 2114 2100 quaesita

173 2143 179 2153 ν
249 2108 585 2183 asperitate:
654 2107 758 2163 sed
807 2126 931 2164 non
977 2127 1168 2178 arma,
1231 2127 1356 2164 non
1402 2128 1603 2164 rerum
1652 2128 1944 2166 novarum
1988 2120 2115 2166 stu-

249 2193 445 2251 dium:
494 2212 721 2250 amores
753 2192 1039 2250 iuvenum
1073 2203 1130 2252 et
1153 2192 1582 2269 impudicitiam
1620 2193 1823 2270 nepoti
1857 2194 2116 2252 obiecta-

307 2422 422 2467 CAP.
456 2420 499 2466 2.
574 2422 808 2475 supremis
850 2422 899 2464 in
941 2428 1144 2464 matrem
1219 2438 1339 2480 ceps.
1419 2423 1511 2467 Sed
1554 2439 1750 2478 vergens
1790 2431 1888 2467 tum
1929 2422 2115 2482 quidem

252 2481 430 2552 officiis.
481 2478 607 2522 Suet.
629 2478 735 2521 Tib.
759 2478 789 2522 l.
811 2479 842 2522 l.
898 2478 990 2522 Dio
1016 2479 1084 2530 58,
1102 2480 1146 2523 2.
1217 2480 1407 2523 minime
1460 2481 1734 2531 dominatio,
1791 2481 1868 2524 sed
1915 2480 1964 2523 in
2018 2480 2114 2523 dies

253 2537 359 2583 ούτε
389 2537 635 2589 ,νοσοῦσαν
667 2537 984 2592 ἐπεσκέψατο,
1041 2533 1141 2581 οὔτ’
1220 2553 1446 2581 crescens.
1516 2538 1626 2581 Mox
1661 2538 1902 2597 Rupertius
1937 2537 2114 2581 mavult

250 2592 753 2644 ἀποθανοῦσαναῦτός
770 2597 1013 2652 προέθετο.
1212 2603 1522 2651 proruerunt.
1594 2596 1685 2638 Sed
1716 2595 1777 2640 cf.
1815 2597 1854 2649 1,
1875 2594 1932 2639 63
1963 2603 2004 2639 et
2038 2593 2111 2639 65.

311 2655 564 2698 excusavit.
652 2652 756 2696 Vid.
809 2661 906 2697 not.
955 2651 1011 2695 de
1219 2660 1262 2696 et
1289 2661 1383 2696 not.
1409 2653 1468 2695 ad
1496 2653 1532 2704 1,
1553 2653 1624 2697 68.

252 2711 396 2760 verbo
428 2711 482 2754 ad
515 2711 554 2762 1,
580 2710 650 2754 58.
1275 2718 1322 2752 et
1353 2710 1596 2754 cohibitas.

309 2769 554 2824 epistolae.
610 2767 727 2810 Edd.
756 2767 859 2811 Ber.
875 2766 978 2811 Ale.
998 2766 1145 2811 Rhen.

1058 2650 1148 2696 hoc

1676 2709 1908 2754 Acidalius
1945 2725 2031 2767 pro
2068 2717 2115 2752 et

1220 2767 1414 2812 malebat
1444 2771 1539 2811 sed.
1604 2767 1716 2811 Vide
1748 2777 1900 2811 tamen
1928 2776 2025 2811 not.
2057 2767 2113 2810 ad

251 2827 356 2870 Ald.
397 2827 623 2881 epistulae
645 2842 668 2868 e
694 2826 797 2869 cod.
817 2818 949 2874 MS.',
982 2826 1046 2867 uti
1067 2841 1149 2868 so-

253 2883 372 2983 len6t,
410 2890 468 2983 gt
513 2883 580 2928 sic
613 2881 818 2940 inscript.
854 2899 924 2942 ap.
959 2882 1145 2927 Gruter.

251 2957 280 3000 p
324 2997 438 3041 CAP.
475 2997 518 3041 3.
600 3007 880 3054 praerupta.
972 2996 1147 3041 Graece

253 3051 505 3112 ἀπότομος,
539 3055 610 3099 cui
626 3054 846 3098 vocabulo
864 3054 979 3099 illud
996 3063 1146 3098 exacte

252 3112 508 3168 respondet.
572 3114 630 3155 cf.
655 3113 722 3164 16,
746 3114 788 3156 7.
817 3116 982 3156 animo
1001 3128 1148 3168 prae-

253 3178 464 3225 ruptam.
521 3167 615 3212 Cic.
642 3186 708 3228 pr.
731 3169 866 3215 Rosc.
890 3172 992 3214 Ani.
1019 3187 1058 3214 c.
1074 3168 1146 3213 24.

249 3233 507 3282 praerupta
525 3228 740 3270 audacia.

311 3298 497 3340 urgens.
575 3283 734 3342 Vin-gil.
770 3284 940 3345 Georg.
976 3286 1015 3338 1,
1047 3285 1145 3328 146.

253 3355 426 3396 urgens
461 3348 653 3397 egestas.
716 3341 810 3386 Cic.
840 3342 978 3388 Tusc.
1012 3343 1054 3392 3,
1073 3341 1144 3385 25.

254 3413 425 3453 urgens
475 3401 674 3442 malum.
760 3399 933 3443 Similia
985 3401 1147 3458 passim

254 3457 371 3513 apud
394 3456 623 3499 Nostrum.
681 3455 855 3514 Lipsius
886 3458 1001 3501 male
1030 3474 1147 3501 con-

253 3512 357 3558 iecit
379 3527 584 3567 vergens,
613 3522 663 3559 ut
685 3520 798 3558 esset
817 3515 992 3567 cadens,
1014 3531 1149 3575 prae-

1220 2828 1259 2878 1,
1283 2824 1351 2868 13.
1377 2825 1460 2868 sub
1487 2841 1617 2870 voce.
1649 2825 1842 2868 avidum
1877 2824 2112 2868 ec‘mino—

1219 2899 1323 2926 rem
1334 2899 1350 2933 ;
1388 2884 1430 2934 4,
1447 2883 1518 2926 71.
1541 2891 1721 2926 veteres
1742 2891 1788 2925 et
1804 2896 2111 2937 praegraves.

1276 2942 1494 2983 multum.
1541 2940 1750 2984 Heinsius
1766 2940 1976 2999 corrigit:
1995 2941 2113 2982 mul-

1218 3006 1284 3042 to.
1351 2997 1596 3054 Per-peram
1642 3006 1684 3040 et
1721 3006 1880 3042 contra
1915 2997 2114 3042 latinita-

1217 3065 1324 3100 tem.
1403 3056 1517 3098 Nam
1559 3055 1758 3098 formula
1791 3057 1920 3097 haud
1961 3057 2113 3097 multo

1212 3121 1320 3168 post
1360 3129 1442 3170 per
1481 3129 1528 3156 se
1571 3121 1746 3156 constat
1793 3114 1937 3167 (nicht
1969 3115 2113 3164 lange

1217 3172 1463 3225 nachher).
1526 3170 1586 3214 ef.
1615 3175 1653 3221 1,
1675 3171 1716 3213 5.
1738 3170 1808 3212 27.
1831 3170 1902 3212 44.
1927 3170 1999 3212 57.
2061 3168 2112 3211 Si

1219 3227 1400 3272 additur
1438 3228 1678 3279 terminus,
1719 3235 1819 3285 post
1851 3243 2008 3285 quem,
2047 3227 2111 3268 uti

1217 3285 1291 3328 hic
1316 3293 1425 3340 post
1457 3292 1680 3333 mortem,
1717 3288 1867 3326 multo
1900 3301 1995 3327 non
2027 3284 2108 3326 ha-

1216 3342 1294 3385 bet
1317 3343 1486 3386 locum.
1546 3341 1724 3385 Etenim
1750 3345 1899 3385 multo
1923 3357 2112 3398 compa-

1218 3400 1439 3442 rationem
1492 3398 1707 3448 instituit,
1772 3407 1938 3457 quanto
1988 3407 2114 3456 post;

1218 3460 1425 3500 multum
1448 3472 1704 3500 mensuram
1732 3457 1946 3514 temporis
1969 3457 2112 3513 signi-

1217 3514 1342 3566 ficat,
1373 3523 1592 3574 quantum
1616 3523 1717 3573 post
1737 3513 1932 3572 aliquam
1956 3530 2069 3557 rem.
