2222 4030
0 2825 12 2881 ἰ

0 2891 17 2941 Υ

574 927 1556 1002 PRAEFATIO.

952 1106 1185 1120 ψ

381 1297 426 1358 1.
515 1313 601 1356 DE
656 1294 726 1358 C.
779 1291 1180 1354 CORNELII
1235 1290 1525 1353 TACITI
1589 1309 1764 1355 vrrA.

311 1471 362 1549 ἓ.
406 1473 461 1533 1.
534 1467 637 1528 De
671 1469 913 1527 nomine
961 1466 1097 1525 viri.
1199 1466 1273 1525 In
1319 1469 1616 1526 veteribus
1660 1469 1831 1527 libris
1883 1468 2012 1547 ple-

136 1578 388 1635 rumque
415 1557 635 1614 dicitur
661 1550 991 1615 Cornelius
1016 1549 1278 1611 Tacitus
1307 1555 1695 1629 praenomine
1723 1551 2009 1630 neglecto.

137 1645 235 1701 Sic
273 1644 428 1719 apud
464 1641 730 1700 Plinium
768 1642 834 1698 in
877 1640 1366 1716 inscriptionibus
1407 1640 1819 1714 epistolarum,
1862 1662 2010 1718 quas

137 1728 346 1787 Tacito
382 1728 560 1788 misit.
658 1728 730 1787 cf.
766 1725 926 1787 Plin.
965 1746 1096 1802 epp.
1145 1722 1190 1794 I,
1212 1724 1274 1783 6.
1321 1723 1366 1794 Ι,
1392 1725 1495 1784 20.
1542 1723 1645 1795 IV,
1676 1726 1773 1786 13.
1822 1724 1924 1795 Vl,
1950 1725 2011 1787 9.

135 1811 241 1883 vl,
274 1812 370 1872 16.
414 1811 519 1880 Vl,
553 1813 656 1874 20.
700 1810 838 1881 Vll,
870 1810 974 1871 20.
1021 1808 1160 1879 VII,
1187 1809 1290 1870 33.
1328 1807 1499 1879 VIII,
1526 1809 1585 1870 7.
1631 1808 1735 1881 IX,
1763 1811 1859 1871 10.
1905 1810 2012 1882 ΙΧ,

141 1896 241 1960 14.
281 1909 336 1955 et
375 1897 438 1953 in
474 1908 751 1954 contextu
801 1916 931 1972 epp.
981 1893 1060 1969 Il,
1103 1895 1159 1955 1.
1202 1892 1283 1965 II,
1325 1895 1424 1955 11.
1477 1893 1586 1964 IV,
1624 1893 1720 1956 15.
1772 1894 1879 1963 IX,
1906 1896 2011 1957 23.

133 1979 404 2040 Eandem
431 1983 723 2039 rationem
751 1992 989 2038 servant
1013 1980 1243 2037 codices
1268 1981 1512 2056 qnidam
1537 1977 1750 2050 MSS„
1792 1981 2012 2058 quibus
2048 1972 2054 1982 ¹

135 2067 329 2125 Taciti
372 2067 511 2123 libri
549 2067 955 2135 continentur,
1010 2077 1080 2122 ut
1110 2062 1292 2124 MSS.
1332 2063 1495 2124 Flor.
1533 2063 1912 2140 Langobard.
1956 2081 2013 2125 et

135 2152 407 2210 Vaticani
434 2149 654 2223 2964„
697 2150 913 2220 3429„
955 2146 1144 2209 5393.
1237 2147 1324 2207 Ita
1355 2161 1411 2207 et
1436 2150 1618 2207 editio
1644 2149 1980 2215 Puteolani.

304 2230 458 2294 Caii
494 2256 855 2313 praenomen
889 2235 1131 2312 Lipsius
1175 2236 1412 2311 repetiit
1449 2255 1480 2291 e
1518 2237 1649 2296 cod.
1688 2237 1824 2298 MS.
1860 2235 2038 2295 Far..'

40 2342 47 2347 ·
135 2329 412 2393 nesian0‚
454 2324 556 2400 qui
596 2322 967 2380 inscribitur:
1034 2313 1106 2379 C.
1131 2314 1416 2379 Cornelii
1437 2316 1655 2378 Taciti
1672 2318 2009 2382 Romanas

0 2653 24 2817 ἐ

134 2403 434 2466 historias
459 2406 778 2468 scribentis
806 2425 883 2465 ex
909 2401 1014 2464 his
1042 2405 1156 2488 qui
1180 2405 1561 2487 reperiuntur
1589 2404 1744 2465 liber
1767 2408 2010 2488 primus

134 2493 367 2572 incipit.
460 2492 858 2552 Consentiunt
887 2494 1058 2552 codd.
1084 2491 1264 2553 MSS.
1287 2491 1510 2552 Vaticc.
1547 2489 1754 2564 1518„
1804 2496 2011 2567 1862„

133 2576 321 2639 4498.
350 2590 406 2636 et
433 2576 675 2654 Regius.
760 2577 1075 2636 Consentit
1110 2577 1287 2636 etiarn
1320 2576 1608 2636 Sidonius
1633 2578 2007 2655 Apollinaris

133 2664 194 2722 in
228 2686 358 2741 epp.
397 2662 501 2735 IV,
545 2662 672 2735 14„
713 2684 828 2742 qua
855 2662 1124 2722 Polemio
1165 2662 1396 2723 scribit:
1454 2655 1653 2722 Caius
1678 2660 1940 2723 Tacitus
1980 2687 2008 2724 e

131 2746 474 2807 maioribus
514 2768 673 2807 unus
703 2748 856 2816 tuis,
900 2742 1321 2828 Ulpianorum
1353 2756 1684 2829 temporum
1713 2748 2004 2808 consula·

132 2835 221 2891 ris
260 2847 367 2896 etc.
417 2847 475 2893 et
510 2836 583 2893 ad
624 2834 885 2893 Leonem
925 2833 1032 2904 IV,
1063 2836 1164 2894 22.
1200 2829 1492 2915 Namque
1546 2841 1597 2891 et
1655 2835 2006 2918 antiquitus

130 2938 262 2976 cum
303 2912 502 2979 Caius
551 2912 879 2977 Cornelius
930 2914 994 2975 T
992 2917 1192 2975 acilus
1243 2911 1406 2976 Caio
1461 2913 1678 2977 Plinio
1726 2919 2007 2980 Secundo

0 3027 8 3052 .·
121 3003 321 3084 paria
353 3002 650 3061 suasisset
680 3014 785 3064 etc.
873 3003 1031 3061 Ante
1055 3001 1328 3079 Lipsium
1342 2999 1660 3083 Philippus
1673 3004 2004 3066 Beroaldus

0 3422 21 3580 1

0 3600 21 3806 ἑ

0 3846 15 4030 1

108 3110 159 3145 >e
197 3091 330 3150 cod.
365 3088 528 3158 MS„
581 3089 684 3167 qui
725 3088 952 3165 priores
989 3085 1316 3146 Annalium
1356 3089 1540 3149 libros
1576 3090 2004 3170 complectitur,

127 3175 423 3233 ediderat:
501 3168 571 3231 P.
610 3166 937 3232 Cornelius
977 3168 1271 3241 Tacitus,
1338 3196 1592 3255 eumque
1638 3175 2002 3238 Beroaldnrn

132 3259 314 3317 secuti
345 3270 484 3319 sunt
506 3256 807 3332 Alciatus,
848 3255 1212 3331 Rhenanus,
1253 3255 1447 3339 Aldus
1481 3260 1722 3342 aliique.

303 3424 357 3504 ἓ.
392 3426 452 3487 2.
529 3422 633 3484 De
670 3421 884 3486 Taciti
924 3388 1139 3486 aetate.
1237 3424 1541 3504 Dignitate
1583 3429 1821 3507 publica
1857 3432 2003 3491 arti-

134 3514 359 3590 busque
413 3513 660 3588 egregiis
706 3512 911 3572 floruit
962 3513 1072 3572 sub
1119 3513 1574 3591 imperatoribus
1614 3514 2004 3594 Vespasiano,
