2222 4030
138 281 191 319 A.
205 281 258 319 U.
276 278 359 314 767-

138 325 192 362 A.
210 325 259 362 C.
298 323 359 359 u.

659 279 842 345 LIB.
885 277 932 341 1.

1018 275 1214 371 cAr.
1258 282 1317 340 s.
1840 286 1920 348 19

48 407 374 476 mandante
419 431 551 471 eam
591 409 943 475 sententiam
979 407 1399 486 prompsisset?
1449 420 1659 487 sponte
1699 410 1915 472 dixisse
1996 418 2001 426 ‘

49 502 391 578 respondit,
431 516 623 576 neque
645 497 713 553 in
736 496 844 566 iis,
888 514 1039 571 quae
1067 494 1143 551 ad
1173 513 1300 550 rem
1328 494 1630 569 publicam
1650 498 1917 574 pertine-
1987 552 1993 563 ,

50 599 218 658 rent,
261 584 509 644 consilio
532 581 651 639 nisi
679 601 786 638 suo
806 599 1084 650 usurum,
1125 579 1223 634 vel
1256 599 1392 635 cum
1425 581 1689 654 periculo
1722 583 1915 641 offen-

50 673 253 732 sionis-

348 690 415 727 ea
454 668 579 725 sola
628 666 847 743 species
888 663 1177 722 adulandi
1233 676 1551 739 supererat.

46 769 215 815 mant
245 766 440 832 patres
464 772 676 829 corpus
706 752 783 809 ad
807 750 1018 826 roghm
1049 745 1310 806 humeris
1346 759 1682 808 senatorum
1717 755 1915 833 feren-

48 843 211 902 dum.
305 838 560 899 Remisit
595 836 812 896 Caesar
864 834 1174 911 adroganti
1218 834 1654 906 moderatione,
1717 860 1915 918 popu...

44 1017 218 1064 viritim
240 1015 415 1061 dedisse
443 1015 540 1061 δα)
561 1029 778 1059 nummos
806 1014 847 1058 le
878 1012 944 1057 ὀ·

46 1076 183 1120 nariis
221 1084 300 1120 aut
337 1074 600 1121 cohortibus
644 1073 813 1120 civium
849 1029 944 1116 fio·

385 1131 476 1176 Sed
521 1130 630 1190 quid
680 1129 943 1176 cohortibus

46 1190 266 1235 urbanis?
333 1189 387 1234 Id
426 1189 591 1233 Noster
626 1196 769 1241 tacet3
818 1187 942 1246 quod

44 1256 196 1291 tamen
236 1247 460 1291 silentium
498 1262 592 1290 non
628 1247 770 1304 magis
812 1246 944 1288 mira·

44 1305 185 1356 beris,
212 1319 348 1363 quam
365 1304 488 1371 quod
499 1303 592 1347 Dio
607 1303 758 1347 omisit
771 1302 941 1347 XXXV

41 1361 295 1406 sestertium
333 1361 536 1404 tnbubus
576 1359 733 1419 legata.
803 1359 941 1403 Nulto

42 1418 183 1462 modo
204 1428 351 1463 autem
377 1419 486 1462 baec
509 1417 668 1462 idonea
694 1417 777 1461 erit
795 1433 941 1468 causa,

41 1485 93 1520 ut
117 1474 261 1520 Taciti
290 1486 455 1520 textum
489 1475 543 1519 ad
582 1476 721 1518 alium
749 1475 938 1541 scripto·

41 1549 138 1578 rem
164 1532 370 1602 refingas.
430 1532 641 1577 Ceterum
667 1548 724 1576 ne
749 1531 940 1576 novissi·

42 1606 163 1636 mam
214 1592 304 1635 toci
348 1590 708 1635 emendationem
763 1589 940 1633 omitta-

41 1665 166 1700 mus,
216 1648 526 1693 Herrmannus
574 1649 621 1692 in
663 1647 782 1708 notis
823 1663 940 1706 pro-

40 1708 195 1764 ponit:
248 1708 517 1761 legionariis
556 1714 645 1749 aue
683 1707 940 1749 cohortibus

37 1767 201 1807 cinnam
223 1765 554 1808 Rornanorum
579 1772 788 1807 trecenos
809 1763 940 1819 quin·

38 1836 240 1876 genusve
278 1823 545 1878 (nummos)
587 1822 759 1865 viritim
792 1824 936 1864 dedit.

39 1881 252 1923 cohortes
301 1879 463 1937 accipit
510 1896 594 1938 pro
644 1894 830 1937 genere,
886 1888 938 1923 ut

40 1935 308 1994 legionariae
350 1945 428 1980 aut
469 1937 638 1981 civium
673 1936 805 1979 Rom.
845 1937 938 1981 sint

38 1995 222 2052 species.
280 1994 370 2037 Sed
394 1992 502 2038 haee
529 1995 617 2037 iam
644 1994 762 2038 satis.

96 2053 196 2096 υἱεῖ.
278 2050 393 2095 Cod.
437 2051 540 2094 MS.
587 2051 688 2094 edd.
727 2049 935 2095 Beroald-

37 2108 180 2154 Rhea.
206 2118 249 2154 et
272 2125 369 2168 sqq.
394 2125 550 2153 omnes
579 2109 683 2152 visi:
723 2116 774 2151 ut
790 2116 935 2163 porea

37 2175 123 2211 etc.
182 2167 271 2211 Sed
290 2167 444 2211 locum
467 2167 575 2211 vitio
596 2168 801 2211 laborare
821 2167 934 2210 bene

37 2224 146 2270 vidit
172 2224 513 2283 Wopkensius.
594 2224 708 2268 Nam
761 2233 936 2282 praeter

46 1149 303 1177 manorum.

23 2298 201 2332 ,nexum
227 2282 442 2327 idoneum
466 2282 779 2351 adponuntur,
819 2297 950 2382 (quae,

37 2350 287 2401 sequuntur
337 2348 438 2399 post
479 2344 578 2385 viss.
658 2339 836 2384 Particu
858 2356 931 2383 am

37 2406 90 2441 ue
135 2397 292 2443 referri
336 2397 390 2441 ad
433 2399 522 2443 visi
554 2405 704 2444 vetant
745 2398 932 2442 nomina

39 2457 318 2501 censentium
361 2472 467 2500 cum
511 2455 647 2500 verbo
693 2470 933 2507 censum-⁶5

36 2522 88 2558 ut
125 2513 319 2560 verbum
363 2514 452 2558 visi
487 2531 593 2558 cum
629 2512 820 2562 Wolfio
861 2530 931 2557 ex·
985 2542 998 2555 .

35 2570 199 2632 plicesz
251 2570 366 2624 „visi
404 2581 509 2615 sunt
546 2571 613 2623 hi,
664 2571 741 2630 qui
779 2572 931 2616 statim

35 2627 320 2687 ponuntur'',
355 2638 487 2688 atque
503 2629 744 2688 -sequentia
771 2628 829 2672 ita
852 2645 932 2688 per

35 2702 82 2730 se
117 2695 352 2739 constent,
393 2695 655 2731 contortum
705 2695 795 2735 est,
846 2702 932 2731 nec

34 2758 236 2813 unquam
262 2742 471 2789 Tacitum
502 2753 593 2791 tarn
624 2744 840 2788 dissoluto
866 2744 930 2788 di·

35 2801 938 2918 fssd'xffssss'ts‘..1“2¹::t,„22222523‘1532-

37 2916 102 2959 vei
122 2916 279 2975 duplex
300 2925 350 2959 ue
370 2917 629 2959 nominibus
653 2916 929 2960 censentium

33 2973 369 3033 praefigendum
414 2974 636 3017 censebat.
715 2973 804 3016 Sed
850 2973 930 3017 ista

35 3031 218 3090 quidem
258 3032 326 3076 vis
367 3039 446 3074 est.
522 3029 697 3075 Leviori
729 3030 930 3074 remedio

36 3090 162 3134 iocus
199 3090 342 3132 sanari
381 3096 551 3148 potest,
589 3103 650 3131 sc.
676 3088 813 3131 verbo
848 3087 936 3132 visi

36 3155 208 3191 mutato
235 3147 279 3189 in
307 3149 439 3194 iamsi.
483 3155 525 3189 et
548 3145 742 3205 'pleniori
777 3144 930 3189 distin·

35 3205 185 3248 ctione
210 3203 350 3262 posita
374 3213 475 3248 ante
502 3211 566 3246 ue.
628 3202 830 3246 Verbum
858 3205 931 3246 iu·-

35 3261 141 3304 bere
166 3261 294 3321 plane
320 3261 385 3306 sic
406 3261 603 3306 adhiberi
628 3260 684 3304 de
706 3260 782 3313 iis,
816 3276 931 3318 quae

38 3319 154 3375 apud
200 3327 403 3363 senatum
442 3318 771 3369 decernuntur,
835 3334 928 3362 non

38 3384 125 3427 est,
205 3376 296 3419 uod
330 3392 564 3427 moneam.
608 3375 829 3435 docetque
868 3377 929 3419 Ιο·

35 3448 116 3477 eus
151 3433 167 3477 1
194 3442 260 3479 ut.
290 3434 333 3484 4,
356 3435 426 3478 40.
475 3435 644 3478 Patres
683 3441 931 3490 uerumque

35 3491 221 3535 timere.
286 3491 524 3536 innumera
562 3501 711 3536 sutem
747 3501 854 3535 sunt
881 3491 941 3535 in'

37 3556 143 3593 vett.
168 3548 303 3594 MSS.
337 3550 534 3610 exempla
570 3550 666 3593 eius
698 3548 927 3594 confusio·

39 3604 131 3658 nis,
156 3622 243 3666 qua
282 3608 473 3665 syllaba«-
513 3609 562 3648 ω’
589 3616 631 3652 et
668 3608 716 3650 iu
751 3622 926 3665 permu-

1012 1018 1193 1062 tantur,
1234 1018 1286 1055 ut
1308 1007 1357 1055 in
1385 1011 1456 1055 ius
1481 1017 1524 1056 et
1545 1012 1615 1057 va
1638 1011 1754 1059 Hist.
1775 1014 1816 1068 8,
1840 1018 1912 1066 50.

1011 1070 1056 1122 4,
1080 1070 1154 1114 39.
1192 1068 1236 1123 4,
1259 1068 1318 1113 69
1352 1078 1396 1114 et
1422 1069 1552 1114 alibi..
1610 1070 1690 1117 Sic
1725 1082 1769 1117 et
1797 1074 1915 1122 Hist.
1996 1104 2001 1107 -

1012 1126 1140 1178 8,39.
1165 1127 1233 1171 ed.
1247 1126 1364 1186 Spir.
1380 1129 1505 1172 iussa
1519 1126 1651 1173 habet
1676 1146 1761 1188 pro
1788 1134 1887 1177 visa
1895 1149 1912 1186 ,-

1011 1186 1056 1236 4,
1079 1186 1151 1230 41.
1193 1185 1352 1229 lubius
1384 1201 1468 1245 pro
1494 1184 1680 1239 Vibius,-
1717 1186 1808 1233 An.
1843 1191 1912 1244 14,

1012 1243 1104 1294 26κ
1126 1259 1212 1302 pro
1252 1244 1403 1288 iussae
1437 1243 1484 1286 in
1518 1243 1620 1291 MS.
1656 1244 1806 1291 Guelf.
1845 1257 1914 1294 est

1013 1304 1156 1345 vi‘sae.
1215 1298 1287 1344 Cf.
1322 1299 1722 1348 etiamsDrakenb.
1752 1305 1807 1348 ad
1829 1303 1914 1352 Sil.

1013 1359 1082 1410 13,
1103 1358 1204 1403 372.
1274 1357 1397 1404 Haec
1422 1374 1568 1418 nuper
1595 1377 1619 1405 a
1645 1377 1718 1405 me
1745 1378 1912 1422 propo·

1010 1417 1094 1460 sita
1120 1416 1245 1460 nolui
1267 1416 1313 1459 in
1336 1417 1610 1463 oblivionem
1630 1418 1739 1471 dari,
1771 1435 1911 1479 quan·

1013 1490 1147 1531 quam
1172 1489 1295 1517 nunc
1310 1490 1494 1527 censeo,
1517 1475 1786 1534 scripturam
1812 1479 1914 1524 vul-

1011 1540 1158 1589 gatam
1183 1531 1364 1575 retineri
1395 1547 1554 1591 posse,
1586 1535 1693 1577 dum
1718 1537 1805 1579 vt'si
1828 1537 1909 1592 (se.

1010 1590 1131 1644 sunt)
1173 1588 1364 1646 accipias
1407 1605 1489 1648 pro
1524 1593 1761 1645 placuere.
1831 1594 1910 1640 Sic

1010 1647 1210 1688 obtineri
1247 1648 1465 1701 oppidum
1502 1651 1652 1691 m‘sum
1695 1648 1801 1695 infr.
1841 1652 1911 1703 12,

1010 1703 1082 1747 16.
1134 1704 1428 1762 Kiesstiugius
1464 1705 1673 1751 coniicit:
1713 1722 1780 1762 ex
1805 1711 1911 1766 qui-

1008 1763 1095 1805 bus
1118 1762 1212 1818 qui.

1068 1827 1120 1862 ut
1140 1826 1286 1874 porca
1303 1820 1528 1875 triumph.
1558 1829 1643 1867 etc.
1693 1824 1818 1883 quod
1842 1824 1906 1870 fa-

1007 1886 1131 1922 ctum
1158 1876 1294 1920 refert
1315 1877 1406 1921 Dio
1434 1878 1504 1931 56,
1531 1878 1603 1922 42.
1857 1895 1861 1898 ’

1082 1934 1319 1978 Messalla.
1407 1933 1485 1980 Sic
1540 1936 1642 1981 edd.
1695 1938 1906 1986 Beroald.

1010 1990 1167 2035 Oberl.
1191 1990 1379 2036 Bekker.
1413 1992 1700 2040 Li'memann.
1738 1997 1797 2041 cf.
1828 1996 1906 2042 Se-

1006 2065 1105 2093 nec.
1129 2049 1183 2092 de
1208 2050 1335 2094 brev.
1361 2049 1440 2095 vit.
1469 2067 1512 2094 e.
1538 2051 1679 2105 139—-
1700 2052 1905 2101 Rhenan.

1004 2116 1049 2150 et
1074 2122 1200 2165 seqq.
1225 2106 1419 2150 editores
1450 2107 1665 2153 dederant
1686 2111 1907 2159 Messala.

1006 2164 1066 2208 cf.
1086 2162 1358 2208 Ramshorn.
1386 2162 1470 2209 Gr.
1500 2166 1636 2223 §.15.
1670 2185 1714 2229 p.
1740 2170 1809 2215 18.

1064 2225 1387 2265 renovandum
1405 2239 1463 2278 p..
1482 2241 1528 2268 a.
1552 2239 1591 2269 s·
1633 2235 1718 2272 etc.
1783 2229 1907 2274 Bene

1005 2278 1169 2323 Wolf.
1214 2280 1417 2333 monuit,
1470 2299 1550 2340 per
1604 2285 1905 2342 egressionem

1003 2338 1113 2382 haec
1152 2337 1299 2380 addita
1327 2354 1352 2381 a
1375 2338 1607 2394 Messalla3
1649 2359 1734 2387 nec
1761 2360 1905 2389 sacra·

1003 2404 1209 2439 mentum
1231 2394 1279 2439 in
1306 2411 1476 2441 nomen
1500 2399 1621 2443 aliud
1646 2416 1740 2446 esse
1765 2417 1905 2460 quam

1001 2454 1048 2497 in
1075 2454 1237 2503 verba,
1275 2468 1315 2497 e.
1340 2453 1384 2496 7.

1059 2513 1242 2565 species.
1321 2510 1406 2554 Ed.
1460 2511 1668 2558 Beroald.
1722 2521 1901 2572 speeies,

1001 2570 1364 2671 quaetscri‘p‘tlura
1399 2571 1658 2629 saepissime
1681 2574 1812 2619 obvia
1835 2584 1901 2619 est

1000 2644 1047 2671 in
1073 2643 1122 2670 ve
1163 2658 1175 2670 .
1203 2643 1226 2670 e
1293 2659 1305 2670 .

1059 2698 1224 2740 eorpus
1258 2689 1324 2728 ad
1356 2699 1396 2729 r.
1424 2716 1436 2729 .
1459 2718 1470 2729 .
1482 2685 1756 2742 serendum.
1819 2690 1901 2734 Fa-

1001 2751 1128 2843 gum'
1174 2742 1309 2842 fesci-t
1353 2743 1542 2787 Sueton.
1574 2744 1681 2790 Oct.
1724 2751 1765 2794 c.
1802 2749 1900 2793 loe.

1051 2818 1093 2843 10
1135 2833 1146 2844 .
1190 2832 1202 2843 ο

1059 2858 1268 2901 Remis-ie.
1327 2857 1528 2917 Operam
1557 2867 1598 2903 et
1621 2859 1770 2907 oleum
1790 2873 1899 2923 per·

1003 2914 1155 2958 didere
1179 2914 1465 2975 interpretes,
1502 2924 1550 2960 ut
1582 2919 1715 2963 verbo
1749 2921 1899 2964 remi-

1001 2974 1060 3015 sie
1095 2972 1378 3031 permittendi
1415 2973 1784 3032 significationem
1823 2979 1898 3023 eti-

1002 3037 1179 3081 cerent,
1211 3043 1327 3086 quae
1354 3038 1503 3074 tamen
1524 3032 1578 3075 ab
1603 3031 1691 3078 hoc
1713 3035 1895 3094 quidem

1002 3086 1107 3131 loco
1141 3088 1282 3131 aliena
1317 3096 1411 3142 est;
1434 3089 1624 3148 genuina
1651 3093 1800 3150 potius
1825 3092 1899 3139 hie

1001 3160 1091 3189 sua·
1110 3145 1154 3188 vi
1184 3145 1226 3188 id
1253 3145 1444 3190 verbum
1471 3147 1635 3199 utitur,
1667 3150 1896 3195 utsitrem

1002 3219 1026 3243 e
1060 3217 1241 3245 summo
1277 3202 1416 3262 gradu
1454 3203 1499 3247 in
1539 3205 1763 3251 minorem
1800 3224 1898 3253 ver·

1000 3268 1118 3310 tere,
1149 3260 1440 3314 imminuere,
1470 3261 1627 3306 laxare.
1688 3264 1745 3309 cf.
1770 3264 1895 3311 Caes.

1001 3318 1053 3361 Β.
1082 3317 1139 3361 G.
1178 3319 1215 3367 1,
1235 3316 1308 3361 44.
1340 3318 1386 3362 si
1415 3321 1694 3374 stipendium
1729 3325 1897 3367 remit-

1001 3383 1132 3419 eatur
1164 3374 1207 3419 h.
1244 3391 1282 3419 e.
1320 3375 1626 3422 imminuatur.
1706 3379 1895 3426 Sueton.

1002 3432 1083 3476 ῙιιΙ.
1117 3449 1156 3477 c.
1186 3431 1256 3479 38.
1299 3448 1509 3478 annuam
1553 3430 1894 3484 habitationem

999 3506 1139 3547 usque
1158 3493 1224 3535 ad
1242 3491 1354 3535 bina
1381 3492 1531 3535 minin
1563 3507 1808 3539 tenmmum
1838 3525 1896 3533 —-

998 3547 1191 3593 rcun‘n'e.
1253 3547 1480 3593 Nimirum
1503 3549 1646 3594 Tacit.
1674 3550 1747 3596 hie
1766 3553 1895 3613 plane

999 3606 1116 3649 idem
1139 3605 1273 3657 dicit,
1307 3607 1430 3666 quod
1455 3606 1580 3651 Suet.
1609 3608 1715 3652 Oct.
1742 3625 1781 3654 c.
1800 3614 1894 3656 100.

1215 3668 1350 3730 Be

1657 666 1915 727 Concla-
1968 683 1971 687 ’
2010 646 2018 663 η’

2148 972 2192 1058 ἒ*
