2222 4030
0 0 6 55 Ι

0 66 5 151 ἲ

126 176 344 272 2¹33&
514 187 688 252 Lm.
719 186 830 251 111.
876 183 1090 250 CAP.
1124 186 1302 245 12-
1322 186 1421 252 14.
1780 191 1908 252 225

44 318 150 401 „5111
195 325 388 382 solum
418 319 777 380 Germanico
814 334 992 392 super
1027 314 1180 389 leges
1214 314 1711 391 praestita-imm,
1753 325 1917 400 quod

27 410 155 482 ²5¹5ss
178 410 339 467 curia
363 407 562 485 potius
587 424 765 483 quam
789 403 855 458 in
877 403 1040 481 soro,
1075 401 1235 476 apud
1257 415 1525 460 senatum
1549 426 1730 482 quam
1756 410 1916 484 apud

45 496 315 566 „iudices
343 497 416 551 de
439 501 630 549 morte
659 490 783 545 eius
809 484 1165 563 anquiritur.
1254 497 1444 543 cetera
1474 491 1603 564 pari
1626 493 1917 551 modestia

43 592 433 651 „tractentun
528 595 704 632 nemo
740 571 924 629 Drusi
968 570 1239 627 lacrimas
1256 615 1274 639 ‚
1334 591 1512 629 nemo
1561 577 1916 635 maestitiam

0 712 1 739 ¹
42 687 281 741 „meam
302 673 550 742 spectet,
592 679 701 715 nec
726 658 775 714 si
804 678 918 734 qua
945 656 1010 712 in
1031 674 1142 713 nos
1166 656 1412 712 adversa
1436 657 1809 732 fingunturff

212 773 382 836 XIII.
467 771 627 831 Exin
650 770 904 827 biduum
933 766 1284 825 criminibus
1321 766 1674 826 obiiciendis
1711 774 1920 832 statui-

10 863 14 869 ’
43 875 168 935 tur,
203 873 384 940 utque
421 879 518 916 sex
548 858 782 915 dierum
814 853 1000 930 spatio
1029 853 1335 911 interiecto
1361 847 1497 911 reus
1521 873 1629 931 per
1653 857 1920 916 triduum

43 950 473 1007 defenderetur.
561 942 724 1000 Tum
751 939 1062 997 Fulcinius
1098 950 1298 996 vetera
1329 949 1386 995 et
1413 939 1616 997 inania
1656 944 1918 1002 orditur:

43 1030 351 1093 ambitiose
409 1048 698 1106 avareque
754 1022 1019 1083 habitam
1067 1021 1448 1100 Hispaniam:
1515 1026 1677 1103 quod
1729 1045 1921 1106 neque

43 1120 379 1180 convictum
420 1134 612 1172 noxae
644 1133 776 1181 reo,
843 1112 894 1168 si
930 1109 1186 1167 recentia
1221 1120 1533 1186 purgaret,
1587 1131 1781 1190 neque
1817 1115 1923 1170 de-

41 1200 275 1263 fensum
300 1198 662 1259 absolutioni
694 1208 846 1267 erat,
891 1197 939 1253 si
968 1206 1266 1252 teneretur
1300 1195 1628 1253 maioribus
1665 1197 1920 1272 flagitiis,

40 1290 183 1348 Post
234 1308 407 1365 quem
447 1284 735 1343 Servaeus
783 1294 838 1340 et
874 1280 1172 1337 Veranius
1208 1292 1263 1336 et
1298 1277 1579 1338 Vitellius
1619 1283 1919 1340 consimili

43 1375 272 1443 studi0‚
315 1374 418 1429 sed
452 1370 641 1427 multa
685 1365 1026 1443 eloquentia
1063 1363 1377 1436 Vitellius,
1425 1367 1720 1425 obiecere:
1775 1369 1918 1433 o'dio

44 1457 389 1519 Germanici
430 1466 487 1512 et
534 1474 737 1529 rerum
789 1472 1082 1508 novarum
1134 1451 1331 1507 studio
1381 1450 1918 1529 Pisonem‘vulgus

43 1546 300 1604 militum
327 1563 433 1619 per
458 1540 763 1598 licentiam
797 1549 854 1595 et
880 1538 1178 1594 sociorum
1204 1536 1455 1593 iniurias
1481 1558 1548 1595 eo
1572 1558 1760 1618 usque
1779 1539 1918 1598 'cor-

40 1632 300 1709 rupisse‚
354 1640 423 1686 ut
453 1646 669 1703 parens
706 1622 1008 1698 legionum
1049 1642 1082 1678 a
1120 1622 1454 1678 deterrimis
1493 1625 1918 1700 appellaretur:

41 1728 248 1776 contra
270 1715 335 1772 in
358 1712 651 1789 optimum
680 1728 975 1787 quemque
990 1754 1006 1777 ,
1046 1707 1299 1763 maxime
1330 1706 1395 1762 in
1419 1707 1662 1766 comites
1686 1721 1745 1768 et
1769 1710 1922 1768 ami-

42 1824 142 1862 cos
178 1797 524 1858 Germanici
568 1797 843 1852 saevisse:
914 1804 1212 1869 postremo
1259 1792 1455 1868 ipsum
1499 1795 1920 1854 devotionibus

42 1902 103 1948 et
134 1907 365 1944 veneno
405 1882 747 1960 peremisse:
819 1899 980 1936 sacra
1038 1873 1179 1935 hinc
1224 1889 1283 1935 et
1326 1878 1766 1956 immolationes
1809 1901 1919 1938 ne-

40 1976 250 2031 fandas
275 1970 460 2048 ipsius
484 1980 659 2044 atque
683 1965 1036 2022 Plancinae:
1075 1963 1321 2039 petitam
1354 1963 1536 2020 armis
1560 1985 1686 2021 rem
1713 1959 1917 2043 puhliss-

44 2081 200 2129 cam,
235 2068 418 2133 utque
441 2073 578 2111 reus
605 2051 697 2125 agi
724 2061 950 2127 posset,
995 2050 1115 2106 acie
1140 2049 1383 2108 victum.

211 2165 378 2228 XIV.
463 2162 744 2222 Defensio
783 2162 847 2219 in
884 2161 1091 2219 ceteris
1124 2159 1458 2237 trepidavit.
1545 2180 1686 2217 nam
1724 2181 1921 2242 neque

45 2254 431 2313 ambitionem
452 2250 773 2307 militarem
795 2268 988 2325 neque
1013 2245 1381 2323 provinciam
1413 2246 1666 2322 pessimo
1705 2247 1919 2326 cuique

46 2338 399 2408 obnoxiam,
439 2354 516 2393 ne
543 2332 930 2393 contumelias
966 2332 1206 2411 quidem
1242 2332 1560 2390 adversum
1597 2333 1917 2410 imperato-

12 2590 20 2595 ·
102 2573 248 2618 super·
267 2563 407 2616 leges.
450 2557 566 2602 Nam
589 2557 644 2601 de
670 2556 806 2602 caede
831 2554 941 2601 civis

45 2620 236 2666 alicuius
264 2617 504 2678 anquirere
534 2631 627 2660 non
661 2615 850 2658 omnino
876 2621 942 2658 est

46 2686 250 2728 senatus,
294 2674 373 2718 sed
415 2674 472 2717 ad
512 2674 556 2717 id
592 2673 789 2741 pertinet
820 2671 940 2715 iudi-

46 2737 195 2786 cium,
242 2732 315 2779 eui
352 2747 401 2775 ea
437 2739 636 2788 quaestio
677 2729 942 2773 demandata

46 2801 126 2837 en.
187 2789 307 2834 Tum
329 2804 435 2831 vero
467 2797 509 2832 et
539 2788 814 2847 privatorum
843 2801 940 2828 ma-

48 2850 162 2894 xima
183 2846 303 2906 apud
329 2854 477 2906 patres
493 2845 822 2889 «tractabantur.
878 2840 940 2886 es.

49 2907 155 2951 infr.
183 2909 226 2954 4,
249 2904 293 2949 ὅ.

97 2965 216 3021 pari
237 2964 485 3006 modestia.
544 2976 607 3004 sc.
642 2974 696 3004 ae
723 2958 758 3003 si
786 2955 944 3025 privati

46 3021 242 3066 hominia
265 3035 396 3065 eausa
419 3027 640 3074 ageretur.
679 3014 945 3059 Diu-mutat

48 3080 294 3139 principem
318 3077 363 3120 in
389 3074 687 3119 Germanico.

105 3139 324 3179 adversa.
386 3133 419 3178 1.
445 3133 522 3178 Fr.
549 3131 812 3176 Gronovius
848 3145 942 3172 ma-

49 3193 141 3237 vult
172 3194 375 3235 diversa.
435 3191 524 3235 Sed
597 3206 696 3233 uem
729 3188 811 3231 iste
841 3187 944 3230 inde

51 3250 169 3294 elicit
205 3262 407 3298 sensum,
459 3250 495 3292 is
529 3264 581 3291 vu
605 3256 728 3306 gatae
763 3259 945 3304 quoque

51 3307 147 3352 mei
187 3306 319 3356 ineu,
370 3315 414 3350 et
456 3306 603 3350 multo
639 3302 957 3356 commodius„

50 3369 267 3410 Adversa
303 3371 432 3415 sunt,
542 3377 593 3406 ae
632 3379 715 3406 nos
750 3360 944 3404 dicimus

54 3422 383 3476 Feinasele'ges.
426 3422 495 3467 Ge
528 3421 735 3476 due'ges,
783 3419 944 3461 Nach-

51 3481 277 3534 mesmes.
310 3478 437 3522 mala.
494 3478 644 3538 anue
668 3475 842 3523 voee's.
870 3475 941 3517 in·

53 3538 172 3584 nuit.
233 3551 347 3593 quae
398 3544 713 3595 spargerentur
762 3534 816 3577 de
867 3548 945 3576 sua

135 3603 382 3655 Taena-ts
423 3601 463 3653 Ι.

1013 2553 1245 2614 Drusique
1285 2570 1421 2613 super
1461 2554 1721 2601 Germanici
1766 2563 1916 2601 morte

1014 2612 1194 2658 laetitia.
1289 2612 1413 2655 Haec
1455 2623 1560 2658 sunt
1603 2616 1795 2657 diversa
1838 2612 1915 2658 ina

1015 2669 1252 2771 Grpgnovii,
1313 2668 1391 2712 Sic
1413 2674 1619 2715 adversa
1629 2672 1780 2728 sama
1799 2670 1913 2716 ssiat.

1071 2783 1186 2827 CM».
1215 2782 1281 2827 13.
1329 2791 1491 2828 vetem
1512 2792 1557 2828 ee
1577 2785 1755 2831 ιἠαηίσ.
1806 2784 1916 2831 vid.

1015 2850 1108 2886 not.
1133 2841 1188 2884 ad
1217 2845 1254 2891 1,
1278 2841 1319 2885 2.
1344 2850 1507 2885 vetera
1525 2850 1572 2886 et
1585 2845 1870 2899 periculosa.

1071 2899 1323 2941 ambitiose
1365 2913 1616 2956 avareque.
1696 2899 1757 2946 es.
1799 2901 1913 2961 Agr.

1015 2973 1055 3000 c.
1078 2956 1149 3000 80.
1172 2957 1219 2998 si
1240 2958 1445 3009 locuples
1463 2957 1613 3000 hostis
1634 2964 1723 3007 eat,
1749 2958 1915 3002 avari:

1014 3015 1062 3057 si
1076 3027 1279 3069 pauper,
1313 3014 1572 3059 ambitiosi.

1074 3073 1309 3115 Veranius
1341 3079 1386 3114 et
1410 3071 1636 3117 Vitellius.
1697 3072 1755 3117 cf.
1779 3071 1822 3126 2,
1842 3073 1916 3119 74.

1018 3129 1127 3172 Post
1147 3143 1281 3185 quem
1313 3128 1415 3173 edd.
1438 3126 1582 3174 Rben.
1602 3145 1701 3190 sqq.
1718 3152 1779 3164 —
1822 3130 1911 3175 Be-

1017 3186 1155 3230 roald.
1177 3193 1445 3243 [ensequam.

1073 3257 1214 3286 sacra
1232 3245 1342 3286 hinc
1361 3250 1407 3287 et
1427 3245 1794 3290 immolationes.
1851 3247 1914 3291 cf.

1014 3301 1268 3413 glanum
1302 3390 1313 3403 .
1337 3389 1350 3402 .
1375 3390 1386 3402 .
1425 3361 1607 3403 victum.
1684 3359 1743 3405 cf.
1775 3359 1827 3411 2,
1860 3361 1917 3406 79

1018 3432 1187 3516 ‘qa-Ar.
1214 3471 1279 3517 14.
1340 3475 1515 3531 cuique.
1577 3473 1654 3518 Sic
1674 3473 1774 3518 edd.
1794 3474 1892 3522 Rhe

1019 3547 1120 3575 nan.
1144 3546 1240 3589 sqq.
1271 3559 1328 3568 --
1389 3530 1600 3575 Beroald.
1624 3534 1708 3573 eui.

1348 3591 1396 3649 P
