2222 4030
232 155 359 217 390

413 278 554 340 XII.
594 278 885 339 Relatum
900 279 1043 338 inde
1067 282 1142 338 ad
1166 290 1361 355 patres
1386 299 1420 336 a
1445 276 1840 359 Quintiliano„
1862 283 2106 340 tribuno
2174 198 2212 367 ³

245 367 443 447 plebei
477 367 551 422 de
586 367 744 422 libro
767 363 1063 444 Sibyllae,
1105 385 1284 441 quem
1301 361 1592 423 Caninius
1618 362 1830 434 Gallus
1852 369 2108 444 quinde-
2180 404 2189 413 ‹

248 451 564 511 cimvirum
588 450 775 526 recipi
806 450 964 514 inter
998 463 1219 507 ceteros
1256 450 1519 507 eiusdem
1554 443 1706 509 {ratis
1739 462 1798 508 et
1827 472 1894 508 ea
1933 454 2005 509 de
2045 473 2109 509 re
2176 444 2202 505 .'

250 548 486 596 senatus
529 537 867 594 consultum
906 536 1330 614 postulaverat:
1388 555 1506 612 quo
1551 556 1660 611 per
1695 537 2112 594 discessionem
2174 435 2216 621 ᾖ

249 625 403 681 facto
451 621 617 680 misit
657 622 881 679 litteras
921 621 1135 678 Caesar
1175 621 1408 678 modice
1455 621 1769 688 tribunum
1803 620 2113 698 increpans
2175 664 2183 677 .

252 708 528 783 ignarum
561 707 795 792 antiqui
827 706 1011 764 moris
1046 706 1124 773 ob
1160 705 1482 766 iuventam.

251 795 383 864 bat,
456 795 619 869 quod
668 793 944 850 scientiae
995 790 1606 869 caerimoniarumque
1665 806 1833 851 vetus
1891 794 2118 850 incerto

253 889 521 948 auctore,
563 889 698 948 ante
723 875 1076 935 sententiam
1098 877 1366 952 collegii,
1409 898 1565 947 non,
1584 889 1656 934 ut
1678 879 1936 949 adsolet,
1963 879 2114 936 lecto

258 1075 404 1131 tulit).
460 1073 576 1118 Nam
597 1074 802 1119 Tiberius
825 1073 1031 1133 Augusto
1051 1088 1160 1116 suc-

253 1132 388 1177 cessit
408 1148 478 1176 an.
501 1133 602 1176 urb.
626 1133 724 1176 767.
785 1131 892 1174 Piso
919 1131 1032 1174 obiit
1055 1130 1157 1174 785.

254 1186 392 1234 Unde
434 1189 573 1250 igitur
617 1189 773 1246 viginti
821 1189 964 1232 anni?
1038 1187 1157 1231 Hinc

192 1296 195 1297 ⁷
254 1247 429 1306 Lipsius
464 1247 781 1305 corrigendum
816 1247 1051 1290 censebat:
1100 1246 1160 1288 Χ

254 1319 435 1358 αηηοες
462 1304 720 1349 Ernestius:
749 1304 848 1346 XV
869 1319 1047 1357 annos,
1077 1302 1152 1348 vel

254 1379 497 1406 numerum
521 1371 695 1406 certum
725 1379 806 1421 pro
833 1362 1008 1406 incerto
1035 1362 1153 1421 posi-

254 1426 355 1466 tum
391 1421 590 1479 putabat.
661 1419 723 1463 At
762 1418 975 1465 videntur
1018 1420 1156 1463 nimis

255 1493 462 1538 premere
478 1477 754 1523 vocabulum
767 1478 1011 1533 principis,
1031 1476 1156 1536 quod

207 1539 212 1549 ¹
257 1544 323 1578 est
376 1536 494 1594 apud
557 1544 804 1593 utrumque
867 1536 1152 1594 scriptorem.

255 1591 370 1636 Nam
395 1594 602 1652 princeps
618 1592 824 1636 Tiberius
846 1592 992 1636 factus
1015 1602 1079 1636 est
1102 1609 1155 1635 eo

255 1657 485 1709 tempore,
533 1666 624 1709 quo
663 1650 894 1709 Augustus
935 1650 1158 1708 collegam

255 1705 319 1750 im
355 1707 436 1752 erii
475 1724 579 1751 eum
620 1708 883 1766 adsumpsit.
937 1708 996 1752 cf.
1033 1724 1157 1766 supr.

259 1724 355 1817 λζ.
381 1765 534 1824 ibique
554 1773 652 1810 not.
713 1765 852 1824 quue
874 1765 1035 1809 accidit
1055 1774 1157 1808 ante

245 1840 432 1868 annum
462 1840 509 1868 u.
539 1821 640 1866 765.
702 1823 814 1867 Nam
842 1823 1030 1867 sueton.
1052 1823 1155 1866 Tib.

258 1896 303 1926 c.
334 1882 406 1925 21.
440 1881 580 1925 refert
615 1882 757 1940 legem
794 1881 946 1933 illam,
988 1898 1037 1923 ex
1070 1897 1159 1939 qua

258 1938 314 1984 T.
347 1939 605 1999 provincias
643 1956 746 1983 cum
783 1938 990 1998 Augusto
1024 1955 1158 1982 com·

258 1997 457 2041 muniter
491 1996 848 2048 administraret,
902 1997 1032 2039 latam
1066 2011 1161 2039 esse

259 2070 354 2098 non
379 2055 571 2098 multum
596 2063 698 2113 post
729 2055 975 2098 dedicatam
1001 2054 1162 2098 Pollu-

259 2113 324 2156 cis
352 2119 395 2155 et
430 2113 626 2157 Castoris
660 2113 842 2158 aedem,
884 2128 998 2170 quae
1032 2111 1162 2155 ‹ledi-

215 2196 219 2201 ,
261 2169 379 2214 catio
402 2169 517 2213 fa'cta
542 2179 607 2212 est
629 2187 700 2216 au.
724 2186 768 2212 u.
784 2170 884 2215 759.
909 2170 1162 2213 secundum

260 2226 404 2271 Dion.
431 2226 498 2278 55,
517 2226 588 2272 27.
629 2226 689 2271 cf.
706 2227 864 2271 Vellei.
889 2229 931 2276 Ξ,
958 2228 1057 2271 121.
1084 2225 1160 2287 qui

262 2293 365 2329 ante
388 2283 669 2342 triumphum
693 2293 843 2328 narrat
865 2285 1012 2342 legem
1039 2284 1164 2328 illam

261 2341 415 2387 latam.
477 2342 569 2385 lam
597 2342 699 2400 quis
731 2341 906 2384 dubitet
927 2342 1164 2384 Tiberium

261 2398 483 2456 collegam
534 2398 714 2458 imperii
764 2399 958 2457 potuisse
1009 2398 1167 2458 Syriae

263 2457 551 2516 provinciam
633 2455 810 2500 tradere
892 2455 1168 2513 Pomponio,

263 2513 598 2572 praefecturam
632 2514 756 2558 urbis
776 2513 967 2559 Pisoni?
1027 2513 1168 2570 quue

263 2571 438 2616 factum
484 2588 577 2615 esse
613 2579 716 2614 ante
744 2571 938 2628 Augusti
978 2571 1168 2621 obitum,

265 2628 350 2675 alia
381 2630 516 2675 etiam
547 2637 651 2672 sunt
682 2628 862 2673 indicia.
925 2628 1168 2671 Suetonius

265 2688 680 2746 computationem,
722 2702 834 2745 quae
862 2684 1039 2744 utrique
1067 2685 1166 2728 viro

263 2753 529 2805 potestatem
579 2760 706 2788 suam
757 2744 948 2793 meruit,
1014 2741 1168 2787 scribit

267 2802 482 2848 accidisse
521 2801 570 2844 in
606 2802 699 2860 ipsa
733 2801 1025 2862 publicorum
1061 2817 1168 2843 mo-

267 2875 373 2903 rum
422 2859 708 2904 correctione
748 2859 932 2902 Tiberio
979 2861 1173 2902 deman-

269 2917 396 2967 data,
458 2933 597 2974 eaque
643 2917 926 2961 correctione
964 2916 1173 2960 Tiberius

268 2974 542 3041 fungebatur
586 2991 690 3018 cum
732 2975 936 3032 Augusto
985 2975 1171 3031 collega.

271 3031 331 3077 cf.
355 3035 542 3076 Sueton.
565 3031 667 3078 Tib,
690 3033 762 3075 21.
801 3035 1033 3088 Simulque
1061 3046 1172 3074 cen-

269 3104 379 3134 sum
408 3097 584 3144 ageret.
643 3090 709 3132 ld.
740 3088 849 3134 Oct.
879 3106 917 3133 c.
940 3091 1011 3134 97.
1044 3097 1174 3141 vota,

271 3162 391 3206 quae
414 3147 463 3189 in
482 3149 759 3202 proximum
779 3150 981 3190 lustrum
1001 3148 1177 3201 suscipi

271 3219 379 3247 mos
400 3213 470 3247 est
485 3237 497 3256 ,
525 3207 751 3259 collegam
773 3220 912 3248 suum
934 3206 1174 3249 Tiberium

270 3275 546 3317 nuncupare
569 3263 725 3305 iussit.
781 3262 884 3306 Vid.
908 3273 951 3307 et
980 3263 1172 3306 monim.

273 3322 444 3378 Ancyr.
508 3319 647 3375 Quod
673 3320 828 3363 attinet
854 3320 906 3362 ad
921 3321 1076 3380 Syriae
1102 3320 1174 3364 ad·-

274 3377 651 3421 ministrationem
687 3377 947 3434 Pomponio
996 3378 1177 3421 deman-

274 3434 448 3487 datam,
487 3433 598 3478 nihil
622 3444 798 3478 constat
825 3435 878 3478 de
900 3451 1045 3484 anno,
1087 3451 1177 3492 quo

274 3492 477 3550 primurn
522 3491 599 3537 ille
645 3493 695 3536 in
747 3508 843 3535 eam
898 3493 1179 3551 provinciam

901 145 1414 211 ANNALIUM
1471 195 1473 201 ,

2165 0 2207 71 η

1783 147 1837 186 A.
1854 147 1908 183 U.
1935 146 2022 184 785.

1778 192 1832 227 A.
1853 190 1906 226 C.
1951 193 2021 226 32.

2172 66 2179 78 Ι

2167 249 2177 258 ι

2217 495 2222 540 l

2191 61 2209 196 l

2188 611 2218 717 ᾖε

2196 357 2213 422 l

1579 704 1758 765 Gallo
1794 709 2117 784 exprobra-
2187 718 2219 836 ’Ἦ

2196 844 2220 878 ‚ll

2203 876 2222 926 ll

1229 1072 1404 1116 abierit.
1497 1071 1726 1116 Moesiam
1785 1073 2125 1118 administrabat
2195 1065 2202 1107 ⁸·

1228 1145 1302 1174 an.
1321 1131 1422 1179 772.
1466 1129 1526 1175 cf.
1551 1146 1674 1189 supr.
1697 1131 1742 1180 2,
1765 1131 1839 1174 66.
1897 1130 2128 1191 Proprae-
2199 1154 2203 1163 ·=

1229 1196 1302 1231 tor
1330 1187 1487 1247 Syriae
1521 1189 1634 1231 obiit
1661 1204 1735 1232 an.
1765 1189 1866 1232 786.
1923 1187 1984 1233 cf.
2018 1188 2127 1233 infr.

1228 1262 1268 1289 c.
1293 1246 1363 1290 27.
1422 1243 1511 1289 Sed
1530 1245 1678 1304 potuit
1701 1255 1802 1290 ante
1822 1246 2023 1291 Moesiae
2050 1247 2126 1290 ad·

1224 1303 1598 1347 ministrationem
1614 1303 1771 1361 Syriae
1791 1320 2008 1364 praeesse,
2024 1303 2128 1349 inde
2192 1297 2201 1342 ψ’

1223 1359 1417 1414 Romam
1435 1361 1580 1404 redire
1597 1361 1651 1404 ad
1674 1378 1723 1405 ca
1759 1360 1997 1406 essendum
2019 1378 2127 1406 con-

1225 1419 1423 1463 sulatum
1456 1433 1530 1462 an.
1562 1419 1662 1462 770.
1700 1420 1716 1474 (
1761 1436 1828 1463 ac.
1856 1421 1898 1469 2,
1920 1421 1993 1463 41.
2035 1419 2129 1463 Dio
2204 1453 2206 1457 .

1228 1476 1297 1528 57,
1320 1476 1435 1534 12),
1471 1477 1710 1520 consulatu
1732 1477 1913 1521 functus
1938 1478 1984 1520 in
1999 1478 2128 1522 Moe·
2199 1487 2202 1492 ’

1228 1535 1341 1578 siam
1371 1532 1598 1593 proficisci
1630 1543 1674 1578 et
1705 1544 1862 1595 postea
1893 1551 2048 1579 rursus
2079 1535 2128 1579 in

1228 1591 1422 1652 Syriam.

1288 1662 1496 1707 CAP.'12.
1544 1662 1854 1721 Quintiliano.
1916 1662 1994 1707 Sic
2028 1663 2130 1708 cod.

1227 1720 1332 1764 MS.
1380 1721 1483 1764 edd.
1510 1720 1734 1764 'Beroald.
1779 1721 1882 1765 Alc.
1927 1720 2131 1766 Rhenan.

1228 1777 1335 1823 Ald.
1364 1778 1679 1836 Quinctiliano
1713 1778 1814 1822 edd.
1847 1779 2020 1822 mediae
2054 1796 2133 1823 ae-

1227 1836 1330 1880 tatis
1367 1836 1474 1880 inde
1498 1852 1521 1878 a
1542 1835 1708 1895 Lipsio.
1770 1838 1984 1880 Veterem
2015 1836 2133 1880 scri-
2202 1839 2212 1842 ”

1230 1904 1411 1956 pturam
1442 1894 1677 1938 restituere
1708 1895 1982 1938 recentiores
2027 1894 2133 1938 inde

1234 1953 1288 1995 ab
1315 1952 1401 1996 lac.
1429 1950 1681 1995 Gronovio.
1742 1952 1802 1998 cf.
1827 1961 1922 1996 not.
1949 1953 2003 1996 ad
2029 1954 2068 2008 l,
2090 1950 2133 1997 3.
2208 1975 2209 1978 “

1232 2010 1316 2054 sub
1344 2026 1443 2054 voc.
1477 2008 1728 2067 Quintilla.

1295 2078 1518 2137 Sibyllae.
1560 2081 1769 2125 Sibullae
1790 2081 1891 2126 cod.
1906 2080 2008 2125 MS.
2031 2079 2135 2125 edd.

1235 2139 1446 2182 Beroald.
1465 2139 1568 2183 Alc.
1593 2139 1796 2183 Rhenan.
1822 2155 1921 2197 sqq.
1984 2139 2133 2195 Sibyl-

1234 2200 1312 2239 lae
1343 2197 1442 2241 edd.
1479 2206 1667 2240 recentt.
1702 2198 1807 2241 inde
1829 2198 1883 2240 ab
1911 2196 2134 2240 Ernestio.

1233 2255 1291 2298 Et
1326 2270 1416 2313 quo
1450 2254 1546 2297 iure
1577 2255 1813 2298 scribimus
1843 2255 1979 2298 Sulla
2020 2255 2135 2310 (vid.

1235 2321 1330 2356 not.
1358 2313 1414 2356 ad
1438 2314 1475 2364 l,
1504 2313 1588 2368 1.),
1621 2311 1780 2356 eodem
1807 2312 1979 2356 utimur
2002 2312 2047 2356 in
2061 2311 2135 2355 Si-

1235 2373 1380 2413 bulla.
1447 2371 1554 2414 Mox
1585 2378 1738 2414 tamen
1771 2371 1874 2414 edd.
1907 2371 2010 2414 Ber.
2034 2370 2136 2415 Alc.

1238 2427 1379 2470 Rhen.
1412 2428 1512 2471 Ald.
1537 2427 1701 2470 habent
1720 2427 1939 2484 Sibyllae.
2208 2428 2213 2454 ²

1240 2497 2140 2615 ε.ιὲἶ”ι,’ζῗῗ’”’ὅὶ’ἔῖιῖἷῖ.”ὲψῗῗμὲἒὲὶέἷῖῗζ

1240 2613 1313 2654 vir
1336 2612 1437 2655 edd.
1462 2612 1669 2657 Beroald.
1693 2615 1791 2658 Alc.
1814 2613 2018 2680 Rbeuan.
2040 2631 2146 2678 sqq.v

1239 2669 2143 2773 ἒῗῗυίἱιῗιιυξὲῗωῗιὲιῐιιῖιζίαηῗςοείῗΐῐῖἓαὲἧ
2208 2756 2209 2759 =

1240 2785 1413 2828 milites
1437 2787 1604 2829 adorti.
1653 2786 1808 2830 Horat.
1825 2787 1917 2830 Od.
1931 2787 1972 2839 3,
1989 2787 2054 2839 13,
2073 2787 2140 2832 13.

1231 2844 1329 2900 fies
1352 2845 1570 2886 nobilium
1596 2852 1648 2886 tu
1672 2860 1851 2901 qaoque
1864 2846 2092 2902 fimlium.

1302 2922 1495 2957 senatus
1555 2919 1831 2959 consultum.
1927 2914 1995 2960 Οὐ
2053 2913 2143 2973 γὰρ
2203 2888 2222 2954 l

1244 2973 1351 3043 ἐξῆν
1378 2971 1516 3044 οιῖδὲν
1542 2976 1636 3016 τῶν
1660 2976 1964 3045 Σιβυλλει’ωι(,
2009 2976 2058 3043 εἰ
2078 2974 2145 3033 μὴ
2211 2958 2222 3039 l

1244 3049 1272 3085 η
1304 3033 1446 3087 βουλη
1478 3035 1765 3088 ψηφίσαιτο,
1813 3033 1857 3079 ἐς
1886 3049 1937 3076 το
1969 3033 2147 3088 πληθος
2207 3042 2222 3159 i

1245 3090 1620 3145 ἐξαγγέλλεσθαι.
1683 3090 1775 3133 1)ἰο
1798 3091 1868 3140 39,
1897 3090 1961 3132 15.

1303 3147 1497 3201 collegii.
1582 3149 1666 3191 lnt.
1713 3147 2143 3206 quindecimvirum.

1247 3205 1363 3248 Nam
1388 3205 1434 3247 in
1458 3205 1546 3247 fine
1569 3206 1722 3264 capitis
1746 3205 1957 3262 legimus:
2003 3207 2145 3259 igitur

1250 3271 1358 3306 tunc
1393 3278 1571 3319 quoque
1602 3264 1786 3304 notioni
1813 3265 2143 3318 quindecimvi-

1250 3336 1358 3364 rum
1384 3321 1425 3362 is
1453 3322 1569 3362 liber
1592 3321 1848 3362 subiicitur.
2215 3364 2222 3378 .·

1309 3385 1358 3420 ut
1389 3380 1586 3421 adsolet.
1647 3378 1760 3421 Edd.
1796 3377 2005 3421 Beroald.
2042 3379 2143 3422 Alc.
2218 3395 2222 3411 ¹

1252 3435 1457 3479 Rhenan.
1500 3443 1552 3477 ut
1591 3438 1784 3478 assolet.
1864 3435 1951 3478 Sed
1997 3437 2036 3488 1,
2073 3438 2143 3481 24.
2217 3434 2222 3466 ‚¹

1253 3493 1392 3537 iidem
1413 3492 1511 3538 libri
1541 3493 1707 3537 habent
1731 3496 1929 3538 adsolet.
