2222 4030
255 220 257 223 ¹
274 204 286 215 .
296 180 350 219 U.
364 180 451 216 772.

269 250 286 263 .
302 225 351 263 C.
387 225 449 261 19.

663 180 952 245 LIB.·11..
987 191 992 198 '
1025 179 1220 257 CAP.
1258 185 1359 246 68.
1387 185 1489 247 69.
1889 187 2009 250 195

143 321 284 374 mox
333 313 677 391 pernicitate
726 313 864 390 equi
909 312 985 370 ad
1030 332 1266 371 amnem
1311 310 1634 391 Pyramum
1687 317 2010 388 contendit,

144 401 313 458 cuius
347 412 557 476 pontes
585 399 824 455 adcolae
856 407 1138 475 ruperant
1174 397 1376 454 audita
1414 400 1567 472 regis
1606 401 1772 474 fuga:
1816 421 2010 479 neque

142 487 298 543 vado
324 484 623 562 penetrari
648 494 895 558 poterat.
984 482 1170 557 Igitur-
1196 483 1262 539 in
1299 482 1432 557 ripa
1469 485 1733 543 fluminis
1764 506 1797 544 a
1823 484 2007 544 Vibio

141 570 449 629 Frontone
493 569 784 646 praefecto
833 569 1100 644 equitum
1141 568 1423 627 vincitur.
1509 590 1647 626 mox
1694 570 2010 632 Remmius

141 669 417 714 evocatus
450 654 641 732 priori
673 654 971 710 custodiae
1012 654 1164 728 regis
1200 653 1503 730 adpositus
1530 656 1698 730 quasi
1723 677 1830 731 per
1857 658 2009 716 iram

141 742 507 816 gladio'eum
546 739 840 811 transigit:
886 740 1047 806 unde
1085 739 1275 797 maior
1304 738 1448 794 fides
1487 740 1843 799 conscientia
1883 762 2007 801 sce-

139 827 281 883 leris
304 838 361 883 et
383 837 545 883 metu
576 824 785 880 indicii
809 836 1062 890 mortem
1088 823 1333 881 Vononi
1356 824 1618 883 inlatam.
1712 868 1727 878 .

239 959 243 965 .
308 909 526 970 LXIX.
613 905 698 967 At
733 906 1127 966 Germanicus
1160 906 1431 987 Aegypto
1473 929 1743 966 remeans
1778 923 2008 983 cuncta,
2098 973 2101 978 ,

139 1017 290 1074 quae
337 997 495 1073 apud
545 995 804 1069 legiones
843 1007 944 1053 aut
977 996 1155 1052 urbes
1203 995 1477 1065 iusserat,
1545 995 1766 1052 abolita
1802 997 1899 1064 vel
1938 998 2004 1054 in

139 1082 505 1140 contrarium
553 1101 719 1137 versa
767 1079 1082 1154 cognoscit.
1190 1075 1332 1138 hinc
1360 1099 1573 1154 graves
1621 1081 1687 1137 in
1724 1079 2006 1139 Pisonem

138 1167 555 1224 contumeliae:
602 1186 710 1222 nec
743 1165 943 1222 minus
984 1166 1221 1235 acerba,
1265 1186 1414 1242 quae
1450 1165 1523 1222 ab
1561 1165 1666 1223 illo
1703 1166 1770 1222 in
1792 1164 2007 1224 Caesa-

135 1272 264 1308 rem
286 1252 682 1310 tentabantur.
746 1250 903 1308 Dein
925 1249 1062 1307 Piso
1090 1251 1252 1307 abire
1266 1250 1434 1328 Syria
1460 1252 1676 1311 statuit.
1736 1273 1872 1308 mox
1899 1253 2007 1309 ad-

135 1356 306 1394 versa
330 1334 674 1394 Germanici
699 1335 1040 1407 valetudine
1078 1336 1375 1407 detentuS‚
1416 1337 1523 1410 ubi
1548 1348 1880 1396 „recreatum
1908 1358 2007 1395 ac—

137 1422 290 1499 cepit
309 1434 564 1498 votaque
586 1441 695 1496 pro
717 1419 1126 1477 incolumitate
1153 1420 1565 1497 solvebantur,
1603 1415 1868 1480 admotas
1887 1419 2006 1492 vho—
2064 1444 2073 1453 ·

134 1507 292 1578 stiam,
330 1507 708 1564 sacrificalem
731 1517 1099 1582 apparatum,
1132 1509 1339 1563 festam
1359 1503 1856 1565 Antiochensium
1876 1509 2007 1585 ple-

135 1594 272 1653 bem
303 1614 408 1669 per
435 1591 672 1650 lictores
703 1592 1036 1667 proturbat.
1124 1590 1287 1649 Tum
1310 1591 1638 1650 Seleuciam
1675 1592 2010 1671 digreditur·

1163 1797 1288 1838 unde
1306 1795 1462 1837 maior
1486 1827 1496 1838 .
1597 1795 1820 1842 inlatam.
1878 1796 2004 1843 Suet.

190 1796 371 1839 aVibio
392 1794 646 1840 Frontone.
702 1792 906 1837 Bimardi
930 1809 957 1836 o
992 1793 1033 1837 i·

134 1854 214 1898 nio
239 1853 304 1909 (in
327 1853 459 1896 Thes.
484 1852 809 1895 insenMurat.
842 1867 886 1909 p.
905 1809 1034 1909 112),

198 1927 224 1955 a
244 1927 295 1954 ex
318 1910 616 1969 inscriptione
638 1909 699 1952 ibi
722 1909 896 1968 prolata
911 1909 1040 1965 (Liui

131 1927 370 2014 izi-antona·
383 1966 541 2024 Praes.
555 1968 728 2023 Equit.)
742 1966 835 2010 vult
862 1966 1034 2026 legeret

132 2043 166 2071 a
188 2026 314 2070 Iulio
333 2026 600 2078 Frontone,
629 2026 700 2069 vel
722 2032 961 2082 propterea
983 2024 1033 2068 in

133 2097 233 2129 eam
266 2083 561 2128 mutationem
587 2080 835 2126 evalescere
862 2084 1035 2141 nequit,

133 2142 255 2202 quod
281 2155 340 2185 ne
364 2141 457 2198 ipsa
488 2140 672 2199 quidem
707 2138 944 2198 inscriptio
976 2140 1033 2183 ab

132 2201 265 2243 initio
305 2199 410 2243 satis
451 2214 655 2257 expressa
699 2197 879 2242 videtur
921 2213 1031 2240 esse.

135 2258 258 2302 Prae
279 2265 403 2300 ectus
425 2259 633 2311 equitum
658 2254 759 2312 quis
782 2255 851 2304 sit,
886 2255 1032 2307 docet,

134 2316 217 2359 nisi
259 2313 398 2366 allor,
427 2315 615 2358 Sueton.
639 2312 748 2356 Oct.
780 2328 821 2357 c.
846 2312 917 2360 88.
936 2312 1029 2355 Mi-

131 2374 381 2429 litiamque
402 2372 749 2426 auspicantibus
769 2385 864 2413 non
885 2370 1030 2412 tribu-

131 2438 300 2474 meum
316 2433 456 2472 modo
474 2431 723 2484 legionum,
743 2431 827 2471 sed
841 2437 885 2471 et
892 2442 1030 2484 prue-

118 2489 343 2546 seeturas
362 2489 559 2530 atat-um
583 2489 735 2529 dedit:
763 2501 821 2528 οε
842 2500 904 2529 ne
927 2486 1030 2542 quis

133 2560 303 2602 expers
324 2551 585 2589 metrorum
605 2551 742 2593 esset,
771 2545 906 2587 binos
922 2545 1028 2599 ple-

131 2614 331 2661 rumque
344 2603 612 2646 laticlauios
628 2603 906 2657 praeposuit
925 2602 1026 2645 sin-

221 2664 253 2705 ἐ
273 2662 376 2704 atu.

130 2664 432 2763 quamtus
462 2723 709 2759 evocatus..
779 2715 892 2759 Edd.
924 2715 1026 2759 Ber.

133 2776 337 2820 Rhenan.
360 2788 457 2832 sqq.
481 2772 727 2816 maiuscula
754 2772 898 2816 littera
924 2772 1032 2816 dant

133 2835 395 2883 Evocatus,
445 2838 656 2889 tanquam
689 2829 745 2873 sit
772 2844 1028 2888 cognomen

132 2890 236 2936 viri.
314 2887 496 2932 Rectius
544 2895 757 2930 monente
789 2885 1030 2929 freinshe-

134 2948 228 2993 mio
269 2945 469 3005 Ryckius
518 2943 748 3003 rescripsit
795 2952 1030 2987 evocatus.

133 3006 192 3050 cs.
219 3005 330 3048 uisi.
372 3008 409 3056 1,
429 3003 501 3046 46.
565 3001 692 3046 Caes.
726 3001 774 3045 Β.
801 3000 858 3044 G.
890 3000 933 3050 8,
956 3001 1028 3044 91.

132 3065 257 3108 Suet.
281 3061 389 3107 Oet.
411 3059 535 3105 056.
581 3059 762 3118 vespas.
788 3076 826 3103 c.
852 3060 891 3103 1.
936 3058 1028 3102 Dio

129 3123 204 3173 45,
238 3122 304 3165 12.
346 3128 389 3163 et
420 3118 489 3171 55,
520 3117 590 3161 24.
633 3116 708 3174 qui
749 3118 803 3161 de
835 3115 1028 3160 evocatis

131 3178 310 3224 scribitz
349 3180 425 3221 καὶ
445 3174 535 3249 γὰρ
558 3170 737 3225 τούτοις
757 3172 923 3231 ἤρξατο
938 3174 1030 3231 μὲν

131 3237 334 3295 νομίζειν
354 3233 434 3294 ἀφ’
462 3250 517 3278 ου
548 3232 654 3283 τοὺς
686 3246 1027 3288 συστρατευσα-

129 3297 299 3355 μένους
319 3293 383 3350 τῷ
407 3292 543 3351 πατρὶ
574 3291 688 3349 πρὸς
711 3290 764 3334 τὰ
788 3290 909 3334 ὅπλα
937 3284 1024 3332 αὖ-

131 3359 206 3403 :nc
239 3353 314 3397 tat
355 3349 438 3394 τὸν
455 3346 704 3394 Ἀντώνιον
733 3347 1022 3403 ἀνεκάλεσεν,

130 3409 315 3467 ἐτήρησε
341 3409 407 3453 δέ·
442 3410 520 3451 καὶ
540 3410 627 3452 εἰσὶ
646 3410 722 3451 καὶ
747 3410 834 3450 νῦν
853 3405 1023 3462 σύστη-

1104 1851 1208 1896 Tib.
1232 1868 1273 1896 c.
1295 1851 1367 1895 49.
1396 1851 1535 1911 paulo
1558 1851 1686 1897 aliter
1709 1853 1822 1898 haec
1841 1863 2007 1898 narrat.

1163 1909 1275 1954 Cn».
1297 1911 1368 1954 69.
1424 1909 1564 1954 Dein.
1637 1910 1728 1956 Alii
1772 1911 2007 1959 venditant

1137 1984 1189 2011 ro
1209 1969 1436 2023 dem'que‚·
1466 1968 1540 2010 alii
1566 1976 1811 2028 praeeunte
1833 1969 2007 2013 Acida-

1104 1983 1167 2070 i’io
1188 2029 1384 2081 denique
1406 2025 1698 2069 scribendum
1732 2042 1826 2071 esse
1855 2027 2004 2073 conii-

1106 2083 1257 2137 ciunt;
1304 2082 1540 2126 Broterius
1585 2083 1712 2127 inde.
1800 2082 2004 2129 Frustra.

1104 2141 1221 2184 Nam
1255 2141 1367 2182 dein
1399 2139 1471 2183 vel
1496 2140 1823 2184 deinde-Latini
1846 2141 2011 2189 dicunt,

1104 2213 1189 2260 pro
1220 2213 1330 2241 voce
1362 2196 1536 2241 Graeca
1569 2199 1620 2243 ἐκ
1652 2195 1840 2251 τούτου,
1890 2204 2014 2258 quae'

1104 2271 1199 2300 non
1222 2255 1370 2299 solum
1405 2256 1460 2298 de
1492 2264 1722 2315 tempore,
1758 2258 1836 2300 sed
1866 2258 2002 2300 etiam

1105 2314 1160 2357 de
1194 2328 1325 2356 causa
1359 2312 1547 2366 dicitur,
1578 2322 1627 2357 ut
1650 2323 1855 2359 nostrum
1882 2318 2000 2358 dar·

1103 2371 1205 2427 aus}
1264 2369 1322 2413 cf.
1345 2371 1537 2430 Xenoph
1575 2370 1613 2415 C
1645 2388 1683 2415 r.
1711 2376 1749 2425 1,
1774 2373 1816 2424 6,
1838 2375 1908 2415 10.
1929 2372 2005 2418 33.

1101 2428 1217 2472 lbid.
1241 2426 1282 2480 3,
1308 2427 1434 2478 1,-13.
1494 2428 1574 2472 Sic
1593 2388 1758 2474 §oster
1787 2428 1898 2473 infr.
1934 2430 2003 2484 12,

1100 2487 1171 2530 27.
1208 2495 1252 2528 et
1283 2485 1454 2538 13,..21.
1522 2487 2004 2539 admotos,.verhum

1100 2542 1383 2645 fficrificalg(
1423 2542 1546 2589 Suet.
1577 2541 1672 2589 Cal.
1703 2561 1743 2589 c.
1766 2544 1837 2591 82.
1896 2543 2002 2591 val.

1156 2659 1432 2714 dt‘greditur.
1493 2657 1611 2702 Edd.
1642 2657 1743 2702 Ber.
1777 2666 1820 2702 et
1849 2657 2000 2709 Rhea.

1101 2733 1225 2775 seqq.
1266 2716 1552 2769 degreditur.
1618 2714 1733 2760 Edd.
1771 2734 1792 2761 s
1852 2719 2001 2764 uentis

1101 2773 1256 2817 aetatis
1287 2774 1571 2829 digreditur,
1610 2782 1796 2818 auctore
1864 2774 1998 2835 ipoiso.

1101 2829 1306 2874 Ernestio
1346 2831 1615 2883 degreditur
1654 2830 2000 2880 rescribendum

1101 2887 1288 2933 videtur.
1371 2885 1576 2932 Fallitur.
1652 2886 1767 2934 Nam
1805 2893 2002 2946 degredi

1100 2944 1213 2988 valet
1245 2946 1300 2988 de
1332 2960 1412 2993 eo.
1444 2945 1522 3004 qui
1556 2960 1608 2988 ex
1634 2944 1783 2992 altiori
1818 2946 1923 2996 loco
1948 2964 1999 2995 se

1100 3001 1277 3048 confert
1301 3002 1347 3046 in
1372 3000 1666 3049 inferiorem..
1710 3003 1771 3049 cf.
1795 3003 1999 3052 Rhenan-

1101 3060 1155 3103 ad
1191 3060 1302 3104 nist.
1338 3060 1467 3109 1,61.
1527 3058 1725 3109 Picbena
1753 3062 1807 3107 ad
1830 3062 1921 3114 Au.
1955 3066 1998 3114 4.

1099 3118 1169 3161 49.
1229 3117 1346 3161 Tum
1369 3117 1423 3161 de
1448 3131 1516 3166 eo.
1547 3117 1624 3175 qui
1642 3117 1701 3164 de
1716 3117 1870 3179 aliquo
1886 3119 1998 3166 <1000

1101 3174 1219 3219 cedit
1244 3177 1496 3231 (ahereten,
1525 3177 1764 3234 obgehen).
1816 3177 1877 3225 cf.
1899 3187 2008 3225 not.r

1099 3233 1153 3277 ad
1183 3236 1248 3285 11,
1269 3234 1340 3276 21.
1401 3231 1608 3288 Digredi
1627 3232 1797 3278 abitum
1819 3234 1994 3293 signifi-

1099 3298 1193 3341 cat,
1243 3306 1334 3350 quo
1376 3290 1477 3350 quio
1509 3288 1554 3334 in
1586 3290 1723 3335 alium
1762 3290 1911 3336 locum
1949 3309 1998 3339 ue

1099 3347 1283 3391 confert
1327 3347 1626 3404 (sortgelaen,
1676 3350 1775 3392 sich
1814 3351 1992 3407 entser-

1097 3409 1236 3462 nen).
1282 3405 1341 3450 cs.
1364 3421 1485 3465 supr.
1508 3405 1634 3451 c.80.
1657 3415 1699 3450 et
1722 3407 1843 3455 1‚27.
1886 3407 1996 3453 inlr.

129 3486 197 3527 μα
221 3469 358 3536 maog,
388 3463 584 3523 ῥάβδους
605 3469 847 3524 φέροντες,
876 3463 1025 3521 ὥςπερ
1095 3464 1191 3513 6,1.
1217 3471 1262 3507 et
1283 3462 1355 3508 60.
1376 3460 1503 3515 4474.
1550 3463 1654 3508 vid.
1677 3472 1774 3507 not.
1795 3463 1850 3509 ad
1871 3466 1998 3510 e.44.

132 3530 176 3571 οἱ
201 3527 545 3581 {actionum-‘on

1097 3519 1180 3564 sub
1204 3537 1244 3565 v·
1266 3522 1479 3567 diluunt.

1410 3581 1546 3641 Ne
