2222 4030
1832 263 1883 296 Α.
1899 261 1953 295 U.
1970 261 2053 295 767.

1832 307 1884 339 A.
1905 304 1952 339 C,
1996 305 2056 339 14.

296 265 387 342 78,
960 258 1466 320 ANNALmM

295 394 444 450 lium
494 389 754 466 spatium
792 389 946 447 ferro
995 391 1363 466 flammisque
1411 400 1727 465 pervastat:
1794 412 1934 449 non·
1957 414 2143 464 sexUS,

296 499 419 535 non
463 489 617 532 aetas
647 475 1080 531 miserationem
1117 475 1338 530 attulit:
1389 476 1634 551 profana
1671 475 1861 531 simul*
1890 489 1946 534 et
1985 499 2143 536 sacra

298 575 353 620 et
378 560 821 618 celeberrimum
856 561 975 615 illis
1000 559 1270 631 gentibus
1304 561 1614 634 templum,
1658 561 1818 636 quod
1845 560 2145 620 Tanfanae

297 647 615 715 vocabant,
671 646 795 700 solo
844 655 1185 720 aequantur.
1282 643 1408 699 sine
1453 646 1697 701 vulnere
1741 646 1986 715 militeS,
2045 649 2148 723 qui
2214 658 2217 661 '

299 733 708 798 semisomnoS,
754 731 1012 784 inermos
1047 739 1147 783 aut
1178 728 1432 801 palantis
1473 729 1817 789 ceciderant.
1915 728 2150 793 Excivit

298 838 365 873 ea
421 817 621 873 caedes
673 812 1014 881 Bructeros,
1088 811 1421 881 TubanteS,
1475 812 1764 889 Usipetes:
1837 815 2149 892 saltusque,

297 922 403 978 per
445 920 592 978 quos
638 899 915 955 exercitui
956 915 1275 970 regressus,
1321 897 1604 980 insedere.
1704 901 1865 976 quod
1903 920 2150 974 gnarum

298 985 461 1044 duci:
521 985 869 1059 incessitque
919 981 1118 1038 itineri
1163 992 1218 1036 et
1259 981 1503 1056 proelio,
1611 1003 1746 1057 pars
1795 986 2058 1061 equitum
2094 997 2151 1042 et

297 1070 635 1130 auxiliariae
669 1064 938 1124 cohortes
973 1066 1291 1122 ducebant:
1335 1086 1473 1121 mox
1499 1065 1690 1141 prima
1718 1068 1897 1140 legio:
1946 1081 2002 1125 et
2024 1090 2151 1125 me-

297 1157 412 1214 diis
433 1153 868 1230 impedimentis
895 1151 1198 1212 sinistrum
1232 1151 1384 1207 latus
1419 1152 1969 1222 unaetvicesimani,
2012 1155 2154 1209 dex—

296 1255 457 1310 trum
501 1237 775 1316 quintani
813 1237 1098 1292 clausere:
1165 1235 1438 1291 vicesima
1476 1235 1631 1309 legio
1671 1248 1831 1312 terga
1871 1238 2150 1294 firmavit:

295 1338 429 1404 post
469 1324 644 1382 ceteri
681 1321 991 1380 sociorum.
1106 1318 1224 1377 Sed
1276 1316 1501 1390 hostes,
1568 1321 1755 1378 donec
1801 1342 2010 1396 agmen
2048 1343 2179 1398 per-

298 1413 477 1468 saltus
504 1408 930 1496 porrigeretur,
970 1405 1224 1463 immoti:
1267 1405 1407 1461 dein
1431 1406 1614 1463 latera
1648 1418 1706 1464 et
1740 1408 1998 1464 frontem
2022 1428 2154 1464 mo—

298 1592 373 1621 mo
397 1575 653 1630 angustior,
683 1571 843 1616 deinde
875 1571 1008 1615 latior
1033 1588 1187 1631 proce·
1259 1571 1380 1616 unde
1407 1571 1613 1628 pendeat.
1674 1572 1771 1617 Nec
1795 1574 1921 1617 locus
1945 1571 2152 1630 Xenopb.

301 1636 379 1679 dit.
441 1634 499 1676 cf.
523 1633 682 1688 Veget.
707 1630 748 1679 3,
777 1630 844 1674 19.
903 1630 1029 1675 Caes.
1054 1629 1106 1672 B.
1131 1630 1188 1674 G.

294 1695 335 1745 6,
370 1692 442 1735 40.
525 1688 613 1731 Sed
658 1688 795 1730 cunei
829 1685 962 1729 etiam
1000 1686 1190 1730 omnino

297 1757 401 1794 sunt
428 1747 597 1793 catervi
619 1746 813 1788 militum
844 1746 891 1787 in
924 1745 1091 1787 iustum
1119 1762 1190 1788 or·

297 1808 449 1851 dinem
489 1802 681 1847 redacti:
727 1803 982 1846 Colonnen.
1058 1801 1188 1845 Curt.

296 1865 339 1915 3,
361 1865 404 1907 2.
465 1860 610 1904 Tacit.
635 1859 746 1904 Hist.
778 1859 818 1911 2,
840 1860 911 1903 42.

354 1919 618 1976 Tanfanae.
682 1918 856 1961 Desunt
882 1925 1193 1969 monumenta,

295 1979 416 2022 unde
450 1976 563 2022 certi
584 1975 691 2032 quid
727 1976 780 2018 de
805 1974 883 2016 illo
911 1975 995 2018 deo
1015 1975 1088 2018 vel
1113 1975 1194 2017 dea

299 2035 451 2092 colligi
489 2035 642 2100 possit.
712 2030 849 2075 Multi
886 2039 1036 2074 tamen
1072 2031 1192 2075 vocis

298 2091 639 2152 explicationem
683 2096 931 2132 tentavere.
1008 2087 1096 2132 Alii
1126 2089 1192 2147 in-

297 2156 600 2208 terpretantur
648 2148 828 2189 initium
874 2159 1060 2196 rerum;
1119 2144 1192 2188 alii

299 2207 503 2253 derivant
535 2220 558 2247 a
586 2219 694 2247 voce
725 2202 997 2246 Germanica
1024 2203 1069 2246 T
1063 2217 1193 2245 anne

298 2265 431 2314 abies,
457 2262 560 2305 Fan
580 2261 803 2304 dominus.
851 2258 1193 2303 Strombeckius

297 2321 527 2377 Tanfana
553 2317 803 2377 suspicatur
833 2333 925 2359 esse
954 2317 1194 2359 Tormen-

297 2381 452 2430 Hain,
495 2376 694 2431 indeque
721 2374 898 2418 derivat
925 2375 1193 2421 vocabulum

299 2436 450 2496 oppidi
484 2434 684 2477 Hamm.
767 2431 856 2475 Sed
896 2431 1090 2475 sterilior
1129 2439 1194 2474 est

300 2495 356 2538 de
390 2493 472 2537 hac
501 2506 550 2534 re
584 2490 848 2548 disputatio,
902 2505 1042 2547 quum
1083 2489 1193 2531 defi-

299 2551 521 2596 cientibus
556 2546 866 2591 monumentis
903 2545 1051 2589 omnis
1085 2562 1194 2590 con-

300 2610 470 2653 iectura
495 2606 676 2650 nitatur.
736 2603 792 2648 cf.
815 2604 1056 2652 W'llaelm,
1085 2604 1194 2645 Ger-

300 2668 493 2710 manien
533 2672 618 2706 etc.
659 2678 704 2720 p.
737 2661 829 2704 129.
896 2660 1194 2704 Schmitthen·

299 2740 382 2768 ner
406 2723 478 2766 int
509 2721 680 2765 Archiv
689 2721 734 2774 f.
756 2717 922 2761 Philol.
949 2733 993 2760 u.
1016 2718 1195 2772 Pc'idag.

303 2781 431 2825 1824.
461 2795 504 2838 p.
532 2778 617 2822 892
639 2793 704 2835 sq.

356 2839 454 2881 sine
485 2839 676 2878 vulnere
710 2834 893 2877 milites.
954 2849 1018 2877 sc.
1055 2833 1196 2882 fuere,

301 2895 423 2953 quod
447 2910 577 2952 saepe
596 2893 660 2936 sic
680 2891 915 2938 omittitur,
938 2896 1079 2948 quare
1099 2906 1194 2932 non

303 2968 415 3010 opus
448 2960 512 2995 est
542 2949 857 2993 emendatione
887 2947 1196 2999 Freinshemii,

303 3009 467 3051 militis
487 3016 527 3051 et
551 3008 777 3050 ceciderat
792 3039 805 3057 ,
836 3005 1038 3063 legentis.

357 3064 585 3118 palantis.
634 3064 774 3106 ‘Edct
808 3061 1017 3106 Beroald.
1049 3062 1194 3106 Rhen.

290 3121 409 3181 ,Ald.
433 3122 550 3179 Lips.
574 3138 640 3179 pr.
660 3123 906 3176 palantem
964 3119 1078 3164 Edd.
1098 3136 1196 3179 sqq.

298 3181 520 3235 palantis.

363 3237 635 3290 incessitque
694 3235 853 3277 itineri
904 3243 950 3278 et
1033 3236 1195 3277 roelio.

303 3293 448 3338 Huius
475 3293 563 3335 loci
591 3291 754 3334 rationi
781 3291 982 3351 explican
1018 3307 1066 3334 ae
1091 3291 1197 3334 Mu·

305 3360 428 3395 retus
473 3347 672 3392 adhibuit
717 3349 968 3407 exemplum
1007 3350 1096 3394 An.
1128 3347 1197 3396 13,

295 3411 378 3452 40.
414 3409 524 3452 Non
555 3406 725 3459 ignaro
754 3409 867 3448 duce
898 3414 1085 3458 nostro,
1117 3407 1201 3463 qui

304 3468 408 3509 viae
431 3465 613 3518 pariter‘
639 3469 683 3504 et
711 3476 896 3517 pugnae
925 3479 1195 3517 composue-

307 3530 387 3565 rat
408 3521 681 3564 exercitum.
742 3520 802 3563 At
825 3519 884 3563 ibi
907 3537 986 3577 per
1011 3522 1195 3564 verbum

306 3585 631 3635 composuerat
673 3577 848 3624 dativus
895 3578 998 3620 satis
1049 3577 1195 3628 habet,

1261 1630 1429 1688 Cyrop.
1454 1630 1496 1678 2,
1509 1629 1553 1672 4.
1580 1629 1803 1675 satisfecit.
1852 1630 2002 1672 Verba
2024 1639 2152 1673 sunt:

1260 1685 1412 1736 Αὐτὸς
1433 1686 1484 1730 δὲ
1508 1678 1863 1742 συνταξάμενὸς,
1896 1680 1925 1749 ᾗ
1947 1684 2152 1743 ἄριστον,

1262 1747 1339 1788 καὶ
1374 1743 1488 1799 πρὸς
1532 1744 1584 1789 τὸ
1631 1744 1790 1788 ἀνύειν
1832 1747 1908 1798 (al.
1950 1741 2154 1797 ἀνύτειν)

1262 1802 1345 1856 τὴν
1384 1798 1499 1845 ὁδὸν
1542 1804 1620 1845 καὶ
1662 1802 1777 1859 πρὸς
1807 1802 1858 1847 τὸ
1905 1800 2153 1869 μάχεσθαι,

1265 1863 1307 1903 εἴ
1325 1875 1365 1902 τι
1383 1861 1496 1914 δέοι,
1520 1855 1780 1916 ἐπορεύετο.
1823 1861 1938 1903 Nam
1955 1860 2028 1904 hic
2042 1873 2156 1904 συν-

1265 1916 1519 1974 ταξάμενος
1542 1919 1655 1976 regit
1681 1916 1927 1977 sequentia.
1978 1916 2159 1973 Quodsi
2216 1975 2222 1977 ⁴

1264 1975 1313 2018 in
1346 1975 1491 2018 Taciti
1532 1975 1635 2018 loco
1667 1975 1937 2020 vocabulum
1974 1975 2157 2034 aliquod

1266 2033 1408 2076 verbo
1432 2030 1777 2088 συνταξάμενος
1796 2031 1939 2075 simile
1973 2032 2157 2081 adesset,

1265 2089 1326 2131 nit
1350 2089 1679 2133 haesitaremus.
1723 2090 1930 2132 Muretus
1954 2099 1996 2132 et
2008 2089 2156 2133 Wol-

1266 2146 1349 2189 fius
1384 2147 1636 2204 supplendo
1667 2146 1924 2202 intelligunt
1940 2155 2157 2201 paratus.

1266 2204 1342 2246 Sic
1368 2203 1494 2247 Curt.
1519 2204 1561 2255 3,
1577 2205 1617 2255 8,
1633 2205 1705 2248 23.
1731 2204 1890 2246 itineri
1908 2207 2046 2247 simul
2062 2221 2159 2260 po-

1266 2268 1398 2303 ratus
1434 2269 1478 2304 et
1503 2264 1697 2316 proelio.
1757 2261 1862 2304 Non
1896 2269 2045 2304 tamen
2078 2278 2158 2320 pu·

1265 2318 1453 2361 taverim
1482 2318 1584 2362 talia
1608 2335 1693 2377 pro
1728 2319 1870 2361 lubitu
1894 2319 2035 2361 omitti
2060 2335 2158 2378 pos-

1265 2390 1337 2427 se,
1378 2384 1428 2418 ut
1465 2375 1700 2420 divinanda
1739 2376 1898 2419 lectori
1930 2385 2158 2420 maneant.

1265 2433 1450 2476 Rectius
1476 2433 1612 2490 igitur
1625 2433 1821 2477 dativum
1843 2433 2158 2491 explicabimus

1267 2507 1290 2532 e
1338 2491 1603 2548 praegnanti
1658 2490 1982 2547 significatione
2035 2491 2159 2533 verbi

1264 2549 1449 2590 incessit
1480 2547 1525 2590 h.
1553 2564 1593 2592 e.
1625 2548 1851 2591 incessum
1882 2547 2068 2604 agminis
2094 2548 2160 2590 in-

1266 2605 1407 2648 stituit
1438 2605 1500 2658 (id
1534 2606 1655 2648 enim
1684 2604 1781 2649 vult
1813 2612 1988 2662 tempus
2022 2606 2161 2648 inces—

1266 2664 1356 2718 sit).
1432 2661 1522 2705 lam
1563 2672 1660 2721 apte
1699 2662 1900 2719 sequitur
1932 2663 2089 2704 itineri
2116 2669 2161 2704 et

1261 2719 1463 2774 proelio,
1495 2717 1587 2774 fiir
1618 2718 1806 2761 Μαι-δεῇ
1841 2721 1940 2760 und
1969 2719 2161 2775 Kampf,

1266 2775 1310 2818 h.
1334 2791 1372 2818 e.
1398 2775 1622 2820 incessum
1655 2776 1714 2818 ita
1750 2775 1963 2827 instituit,
1994 2785 2044 2820 ut
2077 2785 2159 2820 sta·

1267 2833 1375 2883 tim,
1419 2834 1452 2875 si
1488 2849 1559 2876 res
1604 2840 1872 2891 poscerent,
1917 2849 1966 2875 ex
2001 2834 2160 2876 itinere

1300 2890 1491 2933 roelium
1523 2891 1659 2948 incipi
1693 2898 1859 2946 posset.
1943 2890 2072 2935 Iuvat
2104 2890 2160 2934 ad

1267 2906 1390 2991 liunc
1422 2948 1574 2992 locum
1604 2947 1800 2990 conferri
1831 2946 2026 2990 similem
2052 2947 2161 2991 dati·

1268 3021 1404 3056 vum,
1454 3006 1530 3062 qui
1577 3014 1644 3048 est
1683 3005 1771 3047 An.
1808 3003 1877 3052 13,
1907 3004 1978 3049 38.
2021 3007 2161 3048 colles

1269 3065 1520 3106 clementer
1553 3065 1858 3117 adsurgentes
1887 3061 2163 3116 accipiendis

1261 3121 1472 3177 peditum
1494 3119 1756 3169 ονάίηίὸιιες
1797 3118 1866 3168 13,
1886 3117 1953 3161 32.
1970 3120 2161 3175 sactum

1269 3185 1315 3219 et
1336 3178 1384 3221 S.
1408 3177 1454 3219 C.
1484 3177 1651 3218 ultioni
1677 3177 1813 3218 iuxta
1838 3184 1882 3219 et
1911 3177 2159 3219 securitati.

1266 3233 1456 3276 Dativus
1493 3234 1539 3276 in
1573 3233 1796 3276 eiusmodi
1832 3233 1941 3278 locis
1976 3233 2160 3291 ponitur

1267 3307 1354 3349 pro
1377 3294 1442 3332 ad
1467 3307 1506 3334 c.
1532 3306 1682 3334 accus.

1327 3349 1599 3391 unaetvices.
1657 3347 1772 3390 Edd.
1803 3347 2013 3391 Beroald.
2036 3346 2157 3391 Rhe-

1267 3422 1374 3448 nan.
1417 3422 1516 3464 sqq.
1561 3406 1962 3456 undevicesimam'.
2042 3405 2158 3448 Vide

1269 3471 1364 3506 not.
1399 3463 1453 3505 ad
1481 3479 1523 3506 c.
1549 3461 1620 3505 30.

1322 3521 1659 3575 por-regeretur.
1740 3518 1979 3578 Perperam
2027 3517 2158 3560 Hein-

1268 3578 1385 3622 sius:
1423 3580 1808 3632 progrederetur.
1869 3575 1985 3619 Nam
2012 3577 2158 3634 exqui-
