2222 4030
151 165 279 209 Asu.
292 164 364 200 ²76

146 209 267 249 „a
311 189 376 248 2³2
662 168 836 232 LIB.
871 166 973 229 W.
1050 165 1246 231 CAP.
1278 173 1336 231 2.
1798 169 1926 231 293
2012 243 2031 263 ἴ

57 300 486 362 Praetendebat
513 298 783 355 lascivire
815 297 1064 356 militem
1103 297 1438 356 diductum:
1485 300 1536 357 si
1570 300 1733 378 quidz
1754 300 1921 356 subi-

59 399 187 446 tum
209 387 475 460 ingruat,
514 383 740 440 maiore
777 382 1000 441 auxilio
1028 381 1255 460 pariter
1286 386 1615 443 subveniri:
1645 380 1718 445 'et
1752 404 1919 442 seve-

55 473 182 530 rius
205 483 466 540 acturos,
506 468 558 524 si
581 468 806 525 vallum
825 479 1116 526 statuatur
1123 469 1350 545 ‚procul
1386 471 1552 533 urbis
1586 470 1916 532 inlecebris.

58 556 139 616 Ut
161 558 416 633 perfecta
440 564 579 612 sunt
600 563 813 623 castra,
854 554 1124 629 inrepere
1141 552 1428 628 paulatim
1463 556 1762 615 militares
1783 556 1916 613 ani-
1936 610 1937 613 ,

56 663 184 700 mos
215 641 520 708 adeund0,
562 638 941 714 appellando:
998 637 1176 696 simul
1208 639 1581 698 centuriones
1619 662 1686 698 ac
1719 641 1937 705 tribu-3

54 748 165 786 nos
209 728 334 802 ipse
380 725 652 798 deligere.
746 743 940 800 neque
975 722 1267 785 senatorio
1312 723 1543 781 ambitu
1583 727 1944 790 abstinebat-2

53 814 295 869 clientes
321 829 459 868 suos
481 805 811 867 honoribus
836 820 939 867 aut
959 808 1286 884 provinciis
1301 809 1586 879 ornandi,
1629 812 1790 869 facili
1803 810 1916 869 Ti-

54 898 219 954 berio
245 907 420 973 atque
441 895 523 952 ita
544 914 766 969 prono,
810 906 878 952 ut
911 894 1138 951 socium
1171 894 1443 952 laborum
1476 914 1602 951 non
1634 898 1813 954 modo
1846 897 1927 957 inx

52 982 455 1050 sermonihuS,
501 980 603 1036 sed
635 981 792 1055 apud
818 990 1012 1056 patres
1044 991 1100 1036 et
1132 980 1424 1055 populum
1456 976 1777 1039 celebraret
1812 1003 1913 1039 co-

50 1069 211 1146 lique
241 1088 348 1143 per
382 1062 612 1124 theatra
645 1077 704 1123 et
738 1066 869 1123 fora
904 1065 1121 1139 effigies
1158 1065 1286 1124 eius
1312 1065 1588 1144 interque
1619 1066 1914 1143 principia

51 1154 352 1228 legionum
386 1151 624 1211 sineret.

47 1329 158 1376 infr.
187 1345 228 1374 c.
248 1329 305 1374 33
326 1335 370 1373 et
389 1327 463 1373 39.
524 1328 699 1372 Verba:
739 1328 790 1370 in
819 1334 947 1370 cete-

45 1403 126 1434 ros
157 1394 335 1436 metus,
373 1384 703 1444 adpositionem
729 1383 945 1434 efficiunt,

46 1445 227 1505 qualem
268 1443 527 1491 invenimus
564 1444 602 1495 1,
633 1442 706 1486 27.
750 1457 944 1485 causam

45 1503 307 1548 discordiae
353 1507 399 1544 et
444 1501 636 1543 initium
676 1514 943 1544 armorum.

46 1560 153 1605 Vid.
185 1560 246 1603 ib.
281 1568 377 1603 not.
435 1556 529 1601 Dio
562 1557 592 1602 l.
628 1558 658 1600 l.
700 1557 754 1601 de
788 1557 943 1601 eadem

43 1637 94 1664 re
124 1618 234 1663 baec
263 1617 422 1662 babet:
457 1613 568 1665 ὥςτε
591 1615 648 1660 τὰ
672 1617 940 1674 παραγγέλ-

41 1691 170 1738 ματα
203 1677 278 1719 καὶ
307 1671 510 1732 ἀθρόους
541 1676 620 1718 καὶ
651 1672 731 1718 διὰ
761 1676 943 1731 ταχέων

42 1731 324 1795 λαμβάνειν,
389 1735 468 1776 καὶ
509 1730 739 1790 φοβεροὺς
780 1733 938 1789 πᾶσιν,

42 1791 123 1839 ὅτε
152 1794 230 1837 καὶ
260 1793 313 1836 ἐν
334 1790 402 1835 ἑνὶ
424 1794 563 1847 τείχει
599 1788 762 1846 ὄντας,
806 1787 940 1834 εἶναι.

38 1853 150 1898 Non
194 1849 420 1894 dubitabis
455 1849 662 1895 Dionem
711 1865 735 1893 e
777 1847 939 1894 Tacito

39 1910 151 1956 haee
171 1908 381 1952 hausisse.
408 1935 469 1944 —
526 1906 671 1950 Paulo
707 1905 838 1949 aliter
869 1903 939 1950 lo-

40 1983 147 2014 cum
179 1967 499 2024 interpretatus
529 1972 594 2008 est
625 1964 662 2007 I.
699 1963 775 2007 Fr.
812 1962 938 2007 Gro-

41 2026 231 2075 novius,
278 2032 323 2067 et
347 2021 400 2066 -in
432 2022 555 2066 hunc
585 2021 799 2065 modum:
849 2029 940 2071 „ut

41 2081 376 2128 multitudinem
411 2095 539 2124 suam
572 2079 829 2131 noscendo,
867 2096 939 2123 ro·

37 2143 127 2187 bur
176 2137 477 2189 aestimando,
532 2135 682 2180 vultus
731 2137 937 2180 omnium

39 2197 204 2258 singuli
241 2194 550 2239 familiariores
581 2194 788 2238 habendo
826 2195 938 2239 certi

42 2256 202 2300 fierent
234 2254 289 2298 de
322 2252 485 2297 fiducia
515 2253 632 2296 inter
664 2268 757 2295 sese
792 2251 935 2319 deque

38 2323 163 2358 metu
192 2310 262 2355 sui
293 2310 410 2369 apud
444 2319 647 2363 ceteros3
685 2326 755 2358 se,
800 2325 813 2350 t
833 2309 933 2353 uld-

37 2371 145 2431 quid
201 2377 315 2413 esset
361 2367 646 2419 audendum,
706 2382 796 2411 con
815 2366 936 2410 idere

36 2429 157 2474 iuter
181 2444 228 2472 se
254 2426 352 2471 aliis
378 2423 721 2485 metum-facere
756 2423 937 2484 posse.”

35 2510 97 2522 —
131 2484 225 2530 Alii
265 2485 452 2527 verbum
494 2482 682 2525 credere
719 2482 936 2526 damnant

35 2543 274 2601 variasque
313 2540 597 2586 coniecturas
638 2539 933 2583 substituunt.

35 2602 275 2647 Merecrus
300 2614 406 2643 cum
428 2597 659 2641 Acidalio:
687 2601 936 2641 dederetur

38 2659 111 2705 vel
141 2660 407 2707 dideretur‚·
443 2654 669 2699 Faernus:
702 2655 935 2704 oriretur,-

37 2717 248 2762 Muretus
290 2728 397 2757 cum
442 2710 616 2755 Ursino
658 2722 703 2755 et
744 2711 934 2755 Grotio=

38 2778 288 2819 cresceret,
315 2769 440 2829 quod
465 2783 610 2827 nuper
633 2767 933 2826 placuitssek-

14 2828 150 2904 litero
172 2839 215 2874 et
233 2826 514 2884 Kiesslingio.
565 2822 782 2869 Savilius:
810 2840 935 2869 crea·

39 2897 186 2937 retur,
207 2904 220 2929 ι
240 2885 330 2930 uod
353 2884 559 2928 damnata
578 2899 657 2927 sua
674 2884 935 2927 coniectura

38 2962 228 3005 compro
261 2944 348 2986 avit
363 2950 513 3001 postea
527 2941 783 2992 Merca-un
802 2940 936 2984 etiam

37 3001 397 3050 Freinshemius,
427 2998 465 3042 R
489 2997 649 3050 chius,
673 2996 937 3056 Wopken-

38 3061 145 3114 ςὶυε,
173 3057 419 3105 Broterius,
516 3055 706 3105 nestius,
736 3055 814 3114 qui
834 3071 936 3099 cre-

39 3123 232 3164 deretur
248 3114 585 3167 camelianum
610 3122 652 3157 et
670 3121 936 3171 corruptum

402 3172 622 3217 Crollius:
671 3173 936 3214 inderetur.

476 3237 493 3272 t
529 3238 837 3297 comparatus,
887 3237 939 3272 ut

454 3287 498 3330 di
535 3296 748 3355 spatium·
772 3294 940 3345 pato-¹213

42 3191 141 3222 esse
181 3182 321 3234 putat.

42 3232 134 3278 sed
167 3230 388 3298 locuujta

42 3292 181 3337 latum
226 3300 331 3332 eom

43 3421 183 3464 quum
206 3400 424 3448 cod.MS.
449 3401 541 3462 ipse
569 3411 724 3461 aperto
742 3411 847 3446 vino
872 3402 936 3446 la-

42 3464 264 3574 boga-ad
313 3519 443 3563 urbis
494 3517 748 3562 Inlecebris.
836 3514 938 3559 Nou

42 3348 154 3395 certi
192 3344 300 3389 nibil
335 3343 540 3388 ‘rbitror
575 3344 939 3412 dcsnnirlnposse,
982 3363 988 3368 ⁴

1013 1330 1185 1383 procul
1204 1329 1345 1379 urbe,·
1378 1343 1483 1372 nam
1507 1333 1652 1373 castra
1681 1326 1737 1372 ad
1766 1320 1936 1386 ipsam*

1017 1385 1177 1429 urbem
1202 1385 1356 1429 fueret
1385 1386 1463 1430 sed
1491 1385 1651 1443 procul
1681 1384 1808 1429 urbis
1837 1383 1910 1426 in-

1015 1442 1220 1492 lecebris,
1249 1443 1416 1503 quippe
1439 1442 1675 1503 disciplina
1696 1441 1912 1488 castrensi

1014 1499 1167 1544 habiti.

1070 1573 1317 1615 senatorio
1358 1573 1554 1615 ambitu.
1649 1569 1911 1616 Senatorius

1013 1627 1205 1673 ambitus
1230 1629 1476 1688 opponitur
1497 1629 1702 1682 militari,
1732 1628 1908 1672 innuit-

1013 1702 1101 1754 que
1122 1686 1322 1730 studium
1347 1694 1554 1730 senatum
1582 1685 1649 1730 vel
1681 1693 1911 1730 senatores

1012 1743 1098 1788 sibi
1123 1745 1422 1797 conciliandi,
1455 1742 1705 1801 obligandi,
1735 1743 1783 1787 in
1805 1757 1912 1803 par-·

1012 1811 1078 1846 tes
1114 1818 1214 1846 suas
1244 1801 1461 1846 trahendi.
1530 1802 1608 1846 Sic
1642 1801 1730 1845 An.
1764 1802 1807 1850 2,
1841 1802 1909 1845 14.

1012 1861 1314 1902 ambitionem
1348 1862 1606 1903 militarem
1630 1858 1798 1902 Noster
1834 1858 1911 1902 di-

1010 1917 1087 1961 xit.
1147 1917 1240 1960 Dio
1274 1918 1343 1968 58,
1376 1917 1420 1961 4.
1459 1914 1514 1962 ‘O
1545 1918 1599 1961 δὲ
1631 1915 1690 1972 δὴ
1708 1909 1911 1972 Σηῗανὸς

1011 1977 1090 2018 καὶ
1127 1976 1299 2033 μείζων
1344 1977 1421 2018 καὶ
1466 1972 1784 2048 φοβερώτερος
1839 1973 1913 2020 ἀεὶ

1012 2034 1244 2091 ἐγίγνετο·
1297 2029 1408 2082 ὥςτε
1432 2035 1509 2077 καὶ
1532 2050 1641 2082 τους
1659 2031 1909 2089 βουλευτὰς

1011 2094 1089 2135 καὶ
1109 2090 1216 2141 τοὺς
1246 2089 1412 2141 ἄλλους
1441 2092 1602 2148 ἐκείνῳ
1623 2091 1715 2151 μὲν
1746 2089 1808 2140 ὥς
1831 2093 1912 2134 καὶ

1011 2147 1314 2209 αὐτοκράτορι
1339 2152 1602 2208 προς-ἐχειν,
1635 2146 1728 2193 τὸν
1747 2149 1801 2193 δὲ
1825 2153 1908 2192 Τι-

1008 2212 1164 2267 βέριον
1189 2209 1240 2253 ἐν
1264 2208 1481 2267 ὀλιγωρίᾳ
1504 2210 1761 2251 ποιεῖσθαι.

1066 2266 1285 2310 ornandi.
1344 2265 1422 2310 Sic
1445 2266 1548 2311 cod.
1573 2264 1676 2310 MS.
1699 2272 1800 2309 test.
1827 2264 1910 2310 Pi-

1010 2324 1151 2367 chena
1190 2323 1291 2367 edd.
1334 2322 1544 2367 Oberlin.
1587 2339 1686 2382 sqq.
1772 2322 1906 2368 Prius

1008 2381 1112 2425 inde
1135 2397 1158 2424 a
1179 2381 1403 2425 Beroaldo
1428 2380 1643 2425 edebatur
1674 2384 1908 2434 ornando,

1007 2440 1079 2482 cui
1103 2438 1278 2483 formae
1308 2437 1459 2482 nullus
1494 2439 1540 2481 iu
1575 2438 1663 2482 hoc
1697 2446 1907 2482 contextu

1008 2496 1138 2541 locus
1169 2504 1257 2552 est„
1315 2496 1509 2554 Repetiit
1542 2505 1691 2540 tamen
1722 2494 1917 2554 Ruper-·

1007 2555 1111 2599 tius.
1166 2555 1337 2597 verum
1384 2553 1631 2612 explicatur
1667 2551 1765 2602 hie,
1818 2568 1909 2611 qua

1004 2613 1178 2655 ratione
1200 2612 1246 2653 in
1273 2611 1441 2654 ambitu
1466 2610 1551 2654 illo
1582 2626 1690 2654 usus
1715 2609 1771 2652 sit
1793 2610 1838 2654 h.
1860 2626 1903 2653 e.

1008 2669 1151 2727 qualis
1194 2668 1390 2713 ambitus
1437 2667 1572 2711 suerit
1616 2667 1810 2724 latetque
1859 2668 1908 2715 in

1008 2742 1114 2769 voce
1139 2726 1344 2768 ambitus
1367 2726 1494 2768 notio
1527 2741 1581 2769 cu
1619 2725 1776 2778 minis,
1806 2733 1903 2769 stu-

1007 2782 1067 2825 dii
1090 2782 1260 2841 aliquid
1284 2782 1491 2826 faciendi.
1552 2800 1572 2825 ‹·
1602 2815 1611 2824 .
1634 2781 1746 2826 Ilist.
1772 2785 1811 2838 1,
1838 2783 1904 2828 19.

1010 2840 1227 2883 Nostrum
1258 2839 1418 2896 aliquis
1445 2839 1717 2899 scripsisset:
1750 2842 1820 2884 ita
1853 2848 1910 2884 ul·

1008 2905 1222 2998 mwggrct.
1282 2898 1389 2942 Vid.
1413 2905 1512 2941 not.
1539 2898 1596 2942 ad
1626 2898 1669 2950 2,
1691 2898 1749 2943 48
1770 2907 1814 2942 et
1832 2898 1904 2943 47.

1009 2956 1051 3007 3,
1138 2986 1149 2998 ·

1064 3027 1242 3069 socium
1264 3027 1494 3068 laborum.
1547 3029 1790 3072 Koa-mor
1809 3028 1905 3073 τῶν

1010 3100 1039 3142 q
1051 3084 1293 3141 ρονιίδων.
1355 3082 1445 3127 Dio
1468 3082 1535 3135 58,
1554 3084 1598 3129 4.

1067 3143 1169 3184 coli.
1241 3141 1330 3185 Dio
1357 3141 1425 3193 58,
1447 3141 1488 3185 2.
1507 3143 1553 3187 4.
1578 3144 1646 3186 11.

1063 3214 1151 3255 per
1171 3200 1375 3242 theatra.
1427 3198 1518 3243 Dio
1536 3199 1607 3251 57.
1619 3200 1691 3244 21.
1733 3201 1904 3246 Seneca

1011 3257 1064 3299 ad
1090 3257 1234 3300 Marc.
1267 3273 1308 3301 e.
1327 3257 1402 3302 22.
1466 3282 1484 3301 a

1070 3327 1261 3384 ‘'sfib'l‘es.
1331 3326 1393 3372 cs.
1427 3343 1547 3387 supr.
1590 3326 1632 3381 3,
1665 3329 1735 3372 72.
1799 3311 1909 3373 ins1.,'

1012 3402 1052 3428 c.
1076 3385 1117 3428 7.
1175 3384 1267 3429 Dio
1286 3383 1356 3441 57,
1375 3385 1446 3429 21,

1081 3456 1291 3512 interque
1349 3457 1582 3513 principia
1648 3459 1899 3514 legionum.

1013 3513 1198 3558 Sueten.
1222 3512 1322 3560 Tib.
1355 3531 1397 3560 c.
1420 3515 1491 3559 48.
1732 3527 1737 3532 “
