2222 4030
1822 208 1875 244 A.
1886 206 2032 247 11:773.

1822 253 1873 287 A.
1891 251 1939 286 C.
1971 254 2032 288 20.

264 212 391 273 236
944 203 1452 267 ANNALIUM

259 340 375 399 tiae
421 339 605 412 signa.
695 337 1035 411 deprecatus
1079 338 1272 412 primo
1323 348 1618 407 senatum,
1685 359 1760 396 ne
1801 344 2118 401 maiestatis

258 425 508 482 crimina
545 433 956 491 tractarentur,
998 443 1136 478 mox
1173 420 1260 489 M.
1289 421 1608 479 Servilium
1644 446 1672 480 e
1709 429 2117 499 consularibus

260 510 523 586 aliosque
548 519 720 566 testes
746 507 951 563 inlexit
975 509 1046 563 ad
1073 507 1454 580 proferenda,
1502 530 1650 585 quae
1677 511 1840 567 velut
1874 514 2114 570 reticere

256 596 544 654 voluerat.
631 594 904 668 idemque
931 611 1127 648 servos
1151 590 1439 665 Lepidae,
1483 615 1617 650 cum
1638 596 1885 652 militari
1923 610 2116 655 custo-

258 681 358 737 dia
390 676 777 747 haberentur,
823 677 1124 734 transtulit
1171 678 1243 731 ad
1281 679 1576 748 consules,
1624 700 1814 757 neque
1851 703 1957 757 per
1994 694 2116 740 tor-

256 776 457 822 menta
501 762 851 836 interrogari
899 780 1100 835 passus
1149 772 1234 817 est
1271 762 1343 817 de
1378 759 1500 832 his,

909 843 1147 904 Exemit
1178 847 1353 903 etiam
1375 847 1638 906 Drusum
1673 854 1972 908 consulem
2013 856 2115 910 de-

257 937 551 1010 signatum
578 934 858 990 dicendae
894 931 1087 1004 primo
1123 933 1254 987 loco
1291 936 1635 990 sententiae:

776 1036 849 1071 ne
890 1016 1094 1071 ceteris
1147 1017 1523 1073 adsentiendi
1570 1021 1880 1084 necessitas
1926 1024 2112 1080 fieret:

254 1107 498 1184 quidam
533 1105 606 1160 ad
640 1101 941 1157 saevitiam
978 1097 1308 1160 trahebant.

256 870 423 907 suam
445 849 824 926 pertinerent.

254 1022 375 1078 vile
411 1021 694 1078 rebantur
706 1063 721 1086 ,

252 1193 374 1258 nisi
398 1187 721 1249 damnandi
747 1186 958 1245 officio·

423 1284 648 1346 XXIII.

1566 786 1715 840 quae
1761 768 1835 822 ad
1871 764 2115 825 domum

1695 938 1855 1011 quod
1892 939 1995 993 alii
2031 940 2115 995 ci-

1395 1123 1587 1180 neque
1624 1106 1785 1161 enim
1818 1127 2115 1165 cessurum

732 1283 961 1360 Lepida
985 1284 1266 1341 ludorum
1293 1286 1530 1358 diebus,
1575 1289 1679 1364 qui
1716 1290 2113 1363 cognitionem

252 1376 717 1440 intervenerant,
761 1366 1056 1427 theatrum
1082 1391 1215 1428 cum
1250 1371 1421 1428 claris
1458 1373 1694 1430 seminis
1730 1375 1988 1448 ingressa
2025 1377 2114 1433 la-

249 1609 378 1644 nem,
407 1590 594 1635 modum
619 1590 794 1649 agendi.
808 1592 833 1611 '‘
877 1590 1015 1648 Quod
1041 1608 1147 1636 con·

248 1660 420 1696 tortum
447 1657 526 1693 est.
587 1649 741 1691 Vertit
771 1665 911 1719 aeque
941 1666 994 1693 ac
1025 1651 1146 1692 mis-

251 1711 343 1753 cuit
376 1715 545 1766 spectat
573 1706 628 1750 ad
663 1708 797 1762 signa
831 1723 934 1750 irae
971 1716 1014 1749 ec
1051 1709 1145 1749 cle-

251 1767 454 1810 mentiae
495 1763 540 1808 h.
571 1781 610 1807 e.
650 1739 726 1807 imo
745 1764 868 1832 egit,
927 1773 977 1807 ut
1021 1781 1146 1808 nunc

250 1825 370 1873 irae,
401 1836 526 1866 nunc
547 1821 810 1866 clementiae
839 1823 962 1880 signa
989 1832 1145 1866 osten-

251 1884 393 1926 deret.
455 1878 568 1923 Nam
593 1887 773 1922 vertere
795 1878 1142 1923 inconstantiam

250 1942 456 1989 denotat3
503 1936 611 1980 hinc
639 1944 864 1980 versutus.
935 1938 1010 1980 Sic
1045 1952 1144 1979 ver-

251 2008 348 2042 tere
379 2003 420 2038 et
454 1995 648 2037 miscere
686 1995 774 2037 irae
812 2003 854 2038 et
883 1995 1146 2039 clementiae

249 2055 374 2112 signa
405 2052 597 2095 evadunt
619 2069 669 2110 s)
674 2068 885 2111 nonyma.

302 2110 606 2176 proferenda.
668 2103 782 2155 Cod.
816 2110 918 2154 MS.
953 2111 1142 2167 p-rofen

249 2173 338 2219 da,
395 2166 538 2210 media
574 2165 742 2226 syllaba
776 2169 953 2211 omissa.
1042 2169 1142 2212 Vid.

250 2237 347 2271 not.
374 2225 426 2268 ad
457 2227 493 2275 1,
514 2224 585 2267 20.
644 2224 681 2267 l.
712 2223 970 2268 Gronovius
995 2234 1144 2269 tenta-

249 2286 348 2329 bat:
377 2283 632 2338 profonda.
695 2282 860 2325 Melius
884 2284 1142 2340 acquiesce-

248 2357 352 2386 mus
394 2340 441 2383 in
484 2339 823 2390 emendatione,
884 2357 1019 2399 quam
1050 2340 1142 2384 Be*

247 2398 428 2442 roaldus
452 2395 588 2439 dedit.

309 2471 430 2513 quae
487 2456 611 2496 velut
661 2454 857 2496 reticere
910 2458 1140 2498 voluerat.

247 2513 325 2557 Sic
343 2513 444 2556 edd.
470 2511 678 2554 Beroald.
702 2511 843 2554 Rhen.
870 2511 972 2556 Ald.
1026 2513 1138 2554 reti-

248 2573 348 2616 ceri
380 2570 451 2612 ed.
482 2567 752 2627 Lips.1607.
829 2569 880 2611 ln
916 2570 1142 2639 piwioiibuts

247 2629 350 2674 edd.
382 2627 502 2671 idem
534 2641 573 2669 c.
599 2624 795 2669 Gruter-o
829 2627 991 2669 retinet
1026 2630 1142 2670 reti-

245 2701 364 2731 cere.
425 2682 523 2727 cod
553 2683 654 2726 Ms.
682 2692 779 2727 test.
799 2683 926 2728 Pich.
949 2687 1143 2737 rez'5cere

247 2743 354 2788 hinc
387 2742 454 2786 ed.
481 2740 604 2783 Pich.
631 2742 755 2784 1607.
790 2742 991 2785 r'encere.
1053 2721 1140 2785 Sed

249 2803 320 2846 ed.
342 2799 468 2843 Pich.
498 2797 620 2841 1609.
674 2799 891 2856 Bernegg.
915 2816 1011 2858 sqq
1034 2801 1139 2844 red-

249 2867 360 2902 ‹unt
397 2857 614 2910 reticere,
659 2857 705 2899 in
739 2873 829 2914 quo
864 2859 1027 2900 merito
1059 2873 1140 2901 ac-

246 2915 533 2981 quiescimus.
611 2913 660 2954 V
656 2917 840 2956 aluerat
870 2914 1050 2982 respicit
1085 2915 1140 2958 ad

248 2973 632 3030 deprecationem,
663 2988 795 3038 quam
820 2973 1014 3030 script01
1036 2981 1139 3015 ante

248 3031 415 3073 dixerat
437 3047 459 3071 a
478 3004 701 3071 Tiberio
690 3045 737 3071 m
768 3039 925 3072 senatu
956 3030 1135 3072 factam.

248 3089 389 3131 Velut
425 3085 755 3128 simulationem
794 3087 974 3129 denotat
1006 3087 1136 3141 (uor-

246 3144 451 3201 gebllch).
507 3142 564 3185 cf.
589 3159 712 3202 supr.
733 3145 770 3194 l,
791 3144 830 3186 8.
857 3147 981 3186 velut
997 3160 1138 3197 p-roe

245 3203 365 3246 sidio
405 3207 589 3242 stetere.
673 3199 874 3258 intellige
919 3218 994 3243 eos
1042 3218 1136 3243 non

246 3256 480 3325 praesidii,
514 3257 592 3299 sed
620 3238 924 3300 ostentationis
951 3260 1137 3317 impera-

246 3316 386 3359 toiiae
421 3329 551 3357 causa
581 3315 765 3357 stetisse.
851 3315 944 3357 lbid
998 3333 1036 3360 c.
1071 3320 1134 3358 10

246 3388 367 3430 quae
391 3374 516 3414 velut
538 3376 803 3413 excusando
817 3375 1101 3428 exprobratu
1107 3381 1138 3416 t.

247 3431 290 3475 b.
326 3447 364 3472 e.
402 3428 696 3472 excusationis
730 3431 867 3485 gnatia
905 3430 1138 3473 videbatui

249 3505 298 3531 ea
332 3486 559 3554 proferre,
601 3485 679 3528 sed
711 3502 796 3528 lev
798 3504 860 3528 ra
895 3491 1137 3544 exprobra-

249 3546 340 3588 bat.
415 3542 493 3588 Sic
522 3543 679 3587 verba:
719 3559 837 3598 quae:
872 3547 991 3587 velut
1023 3546 1138 3589 reti-

1218 1606 1319 1635 cere
1370 1594 1606 1647 voluerat,
1669 1592 1941 1651 significant,

1219 1667 1311 1694 non
1334 1667 1490 1694 revera
1514 1667 1590 1694 eos
1617 1653 1782 1709 (testes)
1809 1653 1998 1696 retice-re
2027 1670 2110 1696 vo-

1217 1709 1383 1759 luerat,
1413 1709 1489 1751 sed
1522 1718 1695 1752 tantum
1724 1711 1837 1754 velle
1871 1711 2109 1753 simulave-

1216 1775 1300 1809 rat.
1384 1766 1449 1807 lta
1495 1783 1818 1823 supervacuam
1862 1768 1959 1810 fore
2002 1769 2109 1810 Aci-

1217 1823 1320 1867 dalii
1363 1824 1749 1868 emendationem:
1791 1826 1999 1877 reticeri,
2043 1834 2110 1868 at-

1216 1899 1302 1940 que
1331 1882 1536 1924 inutilem
1562 1881 1752 1926 Ernestii
1790 1882 2112 1926 dubitationem

1215 1956 1363 1997 spero

1273 1998 1369 2039 mih
1372 1997 1468 2039 tari
1498 1999 1717 2041 custodm.
1779 1998 1917 2043 Cuius
1949 1999 2111 2042 modus

1215 2054 1326 2106 suit,
1359 2063 1408 2096 ut
1440 2054 1500 2103 is,
1534 2056 1608 2120 qui
1641 2057 1685 2098 in
1720 2070 1835 2098 noxa
1868 2066 1999 2107 esset,
2031 2073 2107 2099 ca-

1215 2121 1367 2154 tenam
1424 2112 1579 2154 rna‘nui
1637 2113 1810 2156 dextrae
1873 2112 2108 2180 adligatam

1215 2170 1352 2212 babe1
1358 2177 1420 2221 et
1452 2186 1565 2226 quae
1590 2171 1742 2212 eadem
1772 2169 1964 2214 xineiret
1996 2172 2107 2213 sini-

1216 2236 1350 2270 stram
1406 2203 1561 2269 inilitis
1615 2229 1841 2271 custodiae
1903 2228 2108 2287 adpositi.

1217 2284 1274 2327 ef.
1307 2284 1426 2340 lips.
1450 2285 1494 2326 in
1522 2301 1613 2328 exc.
1638 2285 1691 2327 Β.

1274 2344 1515 2384 transtulit
1554 2345 1619 2384 ad
1657 2345 1879 2385 consules.
1952 2342 2018 2386 Ut
2059 2342 2106 2384 in

1215 2414 1374 2441 eoium
1422 2401 1603 2442 aedibus
1651 2400 1943 2443 haberentur:
1996 2416 2109 2457 quae

1216 2457 1416 2498 custodia
1443 2457 1728 2500 clementior.
1771 2457 1828 2500 cf.
1854 2457 1957 2500 infr.
1978 2458 2018 2505 6,
2038 2457 2077 2500 3.

1272 2517 1505 2555 consulem
1545 2517 1836 2567 designatum
1883 2516 2108 2556 dicendae

1207 2572 1367 2626 primo
1399 2574 1499 2612 loco
1534 2574 1809 2614 sentent1'1.1e
1894 2571 1970 2615 Uti
2008 2588 2108 2614 mos

1212 2629 1408 2676 ferebat,
1441 2628 1494 2671 de
1517 2645 1605 2685 quo
1630 2629 1817 2687 Appian.
1840 2628 1974 2674 Civil.
1996 2630 2038 2680 2,
2063 2631 2104 2671 5.

1213 2685 1392 2728 Sallust.
1417 2685 1509 2728 Cat
1544 2702 1583 2728 c.
1606 2686 1677 2730 50.

1270 2758 1416 2798 neque
1445 2745 1564 2784 enim
1591 2757 1821 2786 cessurum
1853 2745 1945 2787 msi
1965 2748 2106 2787 dam-

1212 2801 1363 2842 nandi
1414 2800 1579 2856 officio.
1667 2801 1724 2843 H.
1777 2818 1815 2844 e.
1857 2802 2104 2854 Tiberium,

1215 2859 1339 2913 quod
1370 2859 1462 2900 filio
1485 2868 1642 2902 auctor
1673 2868 1809 2909 esset,
1852 2868 1900 2900 ut
1929 2860 2105 2902 cederet

1213 2915 1427 2958 dicendae
1458 2915 1607 2969 primo
1640 2917 1740 2958 loco
1762 2917 2006 2959 sententiae
2030 2917 2102 2958 os-

1211 2973 1340 3022 ficio‚
1390 2972 1494 3015 satis
1533 2973 1730 3016 indicare
1772 2974 2104 3016 damnationem

1210 3030 1400 3087 lepidae
1433 3030 1722 3081 destinatam3
1760 3047 1863 3074 nain
1899 3032 1933 3073 si
1967 3032 2101 3073 abso-

1210 3088 1456 3138 lutionem,
1508 3097 1600 3129 tuni
1636 3087 1805 3130 nullam
1842 3087 1974 3145 plane
2010 3105 2102 3132 esse

1210 3161 1387 3187 causam
1420 3144 1623 3187 cedendi.
1682 3143 2099 3188 SieI.I⁴1-.Gro-

1210 3202 1367 3244 novius
1397 3210 1440 3243 et
1462 3202 1707 3244 Ernestius.
1767 3201 1962 3245 Riekless
1997 3220 2100 3247 cum

1208 3258 1466 3301 Boxhornio
1491 3257 1599 3301 facit
1631 3275 1899 3315 sensumque
1930 3262 2100 3303 consti-

1208 3316 1316 3365 tuit,
1347 3316 1470 3372 quasi
1494 3316 1643 3382 p1imo
1667 3316 1768 3358 loco
1795 3316 2021 3383 cessisset,
2052 3328 2100 3361 ut

1209 3382 1442 3439 postremo
1476 3374 1527 3415 iis
1569 3373 1832 3420 adsentiret,
1885 3374 1962 3430 qui
1994 3392 2099 3432 gra—

1211 3447 1437 3476 vissimam
1465 3430 1678 3472 ultionem
1707 3431 1994 3474 censuissent.

1267 3488 1380 3531 CAP.
1412 3488 1482 3531 28.
1542 3489 1758 3529 ludorum
1789 3490 1958 3530 dachus.
2019 3489 2095 3531 In-

1209 3544 1356 3604 tellige
1397 3545 1527 3589 ludos
1566 3561 1754 3602 magnos
1785 3561 1820 3588 s.
1852 3545 2098 3600 Romanos,

2105 1570 2120 1584 o

2000 1611 2112 1653 quae

2210 271 2222 362 t
