2222 4030
1824 168 1882 252 ῥ’.
1898 169 1950 251 E:
1969 170 2052 253 ⁷33:

277 173 403 233 266
946 134 1459 229 ANNALIUM

277 298 581 374 „indi‹':at‚
625 297 808 355 iidem
840 296 934 354 illi
967 298 1260 358 civitatem
1282 298 1463 369 verti,
1509 298 1982 375 splendidissimo
2009 305 2137 363 cui—

274 404 435 463 „que
474 383 718 440 exitium
749 382 982 458 parari,
1036 384 1336 440 neminem
1377 384 1642 459 criminis
1687 400 1980 462 expertem
2017 391 2138 454 ela-

275 469 637 543 „mitabunt.
722 462 910 545 Atqui
948 489 1023 525 ne
1059 468 1322 542 corporis
1361 469 1601 544 quidem
1638 474 1878 530 morbos
1912 487 2135 532 veteres

272 602 308 628 „
323 566 381 612 et
403 554 509 610 diu
534 564 735 610 auctos
760 553 876 609 nisi
902 574 1008 629 per
1029 555 1175 609 dura
1199 564 1257 608 et
1278 573 1478 628 aspera
1503 576 1793 613 coerceas:
1826 572 2135 635 corruptus

274 639 504 713 „simul
533 649 590 696 et
620 650 959 714 corruptor,
1003 657 1171 710 aeger
1203 649 1261 694 et
1291 638 1545 712 flagrans
1579 641 1812 698 animus
1847 639 2009 701 haud
2047 645 2136 702 le—

272 724 588 798 „viorib'us
618 724 899 782 remediis
936 722 1389 795 restinguendus
1427 737 1539 795 est,
1579 747 1757 803 quam
1783 728 2137 802 libidinibus

274 809 620 883 „ardescitu
677 820 766 866 tot
792 829 826 864 a
853 807 1183 864 maioribus
1211 820 1476 884 repertae
1494 811 1698 885 fileges,
1741 823 1830 870 tot
1863 826 2009 890 quas
2040 815 2135 871 di·-

274 890 766 969 „vus'Augustus
799 893 959 949 tulit:
1016 891 1154 948 illae
1191 893 1524 965 oblivione,
1569 892 1710 966 hae,
1760 901 1921 975 quod
1964 900 2135 973 flagi-

274 980 535 1053 „tiosius
571 991 682 1049 est,
745 987 1084 1052 contemptu
1120 978 1374 1035 abolitae
1418 980 1772 1038 securiorem
1807 984 2010 1041 luxum
2044 987 2137 1042 fe-

274 1113 311 1139 „
323 1084 472 1127 cere.
557 1084 697 1120 nam
724 1062 775 1117 si
805 1062 954 1117 velis
987 1063 1150 1138 quod
1185 1064 1458 1120 nondum
1489 1066 1735 1122 vetitum
1766 1080 1878 1138 est,
1930 1069 2136 1126 timeas

2164 100 2166 102 -
2199 0 2222 138 ἒ

2206 197 2222 250 1

274 1170 404 1224 „ne
437 1161 657 1207 vetere:
712 1158 772 1203 at
809 1147 860 1202 si
895 1143 1199 1222 prohibita
1238 1149 1479 1225 impune
1518 1153 1976 1224 tra11scenderiS‚
2031 1175 2139 1210 ne-
2187 1212 2217 1227 Γ

271 1257 431 1316 „que
455 1246 645 1290 metus
673 1232 828 1289 ultra
858 1252 1049 1309 neque
1082 1234 1282 1308 pudor
1312 1246 1414 1294 est.
1501 1234 1626 1294 Cur
1652 1257 1786 1311 ergo
1808 1232 1963 1295 'olim
1999 1261 2138 1314 par-

271 1320 576 1396 „cimonia
598 1318 899 1393 pollebat?
942 1318 1081 1394 quia
1110 1319 1226 1376 sibi
1248 1321 1496 1397 quisque
1522 1323 1963 1381 moderabatur:
1997 1326 2136 1402 quia

271 1407 500 1480 „unius
533 1404 700 1460 urbis
737 1403 889 1459 cives
928 1424 1186 1461 eramus:
1237 1426 1312 1461 ne
1349 1406 1729 1464 inritamenta
1765 1411 2005 1485 quidem
2041 1431 2138 1466 ea-

271 1494 450 1565 „dem
499 1490 655 1547 intra
701 1485 936 1545 Italiam
982 1489 1448 1552 dominantibus,
1563 1495 1818 1550 externis
1871 1495 2136 1552 victoriis

268 1625 304 1650 „
318 1578 536 1646 aliena,
610 1574 886 1631 civilibus
936 1574 1113 1631 etiam
1159 1587 1363 1650 nostra
1410 1597 1752 1635 consumere
1801 1580 2136 1640 didicimus·

268 1660 692 1735 „Quantulum
717 1659 872 1716 istud
906 1672 1007 1730 est,
1049 1661 1121 1716 de
1151 1660 1268 1738 quo
1295 1663 1511 1718 aediles
1535 1661 1885 1723 admonent!
1940 1687 2135 1742 quam,

272 1748 374 1820 „si
401 1757 587 1804 cetera
615 1745 923 1821 respiciaS,
965 1745 1031 1800 in
1055 1746 1173 1802 levi
1199 1743 1539 1804 habendum
1563 1748 1574 1805 !
1645 1744 1728 1806 At
1758 1746 1998 1808 hercule
2029 1772 2137 1808 ne-

267 1854 411 1906 „mo
458 1833 666 1901 refert,
733 1831 894 1907 quod
938 1828 1110 1887 Italia
1161 1843 1432 1889 externae
1478 1834 1607 1910 opis
1653 1835 1906 1910 indiget,
1973 1837 2136 1914 quod

267 1918 432 1990 „vita
479 1916 691 1994 populi
737 1913 1001 1974 Romani
1055 1936 1163 1993 per
1217 1918 1440 1975 incerta
1482 1920 1664 1976 maris
1719 1933 1777 1978 et
1820 1933 2136 1999 tempesta-

266 2016 443 2076 „tum
486 2001 751 2080 quotidie
792 2002 1070 2061 volvitur.
1174 2023 1240 2060 ae
1286 2004 1403 2060 nisi
1437 2006 1887 2080 provinciarum
1933 2008 2136 2084 copiae

191 2110 194 2112 ·
265 2100 372 2161 „et
398 2088 657 2145 dominis
691 2098 749 2145 et
786 2087 1040 2145 servitiis
1066 2100 1122 2146 et
1150 2089 1303 2163 agris
1331 2090 1740 2162 subvenerint,
1782 2104 1983 2149 nostra
2022 2112 2139 2150 nos

269 2173 536 2246 „scilicet
584 2193 829 2230 nemora
877 2183 1228 2250 nostraeque
1275 2175 1452 2232 villae
1507 2178 1876 2234 tuebuntur?
1958 2176 2132 2236 Hanc

266 2256 400 2332 „.P.
427 2255 493 2318 C.
539 2279 742 2314 curam
784 2259 1031 2315 sustinet
1063 2259 1360 2335 princeps:
1431 2256 1575 2318 haec
1613 2262 1826 2319 omissa
1860 2264 2131 2321 funditus

264 2362 437 2416 „rem
473 2342 772 2419 publicam
808 2339 1017 2402 trahet.
1104 2345 1351 2421 reliquis
1392 2346 1549 2404 intra
1585 2348 1852 2405 animum
1884 2350 2130 2406 meden-

264 2430 457 2501 „dum
496 2440 606 2485 est:
667 2447 777 2484 nos
811 2429 1040 2502 pudor,
1082 2449 1368 2504 pauperes
1406 2433 1745 2503 necessitaS,
1790 2434 2002 2491 divites
2038 2455 2132 2492 sa-

266 2514 424 2586 „tias
449 2513 515 2568 in
538 2513 749 2570 melius
768 2524 983 2574 mutet.
1064 2509 1191 2571 Aut
1215 2515 1265 2570 si
1288 2516 1420 2591 quis
1445 2536 1511 2573 ex
1534 2518 1972 2591 magistratibus
1995 2531 2130 2576 tan-
2215 2597 2222 2603 1

263 2611 432 2672 „tam
452 2599 807 2656 industriam
835 2619 900 2656 ac
929 2599 1297 2657 severitatem
1316 2602 1658 2676 pollicetur,
1691 2614 1760 2660 ut
1777 2604 1863 2660 ire
1892 2604 2128 2661 obviam

322 2839 553 2882 civitatem
594 2839 724 2881 verti.
807 2837 867 2881 cf.
903 2845 995 2882 not.
1021 2839 1085 2882 'ad
1118 2839 1162 2888 2,

267 2895 446 2996 42ἇυνα
466 2960 512 2995 et
531 2967 717 3008 aspera.
765 2952 1017 3012 Synonym.
1042 2954 1161 3014 apud

266 3009 403 3054 Roth.
435 3027 481 3070 p.
510 3010 578 3054 14.

325 3083 436 3137 quia
475 3083 610 3123 unius
645 3080 767 3123 urbis
806 3081 925 3124 cives
955 3097 1160 3127 eramus.

270 3137 331 3183 cf.
365 3137 524 3181 Senec.
561 3138 614 3180 ad
642 3138 772 3182 Helv.
796 3155 837 3182 e.
863 3140 907 3182 6.
966 3141 1161 3198 Dionys.

269 3194 417 3239 Halic.
460 3195 512 3246 4,
538 3194 610 3238 23.
707 3194 877 3239 Contra
922 3197 1162 3241 Athenien-

269 3253 389 3297 sium
413 3251 563 3296 civitas
592 3254 807 3297 colluvies
828 3255 1080 3297 nacionum
1101 3255 1163 3299 di-

273 3311 458 3354 cebatur
485 3310 526 3360 2,
551 3309 622 3352 55.

328 3381 435 3423 vita
443 3396 492 3435 p.
514 3380 576 3423 R.
599 3408 658 3416 —-
680 3382 902 3425 volvitur.
965 3383 1025 3427 cf.
1052 3382 1162 3427 infr.

271 3437 315 3490 4.
339 3438 380 3481 6.
413 3438 481 3489 12,
500 3424 571 3480 4'3.
605 3446 648 3480 et
674 3445 794 3506 s'upr.
823 3442 867 3494 2,
894 3439 965 3483 59.

330 3497 507 3540 annaei.
565 3493 794 3540 Ernesuus
825 3514 907 3557 pro
940 3514 995 3542 ac
1028 3496 1163 3540 male-

1232 2840 1307 2883 bat
1328 2855 1457 2884 nam.
1517 2838 1607 2884 Sed
1631 2857 1686 2884 ac
1708 2841 1838 2900 plane
1859 2841 1925 2886 sic
1943 2843 2128 2901 ponitur

1232 2897 1279 2939 in
1330 2898 1534 2941 transitu.
1618 2899 1678 2942 cf.
1721 2899 1988 2943 Ramshorn.
2042 2901 2125 2944 Gr.

1232 2958 1260 3008 §
1284 2955 1379 2998 179.
1420 2972 1462 3013 p.
1489 2954 1586 2999 523.
1621 2957 1664 3000 7.
1727 2956 1971 3014 Vulgatum
2012 2959 2127 3002 bene

1238 3011 1436 3055 defendit
1455 3012 1614 3056 Hiller.
1641 3014 1688 3057 in
1711 3013 1938 3058 Racemat.
1965 3015 2037 3059 29.

1293 3086 1560 3126 tuebuntur.
1613 3084 1698 3126 Ed.
1723 3082 1830 3127 Ald.
1855 3088 2123 3130 tuebantur.

1291 3162 1374 3196 aut
1404 3155 1451 3197 si
1477 3155 1597 3211 quis.
1680 3154 1912 3198 Ernestius
1954 3157 2125 3200 mavult

1234 3212 1401 3267 quodsi
1429 3213 1556 3267 quis,
1606 3212 1730 3269 quod
1762 3221 1910 3255 tamen
1951 3215 2004 3256 ab
2039 3213 2127 3258 hoc

1233 3270 1336 3312 loco
1353 3268 1548 3312 alienum
1564 3277 1640 3312 est.
1691 3268 1985 3313 Commodius
2008 3270 2128 3315 soret

1234 3333 1287 3367 at
1310 3327 1355 3368 si
1368 3327 1482 3381 quis.
1521 3326 1686 3369 Verum
1712 3335 1774 3369 est
1790 3335 1887 3370 aut.
1923 3328 1982 3371 cf.
1999 3329 2127 3386 Vir-g.

1234 3382 1332 3426 Eel.
1367 3384 1409 3434 7,
1438 3383 1511 3427 23.
1546 3392 1634 3426 aut
1672 3385 1717 3426 si
1750 3399 1847 3426 non
1873 3400 2127 3438 possumus

1235 3455 1401 3483 omnes
1436 3450 1520 3485 etc.
1598 3442 1665 3485 ld.
1699 3443 1814 3486 Aen.
1846 3443 1888 3492 9,
1913 3443 2008 3486 495.
2041 3450 2125 3485 aut

1202 3541 1206 3549 ,
1236 3505 1289 3540 tu
1309 3513 1479 3553 magne
1492 3507 1632 3554 pater
1657 3507 1739 3545 etc.
