2222 4030
276 152 447 233 112⁷}ss
475 164 481 175 ·
638 154 829 220 ΜΒ,
859 154 940 218 11.
964 168 977 218 .·
1026 152 1223 218 CAP.
1255 155 1358 220 84.
1391 156 1494 222 85.
1877 150 2007 230 209

141 289 270 349 mul
304 287 477 345 enixa
516 297 620 346 est.
690 288 855 364 quod
901 306 1105 344 rarum
1149 285 1487 364 laetumque
1535 289 1714 347 etiam
1747 288 2003 368 modicis

132 375 454 453 'penatibus
480 382 645 430 tanto
678 373 894 444 gaudio
928 371 1258 448 principem
1292 373 1536 443 adfecit,
1590 386 1659 432 ut
1692 395 1820 432 non
1845 388 2002 435 tem-

137 461 461 536 peraverit,
514 457 662 534 quin
697 457 936 514 iactaret
959 457 1117 533 apud
1141 467 1335 532 patres
1360 458 1514 514 nulli
1537 472 1670 517 ante
1693 458 2005 530 Romano-

137 566 274 603 rum
300 544 563 602 eiusdem
586 542 806 615 fastigii
830 543 960 609 viro
987 542 1281 616 geminam
1309 543 1551 618 stirpem
1579 546 1815 607 editam.
1860 568 2002 618 nam

141 642 352 688 cuncta
381 628 560 687 'etiam
592 622 838 685 fortuita
873 629 948 684 ad
982 628 1231 702 gloriam
1257 629 1540 687 vertebat.
1630 630 1746 688 Sed
1774 633 1998 708 populo
2066 679 2077 689 s

139 717 244 775 tali
267 717 334 772 in
353 727 617 789 tempore
642 712 706 768 id
730 733 967 790 quoque
992 715 1259 771 dolorem
1282 713 1452 786 tulit,
1492 725 1775 791 tanquam
1796 728 2001 777 auctus

137 801 340 859 liberis
361 798 592 856 Drusus
619 799 866 856 domum
893 797 1238 857 Germanici
1261 799 1447 873 magis
1470 812 1722 873 urgeret.
1927 808 1930 816 ’

305 882 611 944 LXXXV.
665 881 900 941 Eodem
950 905 1107 942 anno
1154 884 1431 959 gravibus
1472 898 1708 943 senatus
1756 887 2003 951 decretis

133 971 324 1029 libido
350 970 715 1027 feminarum
734 971 984 1028 coercita
1011 968 1396 1048 cautumque,
1439 991 1516 1042 ne
1541 984 1846 1048 quaestum
1870 992 2003 1031 cor-‘-

134 1078 280 1134 pore
320 1059 564 1125 faceret,
607 1056 705 1114 cui
744 1076 889 1113 avus
926 1069 1024 1115 aut
1063 1068 1232 1132 pater
1266 1067 1368 1114 aut
1400 1057 1647 1127 maritus
1674 1078 1850 1134 eques
1871 1057 2003 1117 Ro-

135 1151 347 1200 manus
382 1142 605 1200 fuisset.
662 1162 803 1198 nam
830 1140 1070 1199 Vistilia
1105 1142 1400 1218 praetoria
1432 1143 1658 1199 familia
1692 1144 1889 1217 genita
1926 1145 2005 1200 li-

137 1229 390 1286 centiam
413 1227 604 1303 stupri
627 1227 786 1302 apud
810 1227 1028 1283 aediles
1050 1228 1397 1301 vulgaverat
1412 1248 1578 1286 more
1600 1229 1758 1286 inter
1777 1240 2003 1287 veteres

134 1325 398 1390 recepte,
440 1313 549 1389 qui
577 1313 716 1370 satis
741 1333 1068 1388 poenarum
1093 1304 1406 1371 adversum
1431 1315 1761 1397 impudicas
1786 1306 1851 1372 ih
1877 1315 2004 1392 ipsa

132 1399 497 1476 professione
515 1397 726 1472 flagitii
753 1399 1088 1458 credebant.
1136 1411 1332 1456 exacta
1357 1412 1412 1457 et
1433 1391 1708 1458 aTitidio
1721 1395 2004 1468 Labeone

132 1484 402 1543 Vistiliae
428 1483 675 1554 marim,
715 1504 821 1540 cur
845 1484 912 1540 in
939 1505 1122 1541 uxore
1147 1485 1349 1542 delicti
1377 1486 1687 1549 manifesta
1712 1483 2006 1550 ultionem

131 1572 278 1646 legis
319 1569 660 1644 omisisset?u
716 1579 891 1646 atque
928 1570 1034 1626 illo
1077 1572 1498 1645 praetendente
1543 1573 1839 1646 sexaginta
1866 1574 2003 1648 ¹¹dies

132 1658 208 1715 ad
238 1656 698 1714 consultandum
724 1656 891 1714 datos
920 1657 1175 1712 necdum
1206 1658 1583 1732 praeterisse,
1637 1658 1776 1716 satis
1807 1652 2004 1731 visum

132 1743 207 1802 de
238 1741 480 1803 Vistilia
518 1752 800 1798 statuere:
857 1762 1039 1819 eaque
1078 1741 1143 1797 in
1178 1743 1436 1799 insulam
1469 1736 1770 1819 Seriphon
1803 1733 2005 1823 abdita
2083 1814 2086 1819 Ι

125 1819 237 1889 est.
285 1904 287 1906 ,
322 1823 542 1886 Actum
570 1837 628 1883 et
652 1827 725 1883 de
754 1827 931 1884 sacris
955 1823 1260 1904 Aegyptiis
1288 1826 1662 1907 Iudaicisque
1683 1821 2003 1906 pellendis:

128 1903 469 1991 factumque
494 1917 732 1988 'patrum
759 1914 1128 1982 consultum,
1177 1926 1245 1971 ut
1279 1927 1560 1995 quattuor
1591 1915 2005 1986 milliavliber-

130 2001 245 2058 tini
280 1999 511 2074 generis
554 2018 620 2054 ea
659 1999 1075 2073 superstitione
1113 1999 1358 2070 infecta,
1403 2001 1536 2077 quis
1576 2001 1791 2057 idonea
1830 2011 2019 2072 aetaS,

126 2087 197 2144 in
221 2085 479 2143 insulam
505 2082 846 2142 Sardiniam
869 2080 1230 2142 veherentur
1257 2087 1593 2142 coercendis
1617 2086 1742 2143 illic
1763 2087 2005 2144 latroci-

129 2172 277 2229 niis:
321 2182 381 2230 et
402 2160 558 2227 si‘ob
584 2170 930 2244 gravitatem
958 2171 1108 2227 coeli
1135 2171 1503 2243 interissent,
1547 2172 1667 2229 vile
1689 2173 1999 2230 damnum:

130 2347 232 2399 gata
268 2346 422 2383 tamen
465 2351 561 2379 non
606 2334 756 2379 minus
797 2334 1033 2390 latinitatis
1103 2337 1175 2380 bie
1221 2345 1324 2380 sunt
1367 2345 1563 2387 exacta,
1619 2354 1713 2383 non
1738 2347 1999 2393 ,exactum»

129 2413 262 2441 usum
285 2411 392 2456 prae
416 2410 462 2437 se
485 2392 650 2437 serunt.
693 2392 752 2437 cf.
776 2393 898 2438 Suet.
920 2392 1028 2439 Oct.
1101 2395 1217 2438 Nam
1246 2394 1477 2438 indefinita
1503 2395 1649 2440 adhuc
1684 2406 1787 2441 sunt
1825 2407 1869 2440 et
1900 2414 2002 2456 pos·

129 2472 170 2500 e.
209 2457 306 2498 101.
354 2452 493 2495 liberi
526 2465 674 2494 sexus
718 2452 880 2495 virilis.
964 2452 1027 2496 ld.
1102 2462 1205 2496 sunt
1234 2468 1328 2496 esse
1355 2453 1502 2511 plura.
1561 2455 1623 2497 Ita
1648 2462 1689 2496 et
1715 2454 1928 2498 hocloco
1955 2454 2002 2496 in

128 2511 224 2557 Cal.
270 2527 312 2556 e.
354 2509 396 2554 7.
453 2524 603 2552 sexus
630 2509 876 2564 seminini.
963 2510 1024 2553 ld.
1100 2510 1276 2555 verbis:
1302 2513 1731 2555 cur-ornz'.s=1·s.‹›·ec?
1752 2529 1843 2555 non
1860 2528 2004 2555 unum

128 2569 239 2617 Oct.
298 2583 340 2615 c.
392 2565 467 2612 81.
530 2568 721 2611 iuvenes
782 2569 1026 2626 utriusque
1097 2568 1283 2626 aliquod
1308 2569 1520 2625 exigitur,
1549 2570 1624 2612 sed
1651 2568 1779 2626 plura
1804 2586 1897 2613 esse
1921 2585 2002 2670 po-

124 2642 290 2674 uxm,
1097 2635 1272 2678 terant,
1329 2642 1442 2684 quae
1486 2627 1742 2670 Labeonem
1791 2627 1916 2686 impu
1935 2627 2002 2671 is·

186 2685 298 2730 CAv.
311 2682 383 2727 85.
414 2683 558 2725 libido
574 2683 875 2737 seminarum
896 2697 1023 2726 coer·
1097 2692 1213 2727 sent.
1280 2682 1435 2739 Quare
1468 2684 1679 2727 audacter
1711 2700 1885 2741 repono
1909 2700 2002 2731 ex,-

127 2745 237 2789 ciea.
278 2741 339 2786 cs.
366 2740 492 2784 Suet.
521 2739 627 2784 Tib.
649 2757 690 2785 c.
716 2739 789 2783 35.
1098 2747 1221 2782 acta.
1255 2741 1313 2784 cf.
1339 2740 1495 2798 Virgil.
1517 2741 1634 2784 Aen.
1664 2743 1704 2797 1,
1727 2740 1826 2785 309.
1853 2758 1999 2799 quae-

186 2805 362 2844 exacta
389 2806 435 2842 el
458 2796 612 2845 aTie.
674 2796 752 2840 Sic
787 2796 890 2841 cod.
915 2795 1019 2842 MS.

127 2868 169 2903 et
191 2858 293 2902 edd.
318 2863 429 2899 vett.
491 2854 549 2897 At
575 2853 894 2912 praeeuntibus
921 2854 1027 2898 Ver·

125 2916 296 2967 uranio.
324 2912 523 2964 Ursino,
551 2912 700 2971 Lipsto
723 2920 954 2956 mutarunt
978 2911 1027 2955 in

126 2981 375 3021 exactum,
407 2970 529 3029 quod
554 2969 685 3014 hodie
707 2970 837 3027 vulgo
865 2969 1026 3021 editur,

127 3042 174 3077 ut
212 3031 267 3074 sit
301 3046 382 3089 pro
414 3029 681 3085 quaesitum
717 3034 800 3070 est.
883 3027 1023 3080 Quod

126 3103 358 3150 perperam
392 3085 610 3130 fecerunt.
680 3085 794 3128 Nam
828 3087 1024 3139 exigere

124 3155 345 3204 nusquam
383 3142 429 3187 in
468 3142 542 3187 tali
580 3151 786 3186 contextu
827 3143 1023 3187 invenies

124 3207 184 3250 ita
204 3202 419 3262 positum,
447 3210 494 3245 ut
516 3201 571 3245 sit
594 3215 847 3257 quaerere,
879 3201 1023 3243 inter·

1101 2854 1300 2907 referre.
1363 2854 1455 2898 lam
1483 2856 1606 2899 vides
1628 2855 1790 2900 Fatirni
1815 2871 1998 2917 quoque

1101 2910 1406 2956 coniecturam
1433 2912 1638 2956 inutilem
1658 2930 1776 2968 esse,
1801 2917 1999 2975 quiante

1098 2985 1181 3012 cur
1206 2970 1380 3013 volvbat
1404 2970 1569 3014 addere
1593 2973 1734 3016 ratio.
1900 3008 1901 3011 η

1156 3029 1381 3110 ultionem
1403 3029 1538 3082 legis.
1584 3027 1643 3074 cf.
1671 3038 1767 3075 not.
1791 3046 1912 3091 supr.
1941 3031 1997 3076 ad

1098 3101 1137 3129 Co
1158 3087 1229 3129 —100
1560 3095 1574 3130 ,μ
1796 3124 1798 3130 ι
1905 3115 1907 3119 “
1938 3115 1941 3119 ”

1153 3147 1212 3185 de
1255 3145 1406 3186 sacris
1447 3144 1704 3199 Aegyptius.
1794 3145 1996 3206 Intelligc

1097 3202 1270 3244 cultum
1301 3201 1424 3243 Isidis
1461 3199 1563 3244 inde
1592 3218 1615 3246 a
1646 3202 1792 3247 Sullae
1818 3214 1990 3263 tempo·

1101 2811 1207 2839 rere
1240 2799 1479 2841 constituit
1515 2799 1743 2854 sociisque
1773 2814 1796 2842 e
1808 2815 1846 2843 x
1860 2817 1893 2843 a
1905 2815 1930 2843 ο
1940 2809 1959 2844 t
1969 2818 2002 2845 a
2062 2847 2071 2850 ,

121 3271 319 3316 rogareg
338 3266 595 3304 constanter
619 3259 661 3302 id
689 3260 874 3302 verbum
893 3259 1025 3315 signi-

122 3321 228 3364 fieat
266 3319 529 3371 postulare.
613 3316 703 3360 lam
750 3316 854 3359 satis
902 3325 1022 3367 recte

123 3376 305 3436 quidem
335 3374 423 3418 diei
455 3382 627 3430 potest:
659 3375 801 3429 exigo
833 3377 893 3417 ab
928 3374 1018 3415 ali-

121 3448 236 3493 que,
266 3441 317 3476 uc
340 3433 648 3486 respondeat,
673 3448 752 3475 cur
776 3442 860 3476 etc.
899 3430 1018 3474 Tum

119 3507 234 3540 vero
261 3507 336 3542 ea,
378 3505 492 3548 quae
518 3489 737 3548 quaesivi,
775 3488 895 3534 haud
927 3491 1017 3532 du·

199 3558 446 3610 ΤΛοιτω
485 3554 526 3606 Ι.

1099 3260 1223 3302 ribus
1238 3258 1352 3316 apud
1368 3257 1597 3304 Romanos
1615 3260 1907 3306 celebratum.
1935 3261 1996 3306 cs.

1095 3316 1300 3382 Bottigcr
1327 3317 1371 3359 in
1397 3315 1578 3359 Sabina
1601 3316 1644 3368 I,
1674 3334 1718 3377 p.
1749 3319 1848 3363 232.
1910 3321 1997 3391 §33-

1094 3374 1503 3492 83†1.1“‚¹3f‘2·s¹?351.
1531 3374 1996 3495 ifii”‹{'S‹¹2¹’÷‡f⁴g2-{‚'.·etl.¹‘

1149 3491 1239 3533 vile
1269 3493 1519 3536 damnum.
1578 3491 1641 3535 Ex
1674 3507 1802 3536 mero
1832 3508 1993 3538 emcn-

1241 3550 1300 3607 Ο
