2222 4030
1700 185 1749 221 A.
1763 187 1815 221 U.
1829 185 1912 222 789.
1933 187 2015 222 790.

1698 231 1750 265 A.
1766 229 1813 265 C'.
1846 231 1910 266 36.
1955 232 2014 268 ³7.

244 190 368 250 426
788 209 791 215 ·
857 218 860 227 ·
905 183 1420 246 ANNALIUM

241 319 339 376 vel
395 317 462 374 in
517 327 702 374 castra
762 315 1086 390 Artabani,
1162 317 1348 372 donec
1382 314 1704 376 'Tiridates
1759 342 1895 378 cum
1953 343 2099 399 pau-

242 392 326 461 cis
369 404 434 458 in
477 401 711 479 Syriam
752 412 1016 458 revectus
1057 401 1286 476 pudore
1319 402 1684 476 'proditionis
1738 427 1944 463 omnes
1998 418 2113 467 ex-f‘

244 489 439 547 solvit.

410 585 596 663 XLV.
663 584 829 644 Idem
859 605 1049 643 annus
1078 584 1244 658 gravi
1271 583 1406 658 igne
1430 586 1639 643 urbem
1665 589 1859 646 adficit
1894 591 2095 648 deusta

239 687 404 753 parte
427 671 616 742 Circi,
639 693 808 748 ,quae
832 670 1131 729 Aventino
1161 670 1434 743 contigua
1449 718 1464 741 ‚
1508 672 1752 750 ipsoque
1773 670 2093 736 AventinO.

240 760 402 838 quod
449 759 736 815 damnum
773 755 985 814 Caesar
1030 756 1104 810 ad
1151 755 1412 828 gloriam*
1439 759 1616 837 vertit
1665 761 1962 817 exsolutis-
1987 762 2096 830 do,-

237 865 448 921 muum
476 855 531 900 et
552 843 882 901 insularum
907 840 1129 916 pretiis,
1205 841 1422 895 millies
1450 844 1779 900 sestertium
1806 866 1868 901 ea
1893 846 2096 901 muni-

235 929 470 988 ficentia
509 929 890 994 collocatum,
946 937 1111 982 tanto
1164 924 1455 1000 acceptius
1493 926 1558 981 in
1594 917 1838 1001 vulgum
1875 943 2095 1005 quanto

236 1015 506 1090 modicus
551 1013 796 1090 privatis
841 1010 1365 1077 aedificationibus,
1461 1032 1537 1067 ne
1582 1013 1817 1088 publice
1855 1015 2093 1090 quidem

237 1101 358 1158 nisi
413 1101 531 1157 duo
577 1117 752 1174 opera
798 1096 1036 1165 struxit,
1109 1095 1395 1170 templum
1440 1090 1708 1171 Augusto
1765 1110 1821 1155 et
1862 1119 2095 1155 scenam

234 1184 590 1262 Pompeiani>
608 1179 844 1241 theatri:
891 1201 1072 1258 eaque
1097 1182 1354 1256 perfecta
1379 1193 1721 1257 contemptu
1750 1184 2093 1240 ambitionis

236 1261 337 1344 an.
365 1291 472 1347 per
524 1279 879 1342 senectutem
930 1261 1094 1325 haud
1149 1263 1460 1326 dedicavit.
1569 1267 1684 1325 Sed
1732 1269 2092 1326 aestimando

235 1357 517 1432 cuiusque
575 1354 926 1411 detrimento
994 1363 1273 1428 quattuor
1320 1354 1632 1426 progeneri
1676 1351 1938 1411 Caesaris
1985 1353 2093 1415 Cn.

232 1440 563 1510 Domitit1S‚
617 1436 851 1497 Cassius
884 1435 1380 1515 LonginUS‚,·M.
1422 1436 1722 1509 Vi.niciuS‚
1776 1438 2094 1497 Rubellius

234 1526 502 1593 Blandus
546 1523 786 1593 delecti,
831 1524 1186 1603 'additusque
1225 1523 1634 1580 nominatione
1673 1525 1984 1581 consulum
2023 1523 2092 1584 P.

232 1611 567 1670 Petronius,
653 1606 733 1665 Et
756 1629 864 1684 pro
892 1609 1130 1683 ingenio
1161 1609 1442 1684 cuiusque
1475 1609 1721 1684 quaesiti
1760 1610 2092 1686 decretique

233 1699 299 1763 in
334 1696 664 1772 principem
700 1691 978 1770 honoreS.
1096 1714 1244 1771 quos
1283 1694 1547 1751 omiserit
1586 1695 1972 1770 receperitve,
2026 1695 2091 1750 in

234 1781 614 1855 incerto3fuit
646 1782 723 1837 ob
753 1780 1160 1856 propinquum
1197 1779 1354 1836 vitae
1394 1779 1590 1839 finem.
1687 1777 1894 1857 Neque
1936 1781 2094 1836 enim

232 1868 421 1925 multo
446 1877 579 1943 post
602 1865 861 1942 supremi
886 1863 1132 1922 Tiberio
1161 1865 1430 1921 consules
1453 1863 1563 1924 Cn.
1592 1864 1982 1934 AcerroniuS‚
2025 1863 2091 1926 C.

232 1952 925 2026 Pontius-magistratum-
960 1971 1260 2025 occepere,
1303 1950 1490 2006 nimia
1522 1951 1640 2010 iarn
1671 1952 1932 2026 potentia
1957 1950 2095 2008 Ma-

235 2029 461 2107 cronis,
505 2036 608 2115 qui
635 2037 881 2111 gratiam
905 2033 971 2096 C.
997 2033 1261 2093 Caesaris
1288 2056 1595 2111 nunquam
1630 2036 1744 2094 sihi
1772 2038 2094 2111 neglectam

152 2198 155 2201 Ι
233 2124 424 2181 acrius
459 2124 524 2178 in
560 2123 686 2179 dies
719 2122 982 2191 fovebat,
1025 2121 1454 2197 impuleratque
1481 2133 1614 2196 post
1637 2134 1889 2179 mortem
1914 2119 2093 2179 Clau-

234 2209 399 2279 diae,
463 2228 642 2285 quam
673 2219 924 2283 nuptam
960 2207 1016 2263 ei
1058 2207 1289 2278 rettuli,
1342 2227 1588 2263 uxorem
1627 2227 1792 2263 suam
1830 2205 2093 2265 Enniam

294 2440 406 2486 CAP.
439 2438 513 2482 45.
938 2433 1000 2479 cf.
1035 2434 1128 2477 Dio

236 2501 306 2552 58,
327 2499 400 2542 26.

1200 2434 1279 2477 Sic
1304 2436 1563 2478 immittere
1595 2438 1794 2493 aliquem
1830 2441 2094 2479 accusando

583 2435 721 2493 gravi
750 2437 867 2490 igne.

1200 2493 1348 2534 alicui
1385 2493 1474 2535 An.
1509 2496 1576 2544 11,
1611 2496 1651 2535 1.
1733 2493 1805 2536 Ab
1846 2494 1929 2536 hac
1970 2505 2095 2552 parte

294 2552 499 2599 modicus
508 2552 708 2607 privatis
723 2549 1130 2606 aedificationibus.

233 2614 446 2660 Heinsius
474 2622 708 2669 perperam
741 2606 936 2651 coniecit
961 2606 1129 2662 priva-

235 2682 315 2717 tae
363 2667 717 2726 aedificationis.
811 2664 872 2708 ef.
925 2672 1024 2707 not.
1076 2663 1130 2707 ad

236 2728 525 2839 aticiizplum
554 2783 766 2835 Augusto
794 2787 878 2823 etc.
938 2778 1129 2822 Sueton.

235 2845 337 2889 Tib.
367 2859 407 2886 c.
424 2841 495 2885 47.
556 2839 649 2884 Cal.
673 2854 712 2881 c.
729 2838 800 2881 21.
859 2835 951 2879 Dio
973 2836 1041 2887 57,
1063 2837 1129 2878 10.

237 2900 402 2947 Vellei.
431 2900 473 2951 2,
498 2897 595 2941 130.

293 2957 468 3002 rettuli.
527 2972 567 2999 c.
587 2954 660 2998 20.
718 2953 812 2997 lam
835 2950 1001 3009 triplici
1025 2966 1131 2993 mo-

240 3013 299 3062 do
339 3014 470 3058 huius
516 3011 605 3054 loci
649 3012 784 3056 verba
839 3008 982 3066 accipi
1029 3024 1129 3066 pos-

238 3082 360 3120 sunt.
428 3068 521 3114 Alii
559 3070 843 3125 coniungunt
873 3067 1132 3112 immitten-

239 3135 300 3175 do
325 3143 514 3180 amore,
551 3143 663 3184 quae
693 3126 806 3170 ratio
839 3139 997 3183 parum
1030 3125 1130 3166 sub-

239 3187 341 3234 sidii
379 3186 512 3230 habet
555 3199 579 3226 a
620 3183 831 3241 loquendi
863 3196 960 3225 usu.
1043 3181 1130 3223 Alii

238 3245 437 3290 malunt:
475 3244 809 3296 impuleratque
834 3272 844 3283 .
862 3271 873 3283 .
890 3272 900 3282 .
927 3238 1133 3280 Enniam

242 3303 577 3347 immittendo.
606 3307 656 3340 ut
684 3298 743 3340 ita
774 3296 1047 3345 accusativus
1077 3295 1146 3336 ad'

241 3370 486 3416 utrumque
526 3356 718 3400 verbum
759 3355 992 3413 pertineat.
1072 3352 1133 3395 cf.

243 3426 338 3462 not.
375 3418 428 3459 ad
457 3414 571 3457 Hist.
608 3414 647 3460 l,
669 3412 738 3454 64.
801 3411 919 3453 Tum
955 3411 1132 3452 immit-

245 3477 388 3519 tendo
419 3472 604 3531 ponitur
633 3485 716 3527 pro
756 3469 1034 3515 immittens,
1086 3475 1136 3509 ut

245 3548 286 3578 c.
322 3529 393 3575 38.
436 3530 705 3573 oblectando
751 3542 834 3584 pro
886 3526 1132 3568 obiectans.

1202 2557 1318 2591 stant
1350 2550 1450 2592 edd.
1482 2548 1582 2592 Alc.
1614 2549 1817 2592 Rhenan.
1843 2550 1946 2592 Ald.
1981 2568 2092 2609 sqq.,

1203 2616 1318 2663 quae
1342 2606 1493 2648 serunt
1514 2622 1694 2649 comma
1716 2615 1817 2663 post
1841 2608 2094 2651 immitten-

1203 2667 1264 2705 do
1293 2663 1506 2719 positum.
1591 2663 1678 2705 Sed
1711 2664 1870 2706 melius
1907 2664 2094 2709 sortasse

1202 2722 1460 2775 impulerat
1492 2719 1738 2762 referemus
1784 2721 1836 2763 ad
1870 2723 2093 2774 gratiam,

1203 2785 1251 2820 ut
1274 2777 1329 2820 sit
1350 2777 1593 2835 impulsum
1609 2777 1837 2820 addiderat
1852 2795 1956 2822 suae
1976 2783 2093 2839 apud

1204 2834 1361 2878 Caium
1387 2836 1550 2892 gratiae
1581 2835 1624 2877 h.
1650 2850 1689 2877 e.
1726 2836 1924 2887 enixiore
1949 2847 1991 2880 et
2017 2855 2092 2896 pe-

1203 2891 1362 2935 culiari
1403 2892 1594 2949 quadam
1639 2907 1775 2948 opera
1818 2892 2094 2949 incitaverat,

1201 2949 1375 2992 scilicet
1388 2949 1588 2991 Enniam
1609 2950 1920 2993 immittendo.
1975 2951 2095 2997 Tum

1202 3006 1413 3052 infinitivi
1439 3009 1637 3058 inlicere,
1661 3007 1844 3050 vincere
1864 3025 1961 3066 sqq.
1987 3027 2093 3054 con-

1202 3064 1451 3107 structione
1475 3080 1631 3122 graeca
1655 3073 1898 3121 ponuntur,
1929 3067 1983 3109 de
2006 3084 2093 3125 qua

1202 3120 1382 3164 uberius
1406 3121 1580 3164 dicetur
1601 3121 1754 3164 adsAn.
1776 3124 1844 3170 11,
1859 3125 1895 3165 l.
1932 3123 2094 3168 Graeci

1206 3178 1325 3220 eni-m
1355 3179 1419 3222 sic
1450 3188 1693 3235 ursurpant
1717 3178 1987 3223 infinitivum
2010 3199 2094 3239 pro

1205 3233 1317 3284 ὥςτε
1352 3253 1391 3280 c.
1419 3235 1500 3280 inf.
1573 3236 1783 3280 Ceterum
1817 3253 1986 3281 amore
2020 3241 2097 3282 in-

1204 3295 1337 3334 licere
1366 3292 1529 3336 dicitur
1561 3302 1610 3336 ut
1635 3295 1828 3347 pellexit
1862 3299 2096 3339 adulterio

1203 3352 1245 3402 4,
1271 3350 1313 3393 3.
1382 3350 1663 3394 Posti-emam
1701 3351 1922 3396 rationem
1963 3356 2094 3397 video

1207 3416 1250 3451 et
1263 3407 1427 3450 Rothio
1445 3417 1669 3464 acceptam
1688 3407 1733 3450 in
1747 3407 1929 3463 Quaest.
1943 3410 2095 3455 Grann.

1207 3467 1378 3520 (Neues
1390 3465 1560 3508 Archiv
1570 3464 1743 3518 fiPhil.
1767 3482 1811 3508 u.
1829 3465 1947 3511 Piid.
1970 3469 2095 3513 1830.

1206 3539 1250 3581 p.
1275 3522 1366 3577 29.)
1394 3546 1451 3556 —
1509 3521 1579 3566 De
1600 3537 1649 3565 re
1669 3524 1728 3568 cf.
1750 3523 1841 3566 Dio
1866 3526 1934 3577 58,
1954 3528 2025 3571 28.
