2222 4030
1835 139 1888 175 A.
1906 142 1961 177 U.
1981 142 2061 178 786.

1824 186 1885 226 A.
1907 184 1954 223 C.
2002 187 2062 222 33.

291 139 418 197 400
960 118 1472 198 ANNA'LIUM

291 273 584 332 columem
606 267 732 324 fore
760 275 1047 339 gratatur,
1089 287 1353 344 quaeque
1374 265 1602 326 dixerat
1629 271 1812 328 oracli
1835 274 1962 355 ,vice
1997 277 2150 334 acci-

289 359 458 435 piens
477 356 632 410 inter
655 351 897 408 intimos
926 351 1251 409 amicorum
1278 361 1455 411 tenet.
2014 380 2016 382 >

455 447 654 509 XXII.
737 447 856 506 Sed
884 444 1038 508 mihi
1065 445 1206 505 haec
1241 468 1307 505 ac
1343 449 1483 505 talia
1519 451 1786 510 audienti
1820 453 1890 512 inv
1923 456 2147 518 incerto

287 538 574 598 iudicium
609 543 725 602 est,
767 534 965 590 fatone
991 554 1084 589 res
1109 533 1448 590 mortalium
1477 546 1532 591 et
1555 540 1894 598 necessitate
1929 542 2149 601 immu-

269 623 460 683 tabili
495 639 572 677 an
608 621 761 676 forte
797 608 1129 689 §olvantun
1231 619 1448 695 quippe
1491 621 1951 696 sapientissimos
1986 641 2146 686 vete-

287 730 452 777 rum,
507 705 993 782 quique-„sectam
1035 707 1240 758 eorum
1281 706 1682 778 aemulantur,
1751 710 2025 769 diversos-
2050 735 2147 770 se..

286 794 507 872 periaS,
551 810 617 847 ac
645 788 1122 858 multis3insitam
1155 789 1531 862 opinionem,
1570 813 1697 853 non
1732 794 1903 853 initia
1937 800 2146 869 nostri,

284 900 411 938 non
437 877 648 945 finem,
690 895 815 931 non
846 873 1101 948 denique
1127 869 1399 935 homines
1432 875 1544 931 diis
1581 899 1771 939 curae.
1796 941 1800 948 ἱ
1858 881 1991 939 ideo
2020 905 2147 939 cre-

263 964 543 1027 -berrima
583 972 639 1018 et
677 959 865 1016 tristia
899 956 964 1012 in
997 958 1249 1027 bonOS,-
1270 960 1421 1022 laeta
1455 962 1612 1035 apud
1652 964 1968 1025 deteriores
2005 988 2145 1029 esse.

282 1050 507 1111 Contra
542 1045 646 1103 alii
677 1045 861 1100 fatum
902 1043 1143 1118 quidem
1180 1063 1502 1118 congruere
1537 1048 1714 1104 rebus
1748 1062 1988 1124 putant,
2042 1056 2145 1110 sed
2220 1103 2222 1105 .

282 1155 410 1194 non
436 1154 466 1192 e
490 1131 651 1204 vagis
678 1128 858 1183 stellis
875 1173 891 1197 ,
933 1148 1140 1185 verum
1165 1130 1324 1204 apud
1351 1130 1645 1208 principia
1672 1145 1726 1190 et
1752 1154 1935 1193 nexus
1970 1149 2146 1194 natu-

281 1221 499 1286 talium
538 1234 866 1273 causarum:
920 1233 987 1269 ac
1026 1226 1222 1271 tamen
1256 1215 1603 1272 electionem
1644 1218 1800 1275 vitae
1836 1222 2010 1278 nobis
2048 1244 2145 1279 re-

279 1292 590 1383 linquunt,
636 1319 814 1375 quam
848 1297 955 1355 ubi
992 1300 1263 1372 elegeris,
1308 1312 1532 1357 certum
1567 1302 2006 1371 imminentium
2044 1329 2146 1365 or.-

281 1393 503 1452 dinem.
588 1403 781 1461 neque
806 1383 959 1439 mala
985 1385 1080 1440 vel
1106 1385 1293 1456 bona,
1338 1407 1487 1462 quae
1512 1387 1724 1462 vulgus
1750 1402 1943 1465 putet:
1986 1393 2146 1450 mul..

278 1492 388 1548 tos,
431 1473 536 1552 qui
558 1469 886 1528 conflictari
911 1469 1171 1543 adversis
1195 1470 1531 1542 videantur,
1574 1473 1792 1546 heatOS,
1826 1484 1890 1533 ac
1916 1477 2143 1551 pleros-

277 1584 390 1643 que
419 1575 758 1638 quanquam
783 1573 1025 1627 magnas
1051 1575 1160 1630 per
1181 1576 1321 1631 opes
1353 1557 1747 1629 miserrimos,
1766 1569 1778 1579 “
1796 1561 1845 1616 si
1879 1562 1971 1617 illi
2009 1583 2142 1638 gra..

275 1669 413 1707 vem
458 1646 761 1701 fortunam
805 1652 1141 1698 constanter
1179 1643 1460 1712 tolerent,
1512 1638 1580 1698 hi
1614 1665 1894 1720 prospera
1932 1647 2144 1705 incon-

275 1734 427 1792 sulte
461 1738 746 1788 utantur..
810 1722 1087 1783 Ceterum
1110 1727 1383 1802 plurimis
1404 1729 1746 1787 mortalium
1776 1750 1901 1788 non
1933 1733 2144 1789 eximi-.-

273 1832 398 1889 tur‚
439 1815 587 1894 quin
620 1811 814 1889 primo
853 1811 1136 1889 cuiusque
1161 1823 1298 1872 ortu
1321 1824 1573 1875 ventura
1597 1815 1994 1875 destinentur:
2039 1819 2140 1876 sed

1240 2042 1406 2088 novius
1440 2043 1556 2088 delet
1587 2053 1653 2098 et,
1687 2054 1831 2090 cetera
1860 2047 1954 2090 sine
1987 2054 2138 2092 muta-

1240 2101 1362 2144 tione
1395 2101 1575 2145 retinet.
1610 2112 1612 2114 ’
1652 2103 1909 2147 Ernestius:
1951 2107 2136 2148 *creber-

1238 2159 1358 2201 rime
1391 2167 1435 2202 et
1467 2162 1620 2204 trl‘stt'a
1648 2163 1695 2204 1⁰11
1726 2163 1765 2204 b.
1803 2169 1847 2203 et
1881 2165 2011 2206 laeta
2048 2172 2135 2208 ete.

254 2035 268 2038 Β
331 2053 569 2105 gratatur.
623 2041 678 2085 H.
703 2057 741 2087 e.
767 2041 996 2109 gratando·
1009 2041 1167 2109 aperit.

273 2107 352 2152 Sic
374 2110 412 2157 1,
436 2104 507 2147 39.
533 2103 803 2146 miseratur.
857 2099 962 2142 V1d.
984 2101 1046 2143 1b1
1069 2108 1166 2144 not.

255 2167 344 2216 ,De
366 2161 526 2219 copula
549 2166 614 2211 et,
640 2173 775 2215 quam
799 2156 1031 2200 Acidalius
1062 2173 1167 2200 mu-

273 2224 393 2268 tabat
415 2219 460 2262 in
485 2214 567 2260 sed
595 2215 656 2260 cf.
678 2223 776 2256 not.
802 2215 858 2258 ad
885 2217 921 2264 1,
948 2215 1016 2258 13.

329 2278 442 2323 cip,
464 2276 536 2320 22.
589 2273 810 2326 reperias-
854 2271 931 2314 Sic
945 2273 1047 2315 eod.
1063 2272 1166 2316 MS.

272 2348 316 2383 et
333 2336 481 2392 nuper
504 2342 547 2377 et
557 2329 718 2375 Kiessl.
745 2353 798 2362 —-
844 2332 1050 2382 reperies
1066 2331 1167 2375 edd.

273 2391 484 2440 Beroald.
507 2405 604 2447 sqq.
626 2384 853 2443 (nonnulli
879 2390 1150 2443 repperies).

327 2454 431 2496 ideo
457 2446 744 2492 creberrima
764 2449 812 2485 et
831 2444 991 2485 tristia
1010 2445 1059 2486 in
1079 2447 1162 2486 bo-

268 2526 378 2558 nos,
410 2509 541 2556 loeta
561 2505 688 2558 apud
710 2503 758 2544 d.
782 2514 890 2543 esse.
951 2499 1029 2544 Sic
1059 2501 1162 2544 cod.

268 2564 372 2614 MS.
397 2563 499 2608 edd..
526 2558 736 2604 Beroald.
762 2556 863 2601 Alc.
895 2556 1038 2601 Rhen.
1062 2574 1161 2616 sqq.

268 2627 424 2670 Recte.
478 2621 538 2664 Et
562 2616 781 2676 significat
800 2623 1009 2658 nostrum
1031 2618 1164 2659 auch.

270 2685 331 2732 cf·
357 2679 458 2734 1,AE
488 2692 634 2731 aegro
669 2682 713 2716 et
743 2687 953 2727 corpore.
1023 2673 1163 2716 Intel-

270 2743 359 2802 lige
389 2746 432 2782 et
456 2737 613 2779 tristia
633 2739 811 2791 praeter
828 2733 980 2779 laeta,
1021 2746 1164 2797 quum

268 2805 543 2856 exspectares
567 2790 717 2834 onmia
737 2788 864 2831 laeta.
914 2786 1019 2830 Non
1043 2804 1165 2831 emm

268 2858 379 2903 ‘dicit
413 2849 704 2896 creberrima
738 2846 891 2887 tristia
921 2846 971 2887 in
1003 2848 1164 2895 bonos,

269 2967 597 3017 creberrimum
625 2978 719 3006 esse
753 2961 815 3015 (h.
839 2975 876 3002 e.
898 2959 1052 3025 uiuitis
1075 2962 1163 3004 bo.-

269 3029 340 3074 nis
367 3026 414 3070 id
439 3021 684 3076 accidere),
725 3027 774 3061 ut
799 3025 841 3060 et
865 3017 1006 3081 tristia
1028 3034 1165 3075 expe-

272 3088 458 3132 riantur.
503 3080 624 3123 Hinc
643 3077 814 3119 frustra
835 3075 1012 3130 ingenia
1035 3091 1162 3118 exer-

267 3147 463 3188 cuerunt
505 3137 586 3180 viri
627 3133 751 3178 docti
790 3133 837 3175 in
878 3133 1161 3175 emendando

270 3197 514 3246 hocloco.
573 3189 934 3235 Freinshemius:
981 3191 1159 3255 creber:-

271 3262 390 3302 rime
413 3252 593 3299 tristia,
625 3250 747 3307 quod
759 3246 988 3297 Bekkerus
1012 3247 1162 3289 edidit.

261 3313 460 3363 Dubito,
479 3326 535 3353 an
550 3310 671 3363 ,bene
694 3306 781 3348 dici
802 3305 966 3363 possit:
998 3306 1163 3352 tristia,

270 3377 399 3416 laeta
431 3364 713 3412 creberrime
746 3370 870 3404 sunt.
932 3361 1163 3404 Heinsius:

272 3434 375 3474 ideo
400 3422 708 3469 creberrima,
741 3428 791 3461 ut
815 3421 966 3463 tn'stia
996 3421 1044 3461 in
1080 3420 1164 3461 bo-

271 3501 388 3539 nos,
427 3486 494 3529 ita
522 3484 649 3525 laeta
673 3495 718 3523 a.
746 3480 792 3520 d.
817 3492 855 3520 e.
912 3476 1013 3520 lac.
1038 3475 1161 3520 Gro-

1238 2215 1528 2275 Receperunt
1549 2217 1648 2277 Bip.
1673 2227 1715 2261 et
1739 2218 1949 2262 Oberlin.

1296 2289 1444 2329 quam
1482 2277 1562 2317 ubi
1590 2278 1799 2331 elegeris.
1876 2277 2035 2335 Quam
2071 2295 2136 2322 sc.

1238 2329 1400 2382 vitam3
1437 2348 1539 2376 nam
1574 2334 1628 2376 de
1656 2336 1782 2376 vitae
1806 2334 2024 2379 electione
2046 2336 2137 2379 iam

1226 2387 1454 2446 loquitur.
1513 2389 1571 2432 Et
1589 2390 1707 2434 haud
1731 2391 1866 2435 dubie
1888 2390 2138 2450 elegantior

1237 2453 1302 2488 est
1337 2445 1436 2510 talis
1468 2447 1698 2512 repetitio,
1731 2463 1864 2506 quam
1900 2451 2022 2507 quod
2044 2450 2132 2494 Er-

1235 2509 1408 2544 nestlus
1433 2503 1655 2547 coniecit:
1688 2521 1836 2560 quam
1857 2506 1938 2548 ubi
1946 2508 2135 2563 seceris,

1223 2559 1303 2602 wel
1341 2574 1484 2615 quam
1528 2562 1606 2603 ubi
1633 2565 1860 2615 decreris,
1913 2563 1982 2606 vel
2017 2579 2134 2608 nam

1237 2617 1320 2659 ubi
1339 2617 1564 2660 decreris.

1294 2690 1349 2716 ac
1367 2676 1629 2731 plerosque.
1676 2675 1791 2720 Edd.
1806 2677 2018 2721 Beroald.
2033 2679 2134 2724 Alc.
2216 2740 2222 2756 A

1236 2730 1440 2774 Rhenan.
1471 2747 1569 2790 sqq.
1617 2741 1671 2775 at
1699 2737 1964 2791 plerosque,
2009 2738 2131 2794 quod

1238 2804 1294 2831 an
1348 2788 1450 2831 satis
1504 2797 1627 2833 recte
1684 2791 1739 2833 de
1803 2791 1907 2836 loco
1956 2793 2130 2852 Lipsius

1290 2917 1538 2956 prospera.
1618 2905 1705 2948 lnt.
1761 2906 1959 2950 fortuna.
2040 2908 2129 2952 Er-

1236 2960 1405 3004 nestius
1424 2975 1656 3014 prospera
1678 2979 1910 3022 perperam
1937 2965 2132 3024 accipie-

1234 3017 1311 3060 bat
1362 3018 1409 3060 in
1461 3020 1744 3071 accusative,
1803 3029 1852 3064 ut
1901 3022 2133 3082 ἀρχαϊκῶς

1236 3074 1423 3118 dictum.
2104 3118 2106 3120 .

1613 3131 1691 3177 Sic
1731 3135 1834 3179 cod.
1873 3135 1978 3180 MS.
2024 3139 2128 3184 edd.

1293 3133 1535 3175 eximitur.

1233 3189 1444 3232 Beroald.
1492 3189 1594 3234 Alc.
1675 3191 1883 3235 Restituit
1918 3193 2131 3250 Pichena,

1240 3263 1380 3304 quum
1421 3246 1625 3290 Rhenan.
1669 3247 1833 3305 aliique
1887 3251 2128 3297 edidissent

1240 3305 1412 3353 eximi,
1443 3305 1617 3362 decepti
1646 3306 1871 3350 infinitivis
1898 3311 2124 3366 sequenti-

1237 3363 1337 3406 bus.
1403 3360 1494 3404 Sed
1526 3363 1751 3404 eximitur
1781 3363 1964 3408 Tacitus
1996 3381 2019 3408 e
2049 3383 2129 3409 sua

1236 3434 1430 3476 persona
1452 3418 1580 3471 dicit,
1611 3435 1703 3462 non
1728 3436 1751 3462 e
1774 3422 1992 3466 sententia
2011 3423 2126 3467 alio-

1237 3492 1354 3520 rum.
1417 3475 1547 3532 Quae
1569 3487 1819 3535 sequuntur
1840 3477 1946 3523 inde
1966 3495 1992 3524 a
2018 3484 2127 3538 quin

1226 2845 1386 2902 (1574)
1407 2844 1619 2898 truderit,
1651 2849 1896 2905 quaeritur.

255 2912 394 2974 *quasi
419 2910 592 2952 soleant
615 2903 726 2948 boni
757 2902 900 2946 tristia
931 2904 1061 2960 pati3.
1085 2902 1164 2946 sed
1226 2939 1231 2945 .
