2222 4030
341 258 467 318 334

339 409 498 447 nere·

1004 252 1533 329 ANNALIUM
1604 333 1607 335 f

598 387 760 465 quod
798 384 849 442 si
883 397 1085 444 vatum
1099 433 1115 457 ,
1166 385 1472 443 annalium
1503 387 1578 443 ad
1613 389 1948 451 testimonia
1978 400 2195 454 vocen-

1879 259 1932 296 A.
1949 261 2004 297 U.
2027 262 2110 300 778.

1882 302 1933 338 A.
1953 303 1999 341 C.
2050 308 2109 341 25,

336 488 467 545 tur,
504 473 704 550 plures
736 472 850 530 sibi
877 492 944 529 ac
968 465 1379 547 locupletiores
1405 491 1546 533 esse.
1614 494 1824 552 neque
1849 474 2196 556 Philippum

380 559 633 629 otentia,
686 560 787 615 sed
829 577 898 614 ex
933 576 1072 614 vero
1112 557 1397 618 statuisse.

337 648 496 703 ldem
528 642 898 720 imperatoris
932 640 1216 698 Mummii
1250 641 1555 703 iudicium.

1495 558 1654 615 idem
1694 562 1848 635 regis
1887 557 2194 640 Antigoni,

1643 644 1726 702 sic
1757 645 2027 706 Milesios
2057 671 2194 727 per-

333 733 512 788 misso
561 723 796 806 publice
849 727 1091 785 arbitrio
1106 771 1122 797 ‚
1196 738 1493 802 postremo
1542 724 1818 788 Atidium
1868 731 2193 794 Geminum

330 828 663 894 praetorem
685 810 943 873 Achaiae
970 811 1309 872 decrevisse.

661 897 742 957 Et
790 898 1090 972 Segestani
1144 899 1347 955 aedem
1398 896 1652 957 Veneris
1709 915 1976 962 montem
2031 909 2191 981 apud

333 903 557 961 datum.

1395 810 1484 870 Ita
1512 817 1838 875 secundum
1863 817 2193 879 Messenios

330 985 593 1069 Erycum
617 995 901 1043 vetustate
933 983 1222 1058 dilapsam
1255 984 1573 1041 restaurari
1607 988 2005 1062 postulavere,
2047 1003 2191 1049 nota

330 1083 722 1130 memorantes
766 1070 838 1125 de
874 1068 1104 1142 origine
1137 1069 1264 1126 eius
1293 1079 1348 1125 et
1383 1069 1534 1127 laeta
1569 1069 1834 1132 Tiberio.

330 1178 533 1218 curam
575 1157 766 1214 libens
803 1165 872 1211 ut
903 1155 1390 1228 consanguineus·

1932 1077 2189 1152 suscepit

1487 1154 1662 1214 Tunc
1706 1167 1982 1216 tractatae
2022 1158 2189 1218 Mas-

327 1243 658 1303 siliensium
709 1259 910 1317 preces
966 1240 1398 1316 probatumque
1444 1237 1512 1300 P.
1560 1238 1797 1300 Rutilii
1835 1246 2185 1320 exemplum.

326 1349 581 1405 namque
606 1347 741 1384 eum
766 1325 994 1399 legibus
1026 1325 1264 1400 pulsum
1302 1324 1490 1381 civem
1523 1325 1638 1384 sibi
1666 1327 1978 1406 Smyrnaei
2015 1333 2186 1388 addi-

289 1454 294 1462 ι
327 1418 552 1474 derant.

639 1433 755 1490 quo
780 1412 909 1468 iure
926 1409 1236 1468 Vulcatius
1259 1407 1544 1469 Moschus
1568 1413 1731 1470 exsul
1758 1415 1823 1469 in
1845 1413 2185 1473 Massilien—

324 1521 413 1558 ses
445 1510 710 1575 receptus
736 1499 894 1556 bona
930 1516 1035 1554 sua
1069 1497 1157 1553 rei
1187 1492 1460 1573 publicae
1498 1517 1703 1556 eorum
1732 1510 1800 1556 ut
1833 1501 2057 1576 patriae
2090 1522 2186 1559 re-

317 1588 589 1665 liquerat.

375 1821 499 1878 quod
518 1817 563 1860 si
572 1820 884 1860 ...vocentmu
947 1811 1009 1855 As
1043 1811 1214 1855 ndeton

316 1886 389 1928 in:
419 1885 608 1926 vatum,
636 1873 886 1917 annalium
909 1869 1005 1928 disp
1026 1869 1113 1913 icet
1126 1869 1212 1911 Er-

317 1936 487 1988 nestio;
527 1931 689 1976 Tacito
721 1928 824 1973 satis
859 1936 1096 1986 acceptum
1132 1937 1212 1972 est.

317 1999 376 2044 cf.
403 1990 603 2053 suptus.
626 1991 667 2034 1.
705 1986 988 2042 compositae
1018 1986 1092 2028 rei
1116 2001 1209 2040 pu-

317 2047 706 2110 blicae,florentis
720 2050 892 2088 domus
901 2061 916 2095 ;
946 2043 988 2092 3,
1002 2044 1070 2086 67.
1088 2058 1210 2092 voce,

314 2115 475 2162 vulta;
500 2107 542 2157 4,
553 2106 634 2150 148.
658 2107 889 2151 clamore,
921 2103 1052 2152 telis,·
1079 2102 1120 2153 4,
1140 2102 1211 2146 49.

310 2185 454 2218 saxa,
482 2168 665 2214 hastae,
697 2163 823 2215 ignes
856 2159 1085 2203 etc.'ibid.
1112 2161 1210 2202 bel-

313 2232 552 2274 latorum,
590 2219 863 2263 imbellium.
936 2215 1075 2273 Quod
1109 2226 1210 2261 ante

313 2282 484 2332 addidit
506 2277 743 2339 copulam:
774 2277 1018 2318 annalium
1034 2308 1046 2318 .
1062 2307 1072 2317 .
1091 2307 1102 2316 .
1117 2290 1206 2342 va3

313 2353 527 2396 tumque,
591 2342 712 2380 recte
757 2333 880 2375 fecit.
969 2331 1113 2375 Nam.
1142 2332 1206 2375 ih1

310 2399 430 2446 aliud
469 2404 536 2440 est
579 2391 757 2438 dicendi
789 2405 945 2448 genus.
1024 2388 1204 2432 Deinde

308 2453 532 2503 oberlino
575 2450 651 2497 vix
689 2449 877 2493 dubium
914 2454 1010 2489 erat'
1049 2447 1203 2503 legen-

308 2517 444 2561 dumt
503 2507 669 2568 quodsi
715 2513 903 2556 vatum,
955 2505 1205 2547 annalium

307 2570 578 2617 testimonia
612 2568 911 2609 advocentur.
994 2558 1115 2607 Cave
1146 2576 1204 2603 ne

305 2630 478 2677 eredas.
538 2624 728 2680 Vulgata
758 2621 981 2678 scriptura
1009 2618 1072 2662 nil
1100 2633 1202 2660 me-

303 2689 389 2734 lius
424 2694 502 2730 est.
570 2682 688 2726 Nam
721 2678 886 2721 vocari
912 2684 978 2720 est
1007 2675 1201 2723 verbum

302 2742 537 2791 iudiciale,
587 2737 800 2797 exquisite
831 2735 997 2779 dicitur
1039 2735 1093 2777 de
1131 2732 1200 2784 iis,

303 2802 380 2864 qui
410 2800 661 2847 invitantur
688 2795 744 2840 ad
772 2801 1021 2843 certamen,
1052 2790 1125 2836 vel
1149 2798 1199 2833 ut

301 2860 528 2907 rationem
560 2853 766 2899 reddant.
836 2851 946 2894 Tac.
982 2851 1036 2894 de
1069 2848 1200 2893 Orat.

301 2937 342 2964 c.
371 2917 438 2962 13.
470 2919 536 2958 ad
553 2927 758 2970 quorum
777 2911 1000 2964 exempla
1019 2922 1094 2950 me
1114 2921 1199 2947 vo-

304 2991 397 3020 cas.
436 2972 550 3018 Infr.
565 2967 871 3021 6',34.·vocare
892 2970 956 3008 ad
967 2979 1197 3020 pugnam.

304 3033 599 3076 Vocabantur
632 3025 846 3070 Messenii
879 3023 934 3067 ad
965 3023 1039 3067 illa
1071 3021 1200 3065 testi-

303 3089 456 3134 monia
479 3088 520 3130 h.
541 3103 580 3130 e.
607 3084 938 3133 invitabantur,
977 3089 1028 3123 ut
1052 3088 1197 3123 certa-

303 3155 406 3193 rent
423 3141 706 3189 testimoniis.
757 3138 1050 3183 Germanice:
1075 3143 1196 3180 toiir-

299 3209 398 3248 'den
431 3202 497 3246 sie
529 3217 590 3244 zu
618 3198 906 3252 Zeugnissen
935 3211 1022 3240 aas
1045 3195 1196 3237 Jahr-

302 3263 506 3306 hachem
539 3260 637 3301 und
666 3256 896 3298 Dz'chtern
937 3257 1195 3307 herausge-

292 3321 503 3377 fordert.
580 3313 691 3356 Mox
735 3313 1056 3367 locupletiores
1094 3310 1194 3354 edd.

304 3378 423 3436 Lips.
447 3390 547 3432 sqq.
593 3370 909 3424 locupletioris
936 3368 1036 3412 edd.
1059 3375 1168 3413 vett.

361 3428 596 3477 Mummii.
651 3427 728 3471 Sic
747 3427 867 3485 Lips.
891 3443 988 3485 sqq.
1036 3426 1204 3469 Mumz'i

306 3492 406 3536 edd.
430 3498 538 3536 vett.
742 3534 746 3538 .

357 3547 549 3602 publice.
610 3543 664 3586 H.
688 3558 726 3585 e.
747 3558 771 3585 a
789 3541 1026 3585 Messeniis
1047 3547 1089 3582 et
1107 3538 1193 3581 La-

307 3603 604 3650 cedaemoniis
637 3616 730 3646 non
757 3598 956 3657 privato,
997 3597 1072 3642 sed
1106 3613 1191 3654 pu-

1284 1812 1406 1857 blico
1433 1812 1627 1857 consilio
1661 1821 1705 1857 et
1738 1813 1937 1859 decreto.
1997 1815 2110 1860 Nam
2145 1819 2182 1862 si

1285 1878 1421 1914 esset:
1471 1871 1572 1922 „rei
1604 1870 1812 1928 publicae
1840 1872 2179 1925 Milesiorum'‘‚

1284 1929 1406 1986 quod
1444 1929 1544 1974 vult
1574 1928 1935 1979 Freinshemius,
1986 1939 2084 1975 tum
2123 1933 2179 1976 ad

1283 1986 1560 2030 vocabulum
1601 1987 1806 2030 Milesios
1844 1989 1994 2045 potius
2045 2005 2179 2048 quam

1282 2043 1335 2085 ad
1356 2046 1592 2098 permisso
1617 2043 1812 2103 scriptor
1840 2045 2060 2103 posuisset
2083 2062 2179 2104 pu-

1281 2101 1409 2144 blice.

1337 2161 1591 2201 secandum
1612 2159 1867 2203 Messenios
1885 2163 2068 2204 datum.
2119 2164 2179 2207 cf.

1281 2213 1406 2260 Suet.
1430 2215 1587 2260 Claud.
1611 2232 1650 2261 c.
1667 2216 1734 2261 15.
1763 2221 2018 2261 secundum
2034 2234 2179 2275 prae-

1278 2281 1431 2316 sentes
1442 2272 1680 2329 facillime
1698 2277 1860 2318 dabat.

1335 2331 1551 2386 Erycum.
1612 2330 1689 2376 Sic
1712 2340 1754 2374 et
1785 2333 1881 2378 Cic.
1906 2335 2039 2379 Verr.
2068 2336 2110 2389 2,
2134 2337 2175 2381 8.

1277 2387 1402 2431 Alibi
1426 2391 1647 2442 Erycem,
1678 2390 1744 2432 uti
1771 2390 2006 2436 Broterius
2038 2394 2176 2438 edidit

1278 2461 1383 2487 cum
1409 2446 1547 2488 Aldo.
1610 2447 1769 2491 Posses
1791 2449 1922 2493 etiam
1947 2451 2175 2496 coniie'ere

1274 2501 1550 2558 Erycinum,
1592 2505 1695 2562 quia
1729 2505 1831 2548 eod.
1858 2506 1962 2549 MS.
1999 2509 2174 2567 saepius

1275 2559 1447 2660 οᾶηἰῐῑίἑ
1466 2559 1635 2603 medias
1668 2561 1874 2620 syllabas.
1936 2564 2038 2609 Vid.
2073 2575 2169 2611 not.

1272 2633 1295 2659 a
1357 2619 1396 2668 1,
1447 2619 1491 2660 Ο.

1328 2675 1580 2730 dilapsam.
1615 2675 1679 2718 Ex
1700 2677 2012 2723 emendatione
2023 2681 2171 2725 Erne-

1269 2731 1356 2784 stii,
1380 2748 1515 2791 quam
1537 2747 1612 2789 seq
1649 2765 1660 2776 .
1680 2734 1783 2778 edd.
1810 2745 2004 2782 servant.
2039 2737 2170 2783 Prius

1268 2789 1374 2832 inde
1415 2806 1439 2832 a
1480 2789 1584 2833 Ber.
1643 2791 1856 2848 egebatur
1907 2797 2167 2851 delapsam.

1271 2847 1328 2891 ef.
1344 2846 1456 2891 Hist.
1472 2848 1513 2900 4,
1529 2847 1601 2890 40.
1625 2864 1744 2891 aera
1764 2852 1919 2905 legum
1938 2861 2170 2898 vetustate

1269 2906 1480 2959 delapsa.
1548 2905 1717 2950 Contra
1757 2906 1870 2952 Hist.
1899 2911 1937 2961 1,
1962 2911 2029 2953 86.
2061 2914 2169 2955 dein

1272 2970 1513 3005 remeante
1518 2963 1725 3019 flumine
1741 2966 1946 3021 dilapsa.
1978 2967 2167 3012 Utrum-

1273 3036 1360 3079 que
1381 3020 1556 3064 bonum
1576 3037 1658 3064 suo
1679 3021 1801 3066 loco.
1862 3023 1932 3067 De
1954 3026 2060 3068 aede
2078 3026 2163 3070 Ve-

1270 3077 1394 3121 neris
1437 3087 1478 3120 et
1519 3079 1670 3120 dilabi
1702 3088 1744 3122 et
1786 3082 1946 3123 delabi
1979 3082 2165 3139 quidem

1270 3135 1358 3179 dici
1382 3144 1543 3192 potest.
1605 3135 1658 3179 In
1682 3136 1901 3196 inscriptt.
1926 3147 2077 3182 tamen
2111 3141 2166 3185 de

1269 3193 1451 3237 aedibus
1492 3194 1758 3261 plerumque
1798 3194 1961 3251 legitur
2004 3198 2163 3242 dilabi.

1270 3250 1329 3294 cf.
1342 3250 1559 3299 Piranesi‚
1584 3252 1826 3294 Antzchita
1837 3254 2050 3297 Romane
2062 3255 2115 3298 T.
2129 3256 2163 3299 I.

1270 3310 1359 3352 tab.
1386 3308 1453 3351 17.
1486 3306 1668 3351 Gruter.
1693 3323 1737 3365 p.
1764 3310 1860 3352 177.
1891 3327 1963 3354 nr.
1995 3315 2034 3355 1.

1325 3366 1716 3419 consanguineus.
1827 3366 1902 3410 Sc.
1954 3369 2160 3421 Veneris,

1269 3438 1366 3466 non
1388 3421 1444 3464 Se
1478 3431 1765 3474 estanorum,
1797 3433 1845 3467 ut
1858 3423 2006 3483 Lipsio
2031 3426 2157 3469 vide-

1267 3481 1416 3524 batur.
1474 3490 1523 3522 (ο
1549 3481 1798 3538 respiciunt
1818 3484 1946 3524 laeta
1957 3483 2156 3529 Tiberio.

1324 3538 1381 3581 Ρ.
1405 3537 1579 3580 Rutilii
1596 3541 1882 3593 exemplum.
1947 3539 2081 3584 Ovid.
2110 3559 2160 3584 ex

1266 3595 1416 3652 Ponto
1444 3597 1480 3646 1,
1502 3595 1542 3646 3,
1562 3595 1633 3639 63.
1671 3595 1870 3640 Velleius
1889 3596 2011 3648 213.
2062 3598 2156 3641 Cic.
