2222 4030
287 170 446 215 xmv
788 187 790 189 >
911 147 1507 214 PRAEFATIO.

286 282 359 338 ab
398 277 529 336 aliis
566 273 737 333 libris
763 275 1042 333 omnibus
1072 274 1146 332 sit
1175 274 1471 346 diwrsm,
1529 295 1606 331 an
1651 277 1855 334 eadem
1891 302 1958 339 ex
2003 284 2133 341 aliis

283 366 566 423 adnotare
591 359 956 436 neglexerint
980 360 1097 416 viri
1124 360 1313 431 docti,
1355 381 1480 417 non
1509 361 1692 438 liquet
1721 358 1902 420 mihi.·
1938 366 2135 427 Multo

281 447 648 508 emendatior
694 445 958 505 eiusdem
1007 446 1227 503 codicis
1279 457 1603 503 contextus.
1624 458 1708 504 est
1749 447 1814 504 in
1854 450 2008 509 libro
2061 456 2137 511 de
2190 466 2192 469 ’

285 533 610 593 Germania
638 543 694 590 et
718 532 784 589 in
809 531 1044 604 dialogo
1073 531 1146 586 de
1171 531 1535 601 oratoribus,
1592 544 1648 590 et
1686 554 1719 589 a
1755 534 1953 609 priore
1992 540 2135 595 scri-

283 633 458 697 ptura
496 619 578 676 ita
617 615 915 685 diversuS,
970 627 1037 672 ut
1070 615 1186 672 alia
1224 635 1465 690 prorsus
1493 616 1674 673 editio
1702 638 1822 675 esse
1849 621 2138 681 videatur.

281 702 705 780 Complectitur
752 697 1084 759 Annalium
1136 700 1323 757 libros
1378 701 1519 758 inde
1577 703 1651 758 ab
1704 705 2018 764 undecimo
2082 721 2138 766 et

281 789 682 848 Historiarum
720 786 825 864 qui
863 795 1205 861 supersunt,
1267 785 1393 841 sine
1430 787 1555 844 ullo
1592 788 1886 846 librorum
1924 791 2136 849 inscri-

279 875 486 952 ptione
527 886 632 932 aut
677 891 947 931 numer0.
1060 868 1203 927 Post
1240 867 1537 928 Historias
1574 874 1841 950 sequitur
1874 876 2028 934 liber
2062 879 2137 934 de

281 959 602 1019 Germania
643 953 755 1014 hac
794 954 1210 1030 inscriptione:
1265 948 1548 1012 Cornelii
1580 954 1795 1014 Taciti
1832 957 2134 1019 illustris-

278 1042 427 1104 simi
465 1038 751 1101 historici
789 1036 860 1097 de
906 1038 1030 1096 situ
1069 1036 1342 1096 moribus
1385 1047 1438 1096 et
1479 1039 1730 1121 populis
1760 1037 2136 1103 Germaniae

278 1126 532 1189 libellus
569 1145 827 1185 aureuS.·
896 1124 1125 1183 Ultimo
1161 1125 1291 1181 loco
1330 1138 1512 1183 exstat
1541 1127 1811 1202 dialogus
1836 1131 1910 1190 de
1938 1144 2137 1189 orato-

214 1248 219 1252 ·
278 1217 471 1285 ribus,
514 1214 619 1293 qui
657 1209 1032 1270 inscribitur:
1092 1202 1376 1267 Cornelii
1400 1209 1578 1268 taciti
1605 1211 1824 1294 equitis
1851 1210 2140 1273 Romani

279 1296 574 1378 dialogus
607 1294 679 1356 de
711 1292 1061 1354 oratoribus
1091 1292 1300 1352 claris.
1385 1295 1580 1354 Huius
1621 1300 1900 1357 editionis
1937 1323 2132 1359 exem-

277 1387 478 1463 plum,
518 1406 636 1464 quo
665 1403 771 1459 ego
795 1382 1034 1450 utebar,
1078 1393 1164 1439 est
1191 1403 1221 1439 e
1247 1379 1607 1441 bibliotheca
1630 1384 1827 1483 ducali
1852 1384 2131 1445 Guelfer-

275 1474 319 1529 b
358 1482 516 1530 tana.
1583 1486 1586 1490 ’

318 1493 356 1551 y
448 1555 498 1635 ἓ
522 1555 626 1615 21.
671 1545 1242 1610 EditioFrancisci
1253 1545 1601 1610 Puteolani.
1687 1553 1848 1613 Haec
1872 1557 2133 1632 primum

273 1641 496 1718 prodiit
507 1638 859 1707 Mediolani,
886 1639 1079 1694 forma
1102 1637 1381 1706 maxima,
1413 1638 1565 1696 circa
1591 1659 1686 1700 an.
1710 1661 1769 1716 p.
1783 1637 2131 1704 Chr.s1475.

274 1727 601 1784 secundum
621 1720 826 1782 Ebert.
854 1724 894 1780 l.
924 1723 964 1778 l.
1050 1719 1252 1794 Quare
1280 1742 1408 1779 eam
1435 1725 1686 1782 dicimus
1718 1722 1806 1781 ed.
1833 1721 2131 1785 Paem-

276 1806 427 1869 diol.
451 1844 462 1853 υ
519 1808 634 1866 Vir
673 1809 880 1866 doctus
915 1807 980 1863 in
1017 1803 1336 1883 Ephemer.
1377 1808 1463 1867 lit.
1506 1807 1628 1866 len.
1669 1809 1854 1871 1830.
1909 1832 1998 1870 nr.
2032 1812 2128 1870 18.

274 1918 331 1974 p.
373 1892 516 1955 144.
553 1896 628 1951 de
663 1913 822 1951 anno
869 1889 1049 1950 huius
1097 1893 1376 1950 editionis
1415 1894 1706 1971 discrepat
1744 1898 2130 1974 adfirmatque

273 2002 406 2040 eam
430 1991 564 2058 post
592 1974 1008 2056 Panegyricos
1059 1984 1270 2034 veteres
1309 1979 1549 2036 demum
1590 2001 1622 2036 a
1648 1978 1976 2040 Puteolano
2004 1984 2131 2039 edi-

272 2080 364 2127 tos
388 2065 695 2143 prodiisse.
782 2062 913 2140 Ipse
951 2063 1104 2120 liber
1133 2084 1324 2141 neque
1352 2065 1496 2120 anni
1526 2086 1717 2143 neque
1747 2068 1862 2124 loci
1891 2089 1998 2126 nec
2024 2069 2128 2125 de·-

270 2153 455 2229 nique
493 2145 848 2229 typographi
888 2160 1090 2205 notam
1132 2145 1330 2207 habet.
1429 2146 1763 2208 Mediolani
1811 2174 1939 2210 eam
1988 2174 2128 2229 pro-

272 2239 449 2295 diisse
477 2236 577 2294 vix
605 2235 876 2304 dubites,
922 2254 1107 2311 quum
1141 2246 1327 2291 cetera
1352 2233 1665 2293 Puteolani
1690 2259 1868 2315 opera
1895 2239 1982 2298 ihi
2011 2240 2128 2297 sint

271 2342 498 2382 excusa.
581 2320 847 2378 Praefixa
873 2331 957 2376 est
983 2319 1256 2377 salutatio
1291 2321 1370 2379 ita
1407 2320 1716 2398 inscripta:
1773 2367 1789 2391 ‚
1822 2319 2128 2382 Francis-

273 2427 429 2477 „cus
456 2401 838 2464 Puteolanus
866 2402 1096 2462 Iacobo
1119 2400 1502 2486 'Antiquario
1535 2403 1749 2465 ducali
1773 2405 2130 2468 SecretariO.

270 2488 502 2562 „SaL”
582 2490 814 2550 Deinde
854 2490 1149 2567 incipiunt
1183 2492 1325 2549 libri
1351 2488 1682 2551 Annalium
1722 2495 1862 2552 inde
1903 2498 1976 2554 ab
2012 2517 2129 2553 un-

271 2579 501 2637 decimo
527 2588 585 2634 et
597 2575 998 2634 Historiarum
1017 2622 1032 2646 ,
1077 2576 1182 2653 qui
1205 2576 1444 2654 utrique
1471 2600 1591 2636 una
1619 2580 1768 2637 serie
1796 2583 1869 2649 ab
1894 2581 2001 2640 XI.
2029 2600 2129 2638 us·-

272 2684 388 2742 que
438 2665 512 2720 ad
550 2660 718 2721 XXI.
759 2662 1056 2719 numerati
1096 2662 1532 2720 inscribuntur:
1603 2659 1883 2723 Cornelii
1915 2663 2133 2723 Taciti

271 2744 561 2807 Actorum
610 2743 1032 2803 Diurnalium
1082 2744 1403 2803 Historiae
1453 2743 1771 2826 Augustae
1831 2748 1986 2808 liber
2025 2746 2140 2808 XI

271 2848 378 2895 etc.
464 2832 834 2909 Sequuntur:
891 2825 1173 2890 Cornelii
1201 2827 1415 2889 Taciti
1452 2831 1872 2892 illustrissimi
1901 2835 2134 2895 Histo-

180 2982 181 2985 ,
274 2916 389 2978 rici
410 2912 481 2975 de
508 2914 632 2974 situ
661 2915 932 2974 moribus
960 2924 1012 2974 et
1038 2914 1287 2998 populis
1315 2912 1690 2977 Germaniae
1717 2919 1967 2979 libellus
2006 2942 2124 2978 au-

276 3003 429 3063 reus.
485 3035 567 3047 —-
652 2994 933 3059 Cornelii
965 2999 1178 3060 Taciti
1213 3003 1474 3085 aequitis
1510 3001 1796 3062 Romani
1833 3003 2126 3084 dialogus

273 3111 361 3149 an
388 3084 493 3146 sui
527 3083 762 3144 saeculi
800 3094 1070 3145 oratores
1109 3087 1564 3168 antiquioribus
1605 3098 1658 3147 et
1696 3111 1884 3173 quare
1925 3113 2124 3150 conces-

275 3173 450 3234 dant.
491 3206 578 3216 —-
657 3167 823 3228 Iulii
861 3168 1186 3248 Agricolae
1228 3171 1354 3230 vita
1397 3194 1504 3254 per
1542 3170 1896 3234 Cornelium
1934 3174 1999 3235 T
1996 3176 2125 3234 aci—

273 3269 404 3320 tum
430 3257 558 3316 eius
578 3274 867 3335 generum
898 3257 1234 3316 castissime
1260 3261 1609 3340 composita.

449 3344 844 3402 Puteolanum
871 3343 936 3400 in
962 3345 1205 3403 edendis
1229 3343 1424 3404 Taciti
1456 3348 1624 3405 libris
1661 3369 1834 3408 usum
1872 3368 1992 3406 esse
2024 3370 2125 3406 co·-

279 3433 509 3493 dicibus
538 3424 776 3489 MSStis
814 3430 1077 3487 dubitari
1110 3431 1333 3509 nequit.
1418 3430 1573 3491 Nam
1611 3427 1648 3491 e'
1678 3436 1832 3493 lib-ro
1859 3434 2125 3512 Spirensi
