<?xml version="1.0" encoding="UTF-8"?>
<!DOCTYPE html PUBLIC "-//W3C//DTD XHTML 1.0 Transitional//EN"
    "http://www.w3.org/TR/xhtml1/DTD/xhtml1-transitional.dtd">
<html xmlns="http://www.w3.org/1999/xhtml" xml:lang="en" lang="en">
 <head>
  <title>
</title>
<meta http-equiv="Content-Type" content="text/html;charset=utf-8" />
  <meta name='ocr-system' content='tesseract 3.04.00' />
  <meta name='ocr-capabilities' content='ocr_page ocr_carea ocr_par ocr_line ocrx_word'/>
</head>
<body>
  <div class='ocr_page' id='page_1' title='image "./operarecensuitet01taciuoft_0067.png"; bbox 0 0 2222 4030; ppageno 0'>
   <div class='ocr_carea' id='block_1_1' title="bbox 154 281 382 367">
    <p class='ocr_par' dir='ltr' id='par_1_1' title="bbox 154 281 382 367">
     <span class='ocr_line' id='line_1_1' title="bbox 154 281 382 367; baseline -0.004 0"><span class='ocrx_word' id='word_1_1' title='bbox 154 281 382 367; x_wconf 14' lang='lat' dir='ltr'><strong>etQ-³⁷22:</strong></span> 
     </span>
    </p>
   </div>
   <div class='ocr_carea' id='block_1_2' title="bbox 672 283 937 348">
    <p class='ocr_par' dir='ltr' id='par_1_2' title="bbox 672 283 937 348">
     <span class='ocr_line' id='line_1_2' title="bbox 672 283 937 348; baseline -0.004 0"><span class='ocrx_word' id='word_1_2' title='bbox 672 285 847 348; x_wconf 93' lang='lat' dir='ltr'><strong>LIB.</strong></span> <span class='ocrx_word' id='word_1_3' title='bbox 890 283 937 347; x_wconf 91' lang='lat'><strong>1.</strong></span> 
     </span>
    </p>
   </div>
   <div class='ocr_carea' id='block_1_3' title="bbox 1042 281 1942 352">
    <p class='ocr_par' dir='ltr' id='par_1_3' title="bbox 1042 281 1942 352">
     <span class='ocr_line' id='line_1_3' title="bbox 1042 281 1942 352; baseline 0.007 -6"><span class='ocrx_word' id='word_1_4' title='bbox 1042 281 1239 348; x_wconf 90' lang='lat' dir='ltr'><strong>CAP.</strong></span> <span class='ocrx_word' id='word_1_5' title='bbox 1275 288 1335 349; x_wconf 88' lang='grc'><strong>8.</strong></span> <span class='ocrx_word' id='word_1_6' title='bbox 1855 292 1942 352; x_wconf 79' lang='grc'><strong>17</strong></span> 
     </span>
    </p>
   </div>
   <div class='ocr_carea' id='block_1_4' title="bbox 66 412 1953 923">
    <p class='ocr_par' dir='ltr' id='par_1_4' title="bbox 66 412 1953 923">
     <span class='ocr_line' id='line_1_4' title="bbox 239 412 1934 494; baseline -0.002 -15"><span class='ocrx_word' id='word_1_7' title='bbox 239 419 414 483; x_wconf 90' lang='lat' dir='ltr'><strong>VIII.</strong></span> <span class='ocrx_word' id='word_1_8' title='bbox 482 412 652 478; x_wconf 79' lang='lat' dir='ltr'><strong>Nihil</strong></span> <span class='ocrx_word' id='word_1_9' title='bbox 690 415 887 494; x_wconf 88' lang='lat' dir='ltr'><strong>primo</strong></span> <span class='ocrx_word' id='word_1_10' title='bbox 926 425 1163 473; x_wconf 80' lang='lat' dir='ltr'><strong>senatus</strong></span> <span class='ocrx_word' id='word_1_11' title='bbox 1196 413 1297 471; x_wconf 88' lang='lat' dir='ltr'><strong>die</strong></span> <span class='ocrx_word' id='word_1_12' title='bbox 1330 415 1425 488; x_wconf 85' lang='lat' dir='ltr'><strong>agi</strong></span> <span class='ocrx_word' id='word_1_13' title='bbox 1461 434 1666 492; x_wconf 87' lang='lat' dir='ltr'><strong>passus</strong></span> <span class='ocrx_word' id='word_1_14' title='bbox 1699 415 1819 474; x_wconf 88' lang='lat' dir='ltr'><strong>nisi</strong></span> <span class='ocrx_word' id='word_1_15' title='bbox 1857 418 1934 476; x_wconf 83' lang='lat' dir='ltr'><strong>de</strong></span> 
     </span>
     <span class='ocr_line' id='line_1_5' title="bbox 71 496 1936 584; baseline -0.003 -18"><span class='ocrx_word' id='word_1_16' title='bbox 71 508 360 584; x_wconf 80' lang='lat' dir='ltr'><strong>supremis</strong></span> <span class='ocrx_word' id='word_1_17' title='bbox 385 496 676 579; x_wconf 55' lang='lat' dir='ltr'><strong>Augusti}</strong></span> <span class='ocrx_word' id='word_1_18' title='bbox 709 503 879 560; x_wconf 90' lang='lat' dir='ltr'><strong>cuius</strong></span> <span class='ocrx_word' id='word_1_19' title='bbox 917 511 1332 559; x_wconf 86' lang='lat' dir='ltr'><strong>testamentum</strong></span> <span class='ocrx_word' id='word_1_20' title='bbox 1366 500 1619 560; x_wconf 82' lang='lat' dir='ltr'><strong>inlatum</strong></span> <span class='ocrx_word' id='word_1_21' title='bbox 1657 522 1764 579; x_wconf 88' lang='lat' dir='ltr'><strong>per</strong></span> <span class='ocrx_word' id='word_1_22' title='bbox 1788 501 1936 563; x_wconf 88' lang='lat' dir='ltr'><strong>Vir-</strong></span> 
     </span>
     <span class='ocr_line' id='line_1_6' title="bbox 70 580 1940 669; baseline -0.006 -19"><span class='ocrx_word' id='word_1_23' title='bbox 70 595 234 669; x_wconf 86' lang='lat' dir='ltr'><strong>gines</strong></span> <span class='ocrx_word' id='word_1_24' title='bbox 262 592 475 649; x_wconf 81' lang='lat' dir='ltr'><strong>Vestae</strong></span> <span class='ocrx_word' id='word_1_25' title='bbox 516 586 828 646; x_wconf 86' lang='lat' dir='ltr'>Tiberium</span> <span class='ocrx_word' id='word_1_26' title='bbox 870 598 929 645; x_wconf 91' lang='lat' dir='ltr'><strong>et</strong></span> <span class='ocrx_word' id='word_1_27' title='bbox 958 585 1191 650; x_wconf 86' lang='lat' dir='ltr'><strong>Liviam</strong></span> <span class='ocrx_word' id='word_1_28' title='bbox 1232 580 1479 642; x_wconf 90' lang='lat' dir='ltr'><strong>heredes</strong></span> <span class='ocrx_word' id='word_1_29' title='bbox 1516 583 1745 650; x_wconf 81' lang='lat' dir='ltr'><strong>habuit.</strong></span> <span class='ocrx_word' id='word_1_30' title='bbox 1827 587 1940 648; x_wconf 89' lang='lat' dir='ltr'><strong>Li..</strong></span> 
     </span>
     <span class='ocr_line' id='line_1_7' title="bbox 67 666 1939 749; baseline -0.002 -13"><span class='ocrx_word' id='word_1_31' title='bbox 67 680 167 736; x_wconf 82' lang='lat' dir='ltr'><strong>via</strong></span> <span class='ocrx_word' id='word_1_32' title='bbox 204 680 269 735; x_wconf 92' lang='lat' dir='ltr'><strong>in</strong></span> <span class='ocrx_word' id='word_1_33' title='bbox 303 675 591 734; x_wconf 85' lang='lat' dir='ltr'><strong>familiam</strong></span> <span class='ocrx_word' id='word_1_34' title='bbox 628 672 841 731; x_wconf 83' lang='lat' dir='ltr'><strong>Iuliam</strong></span> <span class='ocrx_word' id='word_1_35' title='bbox 882 691 1219 749; x_wconf 85' lang='lat' dir='ltr'><strong>nomenque</strong></span> <span class='ocrx_word' id='word_1_36' title='bbox 1247 666 1548 745; x_wconf 84' lang='lat' dir='ltr'><strong>Augustae</strong></span> <span class='ocrx_word' id='word_1_37' title='bbox 1585 675 1939 732; x_wconf 83' lang='lat' dir='ltr'><strong>adsumeba-</strong></span> 
     </span>
     <span class='ocr_line' id='line_1_8' title="bbox 69 759 1953 837; baseline -0.001 -16"><span class='ocrx_word' id='word_1_38' title='bbox 69 776 194 821; x_wconf 80' lang='lat' dir='ltr'><strong>tur:</strong></span> <span class='ocrx_word' id='word_1_39' title='bbox 259 763 324 819; x_wconf 94' lang='lat' dir='ltr'><strong>in</strong></span> <span class='ocrx_word' id='word_1_40' title='bbox 365 781 529 837; x_wconf 89' lang='lat' dir='ltr'><strong>spem</strong></span> <span class='ocrx_word' id='word_1_41' title='bbox 565 759 884 816; x_wconf 86' lang='lat' dir='ltr'><strong>secundam</strong></span> <span class='ocrx_word' id='word_1_42' title='bbox 921 769 1162 834; x_wconf 89' lang='lat' dir='ltr'><strong>nepotes</strong></span> <span class='ocrx_word' id='word_1_43' title='bbox 1201 767 1696 833; x_wconf 27' lang='lat' dir='ltr'><strong>pro-nepotesque:</strong></span> <span class='ocrx_word' id='word_1_44' title='bbox 1758 760 1953 831; x_wconf 51' lang='lat' dir='ltr'><strong>tertio¹</strong></span> 
     </span>
     <span class='ocr_line' id='line_1_9' title="bbox 66 843 1938 923; baseline -0.001 -18"><span class='ocrx_word' id='word_1_45' title='bbox 66 849 253 923; x_wconf 86' lang='lat' dir='ltr'><strong>gradu</strong></span> <span class='ocrx_word' id='word_1_46' title='bbox 305 847 595 923; x_wconf 90' lang='lat' dir='ltr'><strong>primores</strong></span> <span class='ocrx_word' id='word_1_47' title='bbox 647 844 898 901; x_wconf 85' lang='lat' dir='ltr'><strong>civitatis</strong></span> <span class='ocrx_word' id='word_1_48' title='bbox 947 843 1286 920; x_wconf 85' lang='lat' dir='ltr'><strong>scripserat,</strong></span> <span class='ocrx_word' id='word_1_49' title='bbox 1350 843 1665 919; x_wconf 89' lang='lat' dir='ltr'><strong>plerosque</strong></span> <span class='ocrx_word' id='word_1_50' title='bbox 1710 844 1938 904; x_wconf 79' lang='lat' dir='ltr'><strong>invisos</strong></span> 
     </span>
    </p>
   </div>
   <div class='ocr_carea' id='block_1_5' title="bbox 68 929 1452 1008">
    <p class='ocr_par' dir='ltr' id='par_1_5' title="bbox 68 929 1452 1008">
     <span class='ocr_line' id='line_1_10' title="bbox 68 929 1452 1008; baseline -0.001 -19"><span class='ocrx_word' id='word_1_51' title='bbox 68 933 215 1003; x_wconf 89' lang='lat' dir='ltr'><strong>sibi,</strong></span> <span class='ocrx_word' id='word_1_52' title='bbox 258 934 359 988; x_wconf 89' lang='lat' dir='ltr'><strong>sed</strong></span> <span class='ocrx_word' id='word_1_53' title='bbox 399 929 674 988; x_wconf 83' lang='lat' dir='ltr'><strong>iactantia</strong></span> <span class='ocrx_word' id='word_1_54' title='bbox 714 929 1016 1008; x_wconf 83' lang='lat' dir='ltr'><strong>gloriaque</strong></span> <span class='ocrx_word' id='word_1_55' title='bbox 1054 929 1130 985; x_wconf 86' lang='lat' dir='ltr'><strong>ad</strong></span> <span class='ocrx_word' id='word_1_56' title='bbox 1168 939 1452 1004; x_wconf 62' lang='lat' dir='ltr'><strong>postero&amp;</strong></span> 
     </span>
    </p>
   </div>
   <div class='ocr_carea' id='block_1_6' title="bbox 1546 925 1935 1002">
    <p class='ocr_par' dir='ltr' id='par_1_6' title="bbox 1546 925 1935 1002">
     <span class='ocr_line' id='line_1_11' title="bbox 1546 925 1935 1002; baseline 0.015 -19"><span class='ocrx_word' id='word_1_57' title='bbox 1546 925 1769 1002; x_wconf 85' lang='lat' dir='ltr'><strong>Legata</strong></span> <span class='ocrx_word' id='word_1_58' title='bbox 1807 950 1935 988; x_wconf 92' lang='lat' dir='ltr'><strong>non</strong></span> 
     </span>
    </p>
   </div>
   <div class='ocr_carea' id='block_1_7' title="bbox 66 1011 1936 1261">
    <p class='ocr_par' dir='ltr' id='par_1_7' title="bbox 66 1011 1936 1261">
     <span class='ocr_line' id='line_1_12' title="bbox 66 1011 1936 1091; baseline -0.001 -16"><span class='ocrx_word' id='word_1_59' title='bbox 66 1019 225 1076; x_wconf 85' lang='lat' dir='ltr'><strong>ultra</strong></span> <span class='ocrx_word' id='word_1_60' title='bbox 297 1017 533 1074; x_wconf 81' lang='lat' dir='ltr'><strong>civilem</strong></span> <span class='ocrx_word' id='word_1_61' title='bbox 598 1016 878 1085; x_wconf 90' lang='lat' dir='ltr'><strong>modum,</strong></span> <span class='ocrx_word' id='word_1_62' title='bbox 963 1013 1083 1072; x_wconf 93' lang='lat' dir='ltr'><strong>nisi</strong></span> <span class='ocrx_word' id='word_1_63' title='bbox 1149 1013 1310 1091; x_wconf 86' lang='lat' dir='ltr'><strong>quod</strong></span> <span class='ocrx_word' id='word_1_64' title='bbox 1373 1011 1598 1090; x_wconf 89' lang='lat' dir='ltr'><strong>populo</strong></span> <span class='ocrx_word' id='word_1_65' title='bbox 1657 1023 1718 1072; x_wconf 86' lang='lat' dir='ltr'><strong>et</strong></span> <span class='ocrx_word' id='word_1_66' title='bbox 1770 1015 1936 1091; x_wconf 88' lang='lat' dir='ltr'><strong>plebi</strong></span> 
     </span>
     <span class='ocr_line' id='line_1_13' title="bbox 66 1095 1936 1177; baseline -0.004 -16"><span class='ocrx_word' id='word_1_67' title='bbox 66 1116 420 1173; x_wconf 77' lang='lat' dir='ltr'><strong>ccccxxxv,</strong></span> <span class='ocrx_word' id='word_1_68' title='bbox 499 1100 929 1177; x_wconf 85' lang='lat' dir='ltr'><strong>praetoriarum</strong></span> <span class='ocrx_word' id='word_1_69' title='bbox 973 1095 1310 1157; x_wconf 86' lang='lat' dir='ltr'><strong>cohortium</strong></span> <span class='ocrx_word' id='word_1_70' title='bbox 1350 1098 1644 1155; x_wconf 88' lang='lat' dir='ltr'><strong>militibus</strong></span> <span class='ocrx_word' id='word_1_71' title='bbox 1702 1097 1936 1174; x_wconf 80' lang='lat' dir='ltr'><strong>singula</strong></span> 
     </span>
     <span class='ocr_line' id='line_1_14' title="bbox 67 1179 1936 1261; baseline -0.001 -17"><span class='ocrx_word' id='word_1_72' title='bbox 67 1208 381 1245; x_wconf 89' lang='lat' dir='ltr'><strong>nummum</strong></span> <span class='ocrx_word' id='word_1_73' title='bbox 413 1187 637 1256; x_wconf 84' lang='lat' dir='ltr'><strong>millia,</strong></span> <span class='ocrx_word' id='word_1_74' title='bbox 679 1184 1018 1261; x_wconf 81' lang='lat' dir='ltr'><strong>legionariis</strong></span> <span class='ocrx_word' id='word_1_75' title='bbox 1048 1195 1150 1242; x_wconf 85' lang='lat' dir='ltr'><strong>aut</strong></span> <span class='ocrx_word' id='word_1_76' title='bbox 1175 1179 1519 1242; x_wconf 82' lang='lat' dir='ltr'><strong>cohortibus</strong></span> <span class='ocrx_word' id='word_1_77' title='bbox 1558 1182 1780 1241; x_wconf 86' lang='lat' dir='ltr'><strong>civium</strong></span> <span class='ocrx_word' id='word_1_78' title='bbox 1804 1182 1936 1243; x_wconf 81' lang='lat' dir='ltr'><strong>Ro·-</strong></span> 
     </span>
    </p>
   </div>
   <div class='ocr_carea' id='block_1_8' title="bbox 65 1269 1327 1330">
    <p class='ocr_par' dir='ltr' id='par_1_8' title="bbox 65 1269 1327 1330">
     <span class='ocr_line' id='line_1_15' title="bbox 65 1269 1327 1330; baseline 0 0"><span class='ocrx_word' id='word_1_79' title='bbox 65 1291 383 1330; x_wconf 86' lang='lat' dir='ltr'><strong>manorum</strong></span> <span class='ocrx_word' id='word_1_80' title='bbox 421 1286 531 1330; x_wconf 89' lang='lat' dir='ltr'><strong>ccc</strong></span> <span class='ocrx_word' id='word_1_81' title='bbox 564 1291 841 1329; x_wconf 88' lang='lat' dir='ltr'><strong>nummos</strong></span> <span class='ocrx_word' id='word_1_82' title='bbox 876 1270 1104 1328; x_wconf 80' lang='lat' dir='ltr'><strong>viritim</strong></span> <span class='ocrx_word' id='word_1_83' title='bbox 1144 1269 1327 1330; x_wconf 85' lang='lat' dir='ltr'><strong>dedit.</strong></span> 
     </span>
    </p>
   </div>
   <div class='ocr_carea' id='block_1_9' title="bbox 61 1435 970 3684">
    <p class='ocr_par' dir='ltr' id='par_1_9' title="bbox 61 1435 970 2415">
     <span class='ocr_line' id='line_1_16' title="bbox 64 1435 963 1498; baseline -0.003 -16"><span class='ocrx_word' id='word_1_84' title='bbox 64 1436 240 1498; x_wconf 74' lang='lat' dir='ltr'><strong>Ryckio</strong></span> <span class='ocrx_word' id='word_1_85' title='bbox 287 1436 447 1480; x_wconf 82' lang='lat' dir='ltr'><strong>induci</strong></span> <span class='ocrx_word' id='word_1_86' title='bbox 489 1436 543 1480; x_wconf 90' lang='lat' dir='ltr'><strong>ab</strong></span> <span class='ocrx_word' id='word_1_87' title='bbox 589 1450 726 1493; x_wconf 86' lang='lat' dir='ltr'><strong>opere</strong></span> <span class='ocrx_word' id='word_1_88' title='bbox 772 1435 963 1480; x_wconf 83' lang='lat' dir='ltr'><strong>tectorio</strong></span> 
     </span>
     <span class='ocr_line' id='line_1_17' title="bbox 64 1494 963 1554; baseline -0.006 -13"><span class='ocrx_word' id='word_1_89' title='bbox 64 1496 330 1541; x_wconf 84' lang='lat' dir='ltr'><strong>translatum</strong></span> <span class='ocrx_word' id='word_1_90' title='bbox 366 1495 532 1554; x_wconf 88' lang='lat' dir='ltr'><strong>accipit</strong></span> <span class='ocrx_word' id='word_1_91' title='bbox 561 1502 605 1538; x_wconf 88' lang='lat' dir='ltr'><strong>et</strong></span> <span class='ocrx_word' id='word_1_92' title='bbox 635 1509 719 1552; x_wconf 89' lang='lat' dir='ltr'><strong>pro</strong></span> <span class='ocrx_word' id='word_1_93' title='bbox 760 1494 963 1552; x_wconf 84' lang='lat' dir='ltr'><strong>exemplo</strong></span> 
     </span>
     <span class='ocr_line' id='line_1_18' title="bbox 65 1553 964 1606; baseline -0.002 -10"><span class='ocrx_word' id='word_1_94' title='bbox 65 1553 243 1597; x_wconf 82' lang='lat' dir='ltr'><strong>adhibet</strong></span> <span class='ocrx_word' id='word_1_95' title='bbox 300 1553 440 1596; x_wconf 86' lang='lat' dir='ltr'><strong>Persii</strong></span> <span class='ocrx_word' id='word_1_96' title='bbox 506 1553 699 1595; x_wconf 81' lang='lat' dir='ltr'><strong>tectoria</strong></span> <span class='ocrx_word' id='word_1_97' title='bbox 760 1554 964 1606; x_wconf 79' lang='lat' dir='ltr'><strong>linguae.</strong></span> 
     </span>
     <span class='ocr_line' id='line_1_19' title="bbox 64 1608 965 1666; baseline -0.003 -12"><span class='ocrx_word' id='word_1_98' title='bbox 64 1610 158 1655; x_wconf 86' lang='lat' dir='ltr'><strong>Sat.</strong></span> <span class='ocrx_word' id='word_1_99' title='bbox 190 1611 234 1659; x_wconf 87' lang='lat'><strong>5,</strong></span> <span class='ocrx_word' id='word_1_100' title='bbox 264 1611 337 1655; x_wconf 78' lang='lat'><strong>25.</strong></span> <span class='ocrx_word' id='word_1_101' title='bbox 410 1610 599 1654; x_wconf 86' lang='lat' dir='ltr'><strong>Videtur</strong></span> <span class='ocrx_word' id='word_1_102' title='bbox 634 1618 788 1653; x_wconf 87' lang='lat' dir='ltr'><strong>tamen</strong></span> <span class='ocrx_word' id='word_1_103' title='bbox 824 1608 965 1666; x_wconf 81' lang='lat' dir='ltr'><strong>magis</strong></span> 
     </span>
     <span class='ocr_line' id='line_1_20' title="bbox 62 1667 962 1720; baseline -0.004 -8"><span class='ocrx_word' id='word_1_104' title='bbox 62 1668 153 1713; x_wconf 87' lang='lat' dir='ltr'><strong>bue</strong></span> <span class='ocrx_word' id='word_1_105' title='bbox 195 1668 340 1712; x_wconf 80' lang='lat' dir='ltr'><strong>facere</strong></span> <span class='ocrx_word' id='word_1_106' title='bbox 387 1667 461 1711; x_wconf 88' lang='lat' dir='ltr'><strong>ille</strong></span> <span class='ocrx_word' id='word_1_107' title='bbox 506 1667 633 1712; x_wconf 79' lang='lat' dir='ltr'><strong>verbi</strong></span> <span class='ocrx_word' id='word_1_108' title='bbox 680 1683 811 1719; x_wconf 82' lang='lat' dir='ltr'><strong>usus,</strong></span> <span class='ocrx_word' id='word_1_109' title='bbox 870 1681 962 1720; x_wconf 83' lang='lat' dir='ltr'><strong>quo</strong></span> 
     </span>
     <span class='ocr_line' id='line_1_21' title="bbox 61 1723 970 1839; baseline -0.006 -12"><span class='ocrx_word' id='word_1_110' title='bbox 61 1735 305 1828; x_wconf 47' lang='lat'><strong>&amp;3⁸:¹⁹</strong></span> <span class='ocrx_word' id='word_1_111' title='bbox 321 1725 382 1827; x_wconf 69' lang='lat'><strong>{¹1⁶</strong></span> <span class='ocrx_word' id='word_1_112' title='bbox 406 1723 970 1839; x_wconf 54' lang='lat' dir='ltr'><strong>⁰if22⁵Zc¹e¹2d³e⁰Je⁵⁵21sfXZh</strong></span> 
     </span>
     <span class='ocr_line' id='line_1_22' title="bbox 62 1840 965 1898; baseline -0.002 -14"><span class='ocrx_word' id='word_1_113' title='bbox 62 1848 228 1895; x_wconf 75' lang='lat' dir='ltr'><strong>togata</strong></span> <span class='ocrx_word' id='word_1_114' title='bbox 242 1873 256 1894; x_wconf 90' lang='lat'><strong>,</strong></span> <span class='ocrx_word' id='word_1_115' title='bbox 298 1856 418 1898; x_wconf 83' lang='lat' dir='ltr'><strong>quae</strong></span> <span class='ocrx_word' id='word_1_116' title='bbox 455 1840 722 1884; x_wconf 74' lang='lat' dir='ltr'><strong>incendium</strong></span> <span class='ocrx_word' id='word_1_117' title='bbox 757 1842 965 1883; x_wconf 60' lang='lat' dir='ltr'><strong>inscribi-</strong></span> 
     </span>
     <span class='ocr_line' id='line_1_23' title="bbox 66 1897 965 1946; baseline -0.001 -6"><span class='ocrx_word' id='word_1_118' title='bbox 66 1906 159 1941; x_wconf 83' lang='lat' dir='ltr'><strong>tur.</strong></span> <span class='ocrx_word' id='word_1_119' title='bbox 220 1898 315 1943; x_wconf 86' lang='lat' dir='ltr'><strong>Cic.</strong></span> <span class='ocrx_word' id='word_1_120' title='bbox 340 1899 396 1941; x_wconf 84' lang='lat' dir='ltr'><strong>de</strong></span> <span class='ocrx_word' id='word_1_121' title='bbox 417 1908 531 1942; x_wconf 85' lang='lat' dir='ltr'><strong>orat.</strong></span> <span class='ocrx_word' id='word_1_122' title='bbox 561 1897 692 1946; x_wconf 83' lang='lat'><strong>3.53.</strong></span> <span class='ocrx_word' id='word_1_123' title='bbox 725 1897 965 1941; x_wconf 81' lang='lat' dir='ltr'><strong>Persona-</strong></span> 
     </span>
     <span class='ocr_line' id='line_1_24' title="bbox 63 1955 964 2014; baseline 0 -16"><span class='ocrx_word' id='word_1_124' title='bbox 63 1970 171 1998; x_wconf 84' lang='lat' dir='ltr'><strong>rum</strong></span> <span class='ocrx_word' id='word_1_125' title='bbox 194 1956 316 2011; x_wconf 82' lang='lat' dir='ltr'><strong>ficta</strong></span> <span class='ocrx_word' id='word_1_126' title='bbox 351 1958 575 2006; x_wconf 74' lang='lat' dir='ltr'><strong>inductio,</strong></span> <span class='ocrx_word' id='word_1_127' title='bbox 631 1965 681 1999; x_wconf 87' lang='lat' dir='ltr'><strong>ut</strong></span> <span class='ocrx_word' id='word_1_128' title='bbox 717 1955 964 2014; x_wconf 82' lang='lat' dir='ltr'><strong>significet=</strong></span> 
     </span>
     <span class='ocr_line' id='line_1_25' title="bbox 62 2014 964 2068; baseline -0.001 -13"><span class='ocrx_word' id='word_1_129' title='bbox 62 2014 159 2068; x_wconf 84' lang='lat' dir='ltr'><strong>aus</strong></span> <span class='ocrx_word' id='word_1_130' title='bbox 171 2016 244 2055; x_wconf 79' lang='lat' dir='ltr'><strong>die</strong></span> <span class='ocrx_word' id='word_1_131' title='bbox 261 2015 569 2059; x_wconf 74' lang='lat' dir='ltr'><strong>Schaubit‘lzne</strong></span> <span class='ocrx_word' id='word_1_132' title='bbox 595 2014 814 2067; x_wconf 80' lang='lat' dir='ltr'><strong>bringen‚</strong></span> <span class='ocrx_word' id='word_1_133' title='bbox 844 2017 964 2055; x_wconf 81' lang='lat' dir='ltr'><strong>dar-</strong></span> 
     </span>
     <span class='ocr_line' id='line_1_26' title="bbox 62 2070 965 2129; baseline -0.003 -15"><span class='ocrx_word' id='word_1_134' title='bbox 62 2072 246 2114; x_wconf 84' lang='lat' dir='ltr'><strong>stellen.</strong></span> <span class='ocrx_word' id='word_1_135' title='bbox 306 2070 423 2114; x_wconf 87' lang='lat' dir='ltr'><strong>Plin.</strong></span> <span class='ocrx_word' id='word_1_136' title='bbox 445 2086 544 2129; x_wconf 87' lang='lat' dir='ltr'><strong>epp.</strong></span> <span class='ocrx_word' id='word_1_137' title='bbox 570 2071 613 2119; x_wconf 87' lang='grc'><strong>6,</strong></span> <span class='ocrx_word' id='word_1_138' title='bbox 633 2071 703 2113; x_wconf 79' lang='lat'><strong>29.</strong></span> <span class='ocrx_word' id='word_1_139' title='bbox 731 2073 838 2126; x_wconf 89' lang='lat' dir='ltr'><strong>quia</strong></span> <span class='ocrx_word' id='word_1_140' title='bbox 853 2073 965 2125; x_wconf 84' lang='lat' dir='ltr'><strong>plu-</strong></span> 
     </span>
     <span class='ocr_line' id='line_1_27' title="bbox 61 2129 965 2186; baseline 0 -15"><span class='ocrx_word' id='word_1_141' title='bbox 61 2130 237 2171; x_wconf 87' lang='lat' dir='ltr'><strong>rimum</strong></span> <span class='ocrx_word' id='word_1_142' title='bbox 278 2129 502 2186; x_wconf 85' lang='lat' dir='ltr'><strong>referret,</strong></span> <span class='ocrx_word' id='word_1_143' title='bbox 542 2131 717 2171; x_wconf 85' lang='lat' dir='ltr'><strong>bonum</strong></span> <span class='ocrx_word' id='word_1_144' title='bbox 754 2142 819 2171; x_wconf 85' lang='lat' dir='ltr'><strong>an</strong></span> <span class='ocrx_word' id='word_1_145' title='bbox 855 2144 965 2171; x_wconf 88' lang='lat' dir='ltr'><strong>ma-</strong></span> 
     </span>
     <span class='ocr_line' id='line_1_28' title="bbox 62 2186 963 2244; baseline 0.003 -17"><span class='ocrx_word' id='word_1_146' title='bbox 62 2187 166 2229; x_wconf 88' lang='lat' dir='ltr'><strong>lum</strong></span> <span class='ocrx_word' id='word_1_147' title='bbox 204 2187 291 2240; x_wconf 83' lang='lat' dir='ltr'><strong>(sc.</strong></span> <span class='ocrx_word' id='word_1_148' title='bbox 333 2186 605 2244; x_wconf 81' lang='lat' dir='ltr'><strong>exemplum)</strong></span> <span class='ocrx_word' id='word_1_149' title='bbox 650 2187 963 2230; x_wconf 80' lang='lat' dir='ltr'><strong>induceretur.</strong></span> 
     </span>
     <span class='ocr_line' id='line_1_29' title="bbox 66 2242 964 2303; baseline -0.001 -16"><span class='ocrx_word' id='word_1_150' title='bbox 66 2242 125 2288; x_wconf 81' lang='lat' dir='ltr'><strong>cf.</strong></span> <span class='ocrx_word' id='word_1_151' title='bbox 150 2243 412 2303; x_wconf 81' lang='lat' dir='ltr'><strong>interpretes</strong></span> <span class='ocrx_word' id='word_1_152' title='bbox 437 2243 491 2287; x_wconf 91' lang='lat' dir='ltr'><strong>ad</strong></span> <span class='ocrx_word' id='word_1_153' title='bbox 515 2243 631 2287; x_wconf 88' lang='lat' dir='ltr'><strong>Plin.</strong></span> <span class='ocrx_word' id='word_1_154' title='bbox 658 2260 759 2303; x_wconf 88' lang='lat' dir='ltr'><strong>epp.</strong></span> <span class='ocrx_word' id='word_1_155' title='bbox 785 2243 877 2295; x_wconf 87' lang='lat'><strong>1,8,</strong></span> <span class='ocrx_word' id='word_1_156' title='bbox 898 2244 964 2287; x_wconf 78' lang='lat'><strong>12.</strong></span> 
     </span>
     <span class='ocr_line' id='line_1_30' title="bbox 67 2300 964 2360; baseline 0 -16"><span class='ocrx_word' id='word_1_157' title='bbox 67 2301 219 2360; x_wconf 86' lang='lat' dir='ltr'><strong>ibique</strong></span> <span class='ocrx_word' id='word_1_158' title='bbox 240 2301 286 2344; x_wconf 90' lang='lat' dir='ltr'><strong>in</strong></span> <span class='ocrx_word' id='word_1_159' title='bbox 312 2302 468 2360; x_wconf 86' lang='lat' dir='ltr'><strong>primis</strong></span> <span class='ocrx_word' id='word_1_160' title='bbox 493 2302 688 2346; x_wconf 83' lang='lat' dir='ltr'><strong>Curtius.</strong></span> <span class='ocrx_word' id='word_1_161' title='bbox 749 2301 892 2346; x_wconf 87' lang='lat' dir='ltr'><strong>Tacit.</strong></span> <span class='ocrx_word' id='word_1_162' title='bbox 922 2300 964 2354; x_wconf 87' lang='lat'><strong>4,</strong></span> 
     </span>
     <span class='ocr_line' id='line_1_31' title="bbox 63 2359 931 2415; baseline 0.001 -13"><span class='ocrx_word' id='word_1_163' title='bbox 63 2359 137 2402; x_wconf 86' lang='lat'><strong>70.</strong></span> <span class='ocrx_word' id='word_1_164' title='bbox 171 2360 324 2402; x_wconf 82' lang='lat' dir='ltr'><strong>vincla</strong></span> <span class='ocrx_word' id='word_1_165' title='bbox 349 2367 396 2402; x_wconf 85' lang='lat' dir='ltr'><strong>et</strong></span> <span class='ocrx_word' id='word_1_166' title='bbox 419 2361 613 2415; x_wconf 81' lang='lat' dir='ltr'><strong>laqueus</strong></span> <span class='ocrx_word' id='word_1_167' title='bbox 633 2361 931 2403; x_wconf 85' lang='lat' dir='ltr'><strong>inducantur.</strong></span> 
     </span>
    </p>

    <p class='ocr_par' dir='ltr' id='par_1_10' title="bbox 65 2416 966 2577">
     <span class='ocr_line' id='line_1_32' title="bbox 125 2416 966 2471; baseline 0 -11"><span class='ocrx_word' id='word_1_168' title='bbox 125 2416 237 2460; x_wconf 50' lang='lat' dir='ltr'><strong>civ.</strong></span> <span class='ocrx_word' id='word_1_169' title='bbox 263 2417 306 2460; x_wconf 90' lang='grc'><strong>8.</strong></span> <span class='ocrx_word' id='word_1_170' title='bbox 363 2419 522 2471; x_wconf 84' lang='lat' dir='ltr'><strong>primo</strong></span> <span class='ocrx_word' id='word_1_171' title='bbox 541 2425 738 2461; x_wconf 86' lang='lat' dir='ltr'><strong>senatus</strong></span> <span class='ocrx_word' id='word_1_172' title='bbox 762 2418 852 2460; x_wconf 81' lang='lat' dir='ltr'><strong>die.</strong></span> <span class='ocrx_word' id='word_1_173' title='bbox 893 2418 966 2461; x_wconf 88' lang='lat' dir='ltr'><strong>De</strong></span> 
     </span>
     <span class='ocr_line' id='line_1_33' title="bbox 65 2473 964 2576; baseline 0.002 -58"><span class='ocrx_word' id='word_1_174' title='bbox 65 2473 235 2576; x_wconf 53' lang='lat' dir='ltr'><strong>bogscf.</strong></span> <span class='ocrx_word' id='word_1_175' title='bbox 261 2475 352 2518; x_wconf 85' lang='lat' dir='ltr'><strong>Dio</strong></span> <span class='ocrx_word' id='word_1_176' title='bbox 385 2474 456 2528; x_wconf 81' lang='grc'><strong>56,</strong></span> <span class='ocrx_word' id='word_1_177' title='bbox 480 2474 534 2518; x_wconf 80' lang='grc'><strong>31</strong></span> <span class='ocrx_word' id='word_1_178' title='bbox 560 2491 659 2534; x_wconf 79' lang='lat' dir='ltr'><strong>sqq.</strong></span> <span class='ocrx_word' id='word_1_179' title='bbox 717 2474 842 2520; x_wconf 78' lang='lat' dir='ltr'><strong>Suet.</strong></span> <span class='ocrx_word' id='word_1_180' title='bbox 861 2475 964 2520; x_wconf 89' lang='lat' dir='ltr'><strong>Tib.</strong></span> 
     </span>
     <span class='ocr_line' id='line_1_34' title="bbox 66 2549 202 2577; baseline -0.015 0"><span class='ocrx_word' id='word_1_181' title='bbox 66 2549 108 2577; x_wconf 84' lang='lat' dir='ltr'><strong>c.</strong></span> <span class='ocrx_word' id='word_1_182' title='bbox 190 2564 202 2575; x_wconf 94' lang='lat'><strong>.</strong></span> 
     </span>
    </p>

    <p class='ocr_par' dir='ltr' id='par_1_11' title="bbox 65 2590 965 2758">
     <span class='ocr_line' id='line_1_35' title="bbox 122 2590 965 2646; baseline -0.001 -13"><span class='ocrx_word' id='word_1_183' title='bbox 122 2594 182 2633; x_wconf 82' lang='lat' dir='ltr'><strong>de</strong></span> <span class='ocrx_word' id='word_1_184' title='bbox 202 2591 448 2646; x_wconf 75' lang='lat' dir='ltr'><strong>supremis.</strong></span> <span class='ocrx_word' id='word_1_185' title='bbox 490 2591 578 2635; x_wconf 79' lang='lat' dir='ltr'><strong>An.</strong></span> <span class='ocrx_word' id='word_1_186' title='bbox 605 2590 669 2642; x_wconf 85' lang='lat'><strong>16,</strong></span> <span class='ocrx_word' id='word_1_187' title='bbox 696 2590 763 2634; x_wconf 85' lang='lat'><strong>16.</strong></span> <span class='ocrx_word' id='word_1_188' title='bbox 795 2591 844 2633; x_wconf 89' lang='lat' dir='ltr'><strong>in</strong></span> <span class='ocrx_word' id='word_1_189' title='bbox 859 2597 965 2633; x_wconf 84' lang='lat' dir='ltr'><strong>tra-</strong></span> 
     </span>
     <span class='ocr_line' id='line_1_36' title="bbox 65 2647 963 2705; baseline 0.001 -15"><span class='ocrx_word' id='word_1_190' title='bbox 65 2649 243 2690; x_wconf 82' lang='lat' dir='ltr'><strong>ditione</strong></span> <span class='ocrx_word' id='word_1_191' title='bbox 259 2663 604 2701; x_wconf 78' lang='lat' dir='ltr'><strong>supremorum.</strong></span> <span class='ocrx_word' id='word_1_192' title='bbox 652 2647 695 2705; x_wconf 77' lang='lat'><strong>3,</strong></span> <span class='ocrx_word' id='word_1_193' title='bbox 720 2648 793 2692; x_wconf 74' lang='lat'><strong>49.</strong></span> <span class='ocrx_word' id='word_1_194' title='bbox 830 2652 868 2700; x_wconf 88' lang='lat'><strong>1,</strong></span> <span class='ocrx_word' id='word_1_195' title='bbox 889 2649 963 2692; x_wconf 87' lang='lat'><strong>61.</strong></span> 
     </span>
     <span class='ocr_line' id='line_1_37' title="bbox 66 2704 343 2758; baseline 0.007 -10"><span class='ocrx_word' id='word_1_196' title='bbox 66 2704 179 2748; x_wconf 70' lang='lat' dir='ltr'><strong>Risi.</strong></span> <span class='ocrx_word' id='word_1_197' title='bbox 202 2706 244 2758; x_wconf 67' lang='grc'><strong>4,</strong></span> <span class='ocrx_word' id='word_1_198' title='bbox 271 2707 343 2750; x_wconf 76' lang='lat'><strong>45.</strong></span> 
     </span>
    </p>

    <p class='ocr_par' dir='ltr' id='par_1_12' title="bbox 68 2762 964 2868">
     <span class='ocr_line' id='line_1_38' title="bbox 125 2762 964 2823; baseline 0.001 -18"><span class='ocrx_word' id='word_1_199' title='bbox 125 2771 477 2808; x_wconf 83' lang='lat' dir='ltr'><strong>testamentum.</strong></span> <span class='ocrx_word' id='word_1_200' title='bbox 535 2762 608 2808; x_wconf 89' lang='lat' dir='ltr'><strong>De</strong></span> <span class='ocrx_word' id='word_1_201' title='bbox 635 2779 728 2823; x_wconf 89' lang='lat' dir='ltr'><strong>quo</strong></span> <span class='ocrx_word' id='word_1_202' title='bbox 753 2762 845 2809; x_wconf 81' lang='lat' dir='ltr'><strong>vid.</strong></span> <span class='ocrx_word' id='word_1_203' title='bbox 872 2762 964 2807; x_wconf 83' lang='lat' dir='ltr'><strong>Dio</strong></span> 
     </span>
     <span class='ocr_line' id='line_1_39' title="bbox 68 2818 937 2868; baseline 0.001 -5"><span class='ocrx_word' id='word_1_204' title='bbox 68 2818 138 2868; x_wconf 85' lang='lat'><strong>56.</strong></span> <span class='ocrx_word' id='word_1_205' title='bbox 158 2819 229 2865; x_wconf 72' lang='lat'><strong>32.</strong></span> <span class='ocrx_word' id='word_1_206' title='bbox 274 2821 398 2864; x_wconf 86' lang='lat' dir='ltr'><strong>Suet.</strong></span> <span class='ocrx_word' id='word_1_207' title='bbox 413 2820 519 2866; x_wconf 84' lang='lat' dir='ltr'><strong>Oct.</strong></span> <span class='ocrx_word' id='word_1_208' title='bbox 548 2823 643 2866; x_wconf 84' lang='lat'><strong>101.</strong></span> <span class='ocrx_word' id='word_1_209' title='bbox 675 2821 780 2866; x_wconf 87' lang='lat' dir='ltr'><strong>Tib.</strong></span> <span class='ocrx_word' id='word_1_210' title='bbox 805 2820 937 2866; x_wconf 77' lang='lat' dir='ltr'><strong>e.28.</strong></span> 
     </span>
    </p>

    <p class='ocr_par' dir='ltr' id='par_1_13' title="bbox 68 2877 970 3339">
     <span class='ocr_line' id='line_1_40' title="bbox 118 2877 967 2933; baseline 0.002 -13"><span class='ocrx_word' id='word_1_211' title='bbox 118 2889 211 2932; x_wconf 80' lang='lat' dir='ltr'><strong>per</strong></span> <span class='ocrx_word' id='word_1_212' title='bbox 255 2880 456 2933; x_wconf 68' lang='lat' dir='ltr'><strong>virgines</strong></span> <span class='ocrx_word' id='word_1_213' title='bbox 499 2880 689 2924; x_wconf 75' lang='lat' dir='ltr'><strong>Vestae.</strong></span> <span class='ocrx_word' id='word_1_214' title='bbox 777 2877 857 2922; x_wconf 68' lang='lat' dir='ltr'><strong>uis</strong></span> <span class='ocrx_word' id='word_1_215' title='bbox 910 2877 967 2922; x_wconf 85' lang='lat' dir='ltr'><strong>dc</strong></span> 
     </span>
     <span class='ocr_line' id='line_1_41' title="bbox 69 2936 968 2988; baseline 0.001 -11"><span class='ocrx_word' id='word_1_216' title='bbox 69 2951 198 2979; x_wconf 84' lang='lat' dir='ltr'><strong>more</strong></span> <span class='ocrx_word' id='word_1_217' title='bbox 253 2944 543 2988; x_wconf 71' lang='lat' dir='ltr'><strong>testamenta,</strong></span> <span class='ocrx_word' id='word_1_218' title='bbox 595 2936 776 2980; x_wconf 76' lang='lat' dir='ltr'><strong>foedera</strong></span> <span class='ocrx_word' id='word_1_219' title='bbox 835 2944 876 2979; x_wconf 81' lang='lat' dir='ltr'><strong>at</strong></span> <span class='ocrx_word' id='word_1_220' title='bbox 913 2951 968 2978; x_wconf 85' lang='lat' dir='ltr'><strong>ue</strong></span> 
     </span>
     <span class='ocr_line' id='line_1_42' title="bbox 68 2991 968 3037; baseline 0 -2"><span class='ocrx_word' id='word_1_221' title='bbox 68 2993 170 3036; x_wconf 80' lang='lat' dir='ltr'><strong>talia</strong></span> <span class='ocrx_word' id='word_1_222' title='bbox 222 2993 524 3037; x_wconf 84' lang='lat' dir='ltr'><strong>tradebantur.</strong></span> <span class='ocrx_word' id='word_1_223' title='bbox 606 2993 665 3037; x_wconf 75' lang='lat' dir='ltr'><strong>cf.</strong></span> <span class='ocrx_word' id='word_1_224' title='bbox 710 2994 835 3037; x_wconf 80' lang='lat' dir='ltr'><strong>Suet.</strong></span> <span class='ocrx_word' id='word_1_225' title='bbox 908 2991 968 3035; x_wconf 89' lang='lat' dir='ltr'><strong>ul.</strong></span> 
     </span>
     <span class='ocr_line' id='line_1_43' title="bbox 68 3050 970 3109; baseline -0.002 -16"><span class='ocrx_word' id='word_1_226' title='bbox 68 3065 108 3093; x_wconf 90' lang='lat' dir='ltr'><strong>c.</strong></span> <span class='ocrx_word' id='word_1_227' title='bbox 146 3050 217 3096; x_wconf 77' lang='lat'><strong>83.</strong></span> <span class='ocrx_word' id='word_1_228' title='bbox 286 3050 377 3093; x_wconf 85' lang='lat' dir='ltr'><strong>Dio</strong></span> <span class='ocrx_word' id='word_1_229' title='bbox 418 3051 489 3102; x_wconf 71' lang='lat'><strong>⁴8,</strong></span> <span class='ocrx_word' id='word_1_230' title='bbox 532 3053 599 3095; x_wconf 81' lang='lat'><strong>12.</strong></span> <span class='ocrx_word' id='word_1_231' title='bbox 630 3050 702 3095; x_wconf 75' lang='lat'><strong>87.</strong></span> <span class='ocrx_word' id='word_1_232' title='bbox 774 3050 970 3109; x_wconf 77' lang='lat' dir='ltr'><strong>Appian.</strong></span> 
     </span>
     <span class='ocr_line' id='line_1_44' title="bbox 68 3106 969 3162; baseline 0 -12"><span class='ocrx_word' id='word_1_233' title='bbox 68 3106 122 3151; x_wconf 77' lang='lat' dir='ltr'><strong>B.</strong></span> <span class='ocrx_word' id='word_1_234' title='bbox 142 3109 194 3153; x_wconf 91' lang='lat' dir='ltr'><strong>C.</strong></span> <span class='ocrx_word' id='word_1_235' title='bbox 227 3108 267 3160; x_wconf 85' lang='lat'><strong>5,</strong></span> <span class='ocrx_word' id='word_1_236' title='bbox 291 3106 362 3151; x_wconf 80' lang='grc'><strong>78.</strong></span> <span class='ocrx_word' id='word_1_237' title='bbox 434 3108 542 3152; x_wconf 78' lang='lat' dir='ltr'><strong>Mox</strong></span> <span class='ocrx_word' id='word_1_238' title='bbox 629 3125 682 3152; x_wconf 90' lang='lat' dir='ltr'><strong>ro</strong></span> <span class='ocrx_word' id='word_1_239' title='bbox 726 3110 969 3162; x_wconf 71' lang='lat' dir='ltr'><strong>Augustae</strong></span> 
     </span>
     <span class='ocr_line' id='line_1_45' title="bbox 72 3164 967 3211; baseline 0 -4"><span class='ocrx_word' id='word_1_240' title='bbox 72 3164 107 3208; x_wconf 88' lang='lat' dir='ltr'><strong>l.</strong></span> <span class='ocrx_word' id='word_1_241' title='bbox 127 3165 334 3210; x_wconf 79' lang='lat' dir='ltr'><strong>Gronov.</strong></span> <span class='ocrx_word' id='word_1_242' title='bbox 363 3166 409 3209; x_wconf 87' lang='lat' dir='ltr'><strong>in</strong></span> <span class='ocrx_word' id='word_1_243' title='bbox 442 3166 543 3210; x_wconf 83' lang='lat' dir='ltr'><strong>cod.</strong></span> <span class='ocrx_word' id='word_1_244' title='bbox 619 3166 666 3211; x_wconf 86' lang='lat' dir='ltr'><strong>S.</strong></span> <span class='ocrx_word' id='word_1_245' title='bbox 704 3165 908 3210; x_wconf 78' lang='lat' dir='ltr'><strong>adfirmat</strong></span> <span class='ocrx_word' id='word_1_246' title='bbox 943 3180 967 3207; x_wconf 88' lang='lat' dir='ltr'><strong>a</strong></span> 
     </span>
     <span class='ocr_line' id='line_1_46' title="bbox 71 3221 967 3281; baseline -0.001 -15"><span class='ocrx_word' id='word_1_247' title='bbox 71 3237 138 3281; x_wconf 86' lang='lat' dir='ltr'><strong>pr.</strong></span> <span class='ocrx_word' id='word_1_248' title='bbox 162 3239 223 3267; x_wconf 84' lang='lat' dir='ltr'><strong>m.</strong></span> <span class='ocrx_word' id='word_1_249' title='bbox 252 3224 386 3267; x_wconf 74' lang='lat' dir='ltr'><strong>fuisse</strong></span> <span class='ocrx_word' id='word_1_250' title='bbox 411 3226 650 3279; x_wconf 75' lang='lat' dir='ltr'><strong>Augusto,</strong></span> <span class='ocrx_word' id='word_1_251' title='bbox 680 3223 800 3268; x_wconf 83' lang='lat' dir='ltr'><strong>unde</strong></span> <span class='ocrx_word' id='word_1_252' title='bbox 827 3221 967 3268; x_wconf 89' lang='lat' dir='ltr'><strong>conii·</strong></span> 
     </span>
     <span class='ocr_line' id='line_1_47' title="bbox 73 3281 426 3339; baseline 0 -15"><span class='ocrx_word' id='word_1_253' title='bbox 73 3281 133 3325; x_wconf 83' lang='lat' dir='ltr'><strong>eit</strong></span> <span class='ocrx_word' id='word_1_254' title='bbox 158 3282 426 3339; x_wconf 74' lang='lat' dir='ltr'><strong>Augustum.</strong></span> 
     </span>
    </p>

    <p class='ocr_par' dir='ltr' id='par_1_14' title="bbox 72 3337 969 3515">
     <span class='ocr_line' id='line_1_48' title="bbox 130 3337 968 3383; baseline 0 -2"><span class='ocrx_word' id='word_1_255' title='bbox 130 3339 336 3383; x_wconf 73' lang='lat' dir='ltr'><strong>heredes.</strong></span> <span class='ocrx_word' id='word_1_256' title='bbox 395 3338 479 3381; x_wconf 83' lang='lat' dir='ltr'><strong>Ed.</strong></span> <span class='ocrx_word' id='word_1_257' title='bbox 504 3337 713 3382; x_wconf 86' lang='lat' dir='ltr'><strong>Beroald.</strong></span> <span class='ocrx_word' id='word_1_258' title='bbox 742 3347 784 3382; x_wconf 86' lang='lat' dir='ltr'><strong>et</strong></span> <span class='ocrx_word' id='word_1_259' title='bbox 815 3354 968 3382; x_wconf 80' lang='lat' dir='ltr'><strong>recen·</strong></span> 
     </span>
     <span class='ocr_line' id='line_1_49' title="bbox 73 3394 969 3441; baseline -0.002 -1"><span class='ocrx_word' id='word_1_260' title='bbox 73 3394 211 3440; x_wconf 79' lang='lat' dir='ltr'><strong>tiores</strong></span> <span class='ocrx_word' id='word_1_261' title='bbox 238 3412 410 3441; x_wconf 82' lang='lat' dir='ltr'><strong>omnes.</strong></span> <span class='ocrx_word' id='word_1_262' title='bbox 469 3397 546 3441; x_wconf 78' lang='lat' dir='ltr'><strong>sic</strong></span> <span class='ocrx_word' id='word_1_263' title='bbox 574 3405 617 3440; x_wconf 87' lang='lat' dir='ltr'><strong>et</strong></span> <span class='ocrx_word' id='word_1_264' title='bbox 646 3412 852 3441; x_wconf 81' lang='lat' dir='ltr'><strong>monum.</strong></span> <span class='ocrx_word' id='word_1_265' title='bbox 883 3398 969 3439; x_wconf 71' lang='lat' dir='ltr'><strong>An·</strong></span> 
     </span>
     <span class='ocr_line' id='line_1_50' title="bbox 72 3452 946 3515; baseline 0 -16"><span class='ocrx_word' id='word_1_266' title='bbox 72 3470 166 3515; x_wconf 82' lang='lat' dir='ltr'><strong>cyr.</strong></span> <span class='ocrx_word' id='word_1_267' title='bbox 189 3456 415 3498; x_wconf 78' lang='lat' dir='ltr'><strong>haeredes</strong></span> <span class='ocrx_word' id='word_1_268' title='bbox 438 3454 508 3497; x_wconf 88' lang='lat' dir='ltr'><strong>ed.</strong></span> <span class='ocrx_word' id='word_1_269' title='bbox 526 3453 726 3499; x_wconf 72' lang='lat' dir='ltr'><strong>Rhenan.</strong></span> <span class='ocrx_word' id='word_1_270' title='bbox 750 3462 793 3498; x_wconf 86' lang='lat' dir='ltr'><strong>et</strong></span> <span class='ocrx_word' id='word_1_271' title='bbox 809 3452 912 3497; x_wconf 80' lang='grc' dir='ltr'><strong>ΛΜ.</strong></span> <span class='ocrx_word' id='word_1_272' title='bbox 939 3494 946 3499; x_wconf 90' lang='grc'><em>,</em></span> 
     </span>
    </p>

    <p class='ocr_par' dir='ltr' id='par_1_15' title="bbox 74 3510 968 3684">
     <span class='ocr_line' id='line_1_51' title="bbox 129 3510 968 3570; baseline -0.004 -14"><span class='ocrx_word' id='word_1_273' title='bbox 129 3514 357 3556; x_wconf 52' lang='lat' dir='ltr'><strong>undantia</strong></span> <span class='ocrx_word' id='word_1_274' title='bbox 377 3513 630 3568; x_wconf 67' lang='lat' dir='ltr'><strong>gloriaque.</strong></span> <span class='ocrx_word' id='word_1_275' title='bbox 690 3511 808 3555; x_wconf 74' lang='lat' dir='ltr'><strong>Roth</strong></span> <span class='ocrx_word' id='word_1_276' title='bbox 837 3527 880 3570; x_wconf 94' lang='lat' dir='ltr'><strong>p.</strong></span> <span class='ocrx_word' id='word_1_277' title='bbox 896 3510 968 3554; x_wconf 81' lang='grc'><strong>82.</strong></span> 
     </span>
     <span class='ocr_line' id='line_1_52' title="bbox 74 3568 967 3622; baseline -0.003 -8"><span class='ocrx_word' id='word_1_278' title='bbox 74 3569 125 3614; x_wconf 67' lang='grc' dir='ltr'><strong>ἲν</strong></span> <span class='ocrx_word' id='word_1_279' title='bbox 159 3568 237 3614; x_wconf 78' lang='grc' dir='ltr'><strong>διὰ</strong></span> <span class='ocrx_word' id='word_1_280' title='bbox 265 3569 400 3614; x_wconf 78' lang='grc' dir='ltr'><em>δυοῖν</em></span> <span class='ocrx_word' id='word_1_281' title='bbox 429 3569 500 3614; x_wconf 85' lang='lat' dir='ltr'><strong>bic</strong></span> <span class='ocrx_word' id='word_1_282' title='bbox 528 3585 623 3614; x_wconf 71' lang='lat' dir='ltr'><strong>esse</strong></span> <span class='ocrx_word' id='word_1_283' title='bbox 656 3569 788 3622; x_wconf 83' lang='lat' dir='ltr'><strong>dicit,</strong></span> <span class='ocrx_word' id='word_1_284' title='bbox 819 3577 870 3612; x_wconf 82' lang='lat' dir='ltr'><strong>ut</strong></span> <span class='ocrx_word' id='word_1_285' title='bbox 901 3568 967 3612; x_wconf 89' lang='lat' dir='ltr'><strong>in·</strong></span> 
     </span>
     <span class='ocr_line' id='line_1_53' title="bbox 76 3626 966 3684; baseline -0.001 -13"><span class='ocrx_word' id='word_1_286' title='bbox 76 3627 295 3684; x_wconf 70' lang='lat' dir='ltr'><strong>telligatur</strong></span> <span class='ocrx_word' id='word_1_287' title='bbox 347 3629 574 3673; x_wconf 54' lang='lat' dir='ltr'><strong>&amp;clantio</strong></span> <span class='ocrx_word' id='word_1_288' title='bbox 617 3629 797 3682; x_wconf 68' lang='lat' dir='ltr'><strong>gloriae</strong></span> <span class='ocrx_word' id='word_1_289' title='bbox 839 3626 880 3670; x_wconf 76' lang='lat' dir='ltr'><strong>h.</strong></span> <span class='ocrx_word' id='word_1_290' title='bbox 927 3641 966 3667; x_wconf 77' lang='lat'><strong>⁴·-</strong></span> 
     </span>
    </p>
   </div>
   <div class='ocr_carea' id='block_1_10' title="bbox 159 3691 491 3745">
    <p class='ocr_par' dir='ltr' id='par_1_16' title="bbox 159 3691 491 3745">
     <span class='ocr_line' id='line_1_54' title="bbox 159 3691 491 3745; baseline 0.003 -1"><span class='ocrx_word' id='word_1_291' title='bbox 159 3694 406 3744; x_wconf 67' lang='grc' dir='ltr'><strong>ἸἈι-,ιτω</strong></span> <span class='ocrx_word' id='word_1_292' title='bbox 450 3691 491 3745; x_wconf 84' lang='lat' dir='ltr'><strong>I.</strong></span> 
     </span>
    </p>
   </div>
   <div class='ocr_carea' id='block_1_11' title="bbox 1425 1266 1936 1328">
    <p class='ocr_par' dir='ltr' id='par_1_17' title="bbox 1425 1266 1936 1328">
     <span class='ocr_line' id='line_1_55' title="bbox 1425 1266 1936 1328; baseline 0.006 -3"><span class='ocrx_word' id='word_1_293' title='bbox 1425 1266 1591 1326; x_wconf 87' lang='lat' dir='ltr'><strong>Tum</strong></span> <span class='ocrx_word' id='word_1_294' title='bbox 1634 1271 1936 1328; x_wconf 83' lang='lat' dir='ltr'><strong>consulta-</strong></span> 
     </span>
    </p>
   </div>
   <div class='ocr_carea' id='block_1_12' title="bbox 1027 1433 1967 3678">
    <p class='ocr_par' dir='ltr' id='par_1_18' title="bbox 1032 1433 1941 1882">
     <span class='ocr_line' id='line_1_56' title="bbox 1033 1433 1938 1495; baseline 0 -15"><span class='ocrx_word' id='word_1_295' title='bbox 1033 1434 1245 1495; x_wconf 79' lang='lat' dir='ltr'><strong>adpetitio</strong></span> <span class='ocrx_word' id='word_1_296' title='bbox 1272 1434 1457 1493; x_wconf 86' lang='lat' dir='ltr'><strong>gloriae.</strong></span> <span class='ocrx_word' id='word_1_297' title='bbox 1517 1433 1607 1478; x_wconf 86' lang='lat' dir='ltr'><strong>Sed</strong></span> <span class='ocrx_word' id='word_1_298' title='bbox 1638 1436 1938 1490; x_wconf 77' lang='lat' dir='ltr'><strong>adpetitionis</strong></span> 
     </span>
     <span class='ocr_line' id='line_1_57' title="bbox 1034 1493 1936 1544; baseline 0.001 -8"><span class='ocrx_word' id='word_1_299' title='bbox 1034 1494 1164 1536; x_wconf 88' lang='lat' dir='ltr'><strong>notio</strong></span> <span class='ocrx_word' id='word_1_300' title='bbox 1196 1493 1423 1538; x_wconf 71' lang='lat' dir='ltr'><strong>vocabulo</strong></span> <span class='ocrx_word' id='word_1_301' title='bbox 1455 1493 1711 1544; x_wconf 80' lang='lat' dir='ltr'><strong>iactantiae</strong></span> <span class='ocrx_word' id='word_1_302' title='bbox 1746 1494 1936 1537; x_wconf 87' lang='lat' dir='ltr'><strong>minime</strong></span> 
     </span>
     <span class='ocr_line' id='line_1_58' title="bbox 1032 1550 1938 1609; baseline 0.002 -15"><span class='ocrx_word' id='word_1_303' title='bbox 1032 1550 1163 1594; x_wconf 87' lang='lat' dir='ltr'><strong>inest.</strong></span> <span class='ocrx_word' id='word_1_304' title='bbox 1218 1550 1462 1594; x_wconf 86' lang='lat' dir='ltr'><strong>Maluerim</strong></span> <span class='ocrx_word' id='word_1_305' title='bbox 1496 1566 1751 1609; x_wconf 87' lang='lat' dir='ltr'><strong>synonyma</strong></span> <span class='ocrx_word' id='word_1_306' title='bbox 1774 1551 1848 1596; x_wconf 84' lang='lat' dir='ltr'><strong>hic.</strong></span> <span class='ocrx_word' id='word_1_307' title='bbox 1868 1552 1938 1595; x_wconf 90' lang='lat' dir='ltr'><strong>in·</strong></span> 
     </span>
     <span class='ocr_line' id='line_1_59' title="bbox 1034 1607 1938 1668; baseline -0.002 -14"><span class='ocrx_word' id='word_1_308' title='bbox 1034 1609 1180 1654; x_wconf 75' lang='lat' dir='ltr'><strong>veniri</strong></span> <span class='ocrx_word' id='word_1_309' title='bbox 1222 1607 1294 1653; x_wconf 86' lang='lat' dir='ltr'><strong>vel</strong></span> <span class='ocrx_word' id='word_1_310' title='bbox 1331 1607 1519 1667; x_wconf 82' lang='lat' dir='ltr'><strong>intelligi</strong></span> <span class='ocrx_word' id='word_1_311' title='bbox 1551 1608 1804 1652; x_wconf 85' lang='lat' dir='ltr'><strong>iactantiam</strong></span> <span class='ocrx_word' id='word_1_312' title='bbox 1843 1609 1938 1668; x_wconf 86' lang='lat' dir='ltr'><strong>glo·</strong></span> 
     </span>
     <span class='ocr_line' id='line_1_60' title="bbox 1034 1664 1938 1721; baseline 0.001 -12"><span class='ocrx_word' id='word_1_313' title='bbox 1034 1666 1219 1710; x_wconf 86' lang='lat' dir='ltr'><strong>riosam.</strong></span> <span class='ocrx_word' id='word_1_314' title='bbox 1294 1664 1508 1709; x_wconf 85' lang='lat' dir='ltr'><strong>Ceterum</strong></span> <span class='ocrx_word' id='word_1_315' title='bbox 1541 1667 1746 1721; x_wconf 80' lang='lat' dir='ltr'><strong>gloriam</strong></span> <span class='ocrx_word' id='word_1_316' title='bbox 1777 1665 1938 1711; x_wconf 85' lang='lat' dir='ltr'><strong>Tacito</strong></span> 
     </span>
     <span class='ocr_line' id='line_1_61' title="bbox 1035 1723 1939 1782; baseline 0.002 -16"><span class='ocrx_word' id='word_1_317' title='bbox 1035 1723 1123 1768; x_wconf 87' lang='lat' dir='ltr'><strong>dici</strong></span> <span class='ocrx_word' id='word_1_318' title='bbox 1151 1738 1238 1782; x_wconf 83' lang='lat' dir='ltr'><strong>pro</strong></span> <span class='ocrx_word' id='word_1_319' title='bbox 1272 1723 1439 1782; x_wconf 87' lang='lat' dir='ltr'><strong>gloriae</strong></span> <span class='ocrx_word' id='word_1_320' title='bbox 1464 1723 1674 1782; x_wconf 86' lang='lat' dir='ltr'><strong>cupidine</strong></span> <span class='ocrx_word' id='word_1_321' title='bbox 1711 1723 1845 1768; x_wconf 88' lang='lat' dir='ltr'><strong>docet</strong></span> <span class='ocrx_word' id='word_1_322' title='bbox 1875 1724 1939 1768; x_wconf 89' lang='lat' dir='ltr'><strong>lo-</strong></span> 
     </span>
     <span class='ocr_line' id='line_1_62' title="bbox 1035 1781 1941 1838; baseline -0.001 -14"><span class='ocrx_word' id='word_1_323' title='bbox 1035 1798 1115 1824; x_wconf 85' lang='lat' dir='ltr'><strong>cus</strong></span> <span class='ocrx_word' id='word_1_324' title='bbox 1144 1798 1185 1825; x_wconf 91' lang='lat' dir='ltr'><strong>c.</strong></span> <span class='ocrx_word' id='word_1_325' title='bbox 1209 1781 1282 1825; x_wconf 79' lang='lat'><strong>43.</strong></span> <span class='ocrx_word' id='word_1_326' title='bbox 1324 1795 1438 1838; x_wconf 88' lang='lat' dir='ltr'><strong>quos</strong></span> <span class='ocrx_word' id='word_1_327' title='bbox 1471 1781 1573 1824; x_wconf 88' lang='lat' dir='ltr'><strong>iam</strong></span> <span class='ocrx_word' id='word_1_328' title='bbox 1593 1783 1748 1837; x_wconf 83' lang='lat' dir='ltr'><strong>pudor</strong></span> <span class='ocrx_word' id='word_1_329' title='bbox 1769 1789 1813 1824; x_wconf 84' lang='lat' dir='ltr'><strong>et</strong></span> <span class='ocrx_word' id='word_1_330' title='bbox 1833 1785 1941 1837; x_wconf 78' lang='lat' dir='ltr'><strong>glo-</strong></span> 
     </span>
     <span class='ocr_line' id='line_1_63' title="bbox 1033 1839 1302 1882; baseline -0.004 0"><span class='ocrx_word' id='word_1_331' title='bbox 1033 1841 1108 1882; x_wconf 86' lang='lat' dir='ltr'><strong>ria</strong></span> <span class='ocrx_word' id='word_1_332' title='bbox 1133 1839 1302 1882; x_wconf 86' lang='lat' dir='ltr'><strong>intrat.</strong></span> 
     </span>
    </p>

    <p class='ocr_par' dir='ltr' id='par_1_19' title="bbox 1027 1894 1950 2358">
     <span class='ocr_line' id='line_1_64' title="bbox 1089 1894 1936 1952; baseline 0.004 -14"><span class='ocrx_word' id='word_1_333' title='bbox 1089 1899 1262 1951; x_wconf 83' lang='lat' dir='ltr'><strong>populo</strong></span> <span class='ocrx_word' id='word_1_334' title='bbox 1312 1903 1358 1938; x_wconf 81' lang='lat' dir='ltr'><strong>et</strong></span> <span class='ocrx_word' id='word_1_335' title='bbox 1404 1896 1534 1952; x_wconf 81' lang='lat' dir='ltr'><strong>plebi</strong></span> <span class='ocrx_word' id='word_1_336' title='bbox 1570 1894 1936 1941; x_wconf 80' lang='lat' dir='ltr'><em>CCCCXXXV&#39;.</em></span> 
     </span>
     <span class='ocr_line' id='line_1_65' title="bbox 1035 1953 1940 2008; baseline 0.001 -12"><span class='ocrx_word' id='word_1_337' title='bbox 1035 1953 1162 1997; x_wconf 84' lang='lat' dir='ltr'><strong>Suet.</strong></span> <span class='ocrx_word' id='word_1_338' title='bbox 1189 1953 1298 1998; x_wconf 90' lang='lat' dir='ltr'><strong>Oct.</strong></span> <span class='ocrx_word' id='word_1_339' title='bbox 1330 1970 1370 1997; x_wconf 88' lang='lat' dir='ltr'><strong>c.</strong></span> <span class='ocrx_word' id='word_1_340' title='bbox 1400 1955 1496 1997; x_wconf 88' lang='grc'><strong>101.</strong></span> <span class='ocrx_word' id='word_1_341' title='bbox 1552 1953 1743 2008; x_wconf 79' lang='lat' dir='ltr'><strong>Legavit</strong></span> <span class='ocrx_word' id='word_1_342' title='bbox 1765 1970 1828 2007; x_wconf 85' lang='lat' dir='ltr'><strong>po</strong></span> <span class='ocrx_word' id='word_1_343' title='bbox 1862 1958 1940 1998; x_wconf 87' lang='lat' dir='ltr'><strong>ulo</strong></span> 
     </span>
     <span class='ocr_line' id='line_1_66' title="bbox 1033 2011 1950 2062; baseline -0.003 -6"><span class='ocrx_word' id='word_1_344' title='bbox 1033 2012 1257 2056; x_wconf 81' lang='lat' dir='ltr'><strong>Romano</strong></span> <span class='ocrx_word' id='word_1_345' title='bbox 1290 2011 1463 2062; x_wconf 89' lang='lat' dir='ltr'><em>CCCC,</em></span> <span class='ocrx_word' id='word_1_346' title='bbox 1503 2011 1711 2055; x_wconf 85' lang='lat' dir='ltr'><strong>tribubus</strong></span> <span class='ocrx_word' id='word_1_347' title='bbox 1740 2011 1800 2054; x_wconf 79' lang='lat' dir='ltr'><em>X</em></span> <span class='ocrx_word' id='word_1_348' title='bbox 1844 2012 1897 2056; x_wconf 87' lang='grc' dir='ltr'><em>Χ</em></span> <span class='ocrx_word' id='word_1_349' title='bbox 1899 2012 1950 2053; x_wconf 78' lang='lat' dir='ltr'><em>V</em></span> 
     </span>
     <span class='ocr_line' id='line_1_67' title="bbox 1033 2066 1940 2129; baseline 0.004 -18"><span class='ocrx_word' id='word_1_350' title='bbox 1033 2069 1316 2111; x_wconf 77' lang='lat' dir='ltr'><strong>sestertium.</strong></span> <span class='ocrx_word' id='word_1_351' title='bbox 1380 2067 1472 2111; x_wconf 82' lang='lat' dir='ltr'><strong>Dio</strong></span> <span class='ocrx_word' id='word_1_352' title='bbox 1505 2067 1591 2111; x_wconf 87' lang='lat' dir='ltr'><strong>l.1.</strong></span> <span class='ocrx_word' id='word_1_353' title='bbox 1631 2069 1695 2124; x_wconf 83' lang='grc' dir='ltr'><strong>τῷ</strong></span> <span class='ocrx_word' id='word_1_354' title='bbox 1730 2084 1778 2114; x_wconf 79' lang='grc' dir='ltr'><strong>τε</strong></span> <span class='ocrx_word' id='word_1_355' title='bbox 1806 2066 1940 2129; x_wconf 80' lang='grc' dir='ltr'><strong>δήμῳ</strong></span> 
     </span>
     <span class='ocr_line' id='line_1_68' title="bbox 1027 2121 1940 2186; baseline 0.004 -18"><span class='ocrx_word' id='word_1_356' title='bbox 1027 2129 1185 2184; x_wconf 79' lang='grc' dir='ltr'><strong><em>χιλίας</em></strong></span> <span class='ocrx_word' id='word_1_357' title='bbox 1204 2121 1452 2186; x_wconf 79' lang='grc' dir='ltr'><strong>μυριάδας.</strong></span> <span class='ocrx_word' id='word_1_358' title='bbox 1515 2123 1656 2181; x_wconf 90' lang='lat' dir='ltr'><strong>Quod</strong></span> <span class='ocrx_word' id='word_1_359' title='bbox 1688 2126 1830 2185; x_wconf 88' lang='lat' dir='ltr'><strong>plebi,</strong></span> <span class='ocrx_word' id='word_1_360' title='bbox 1865 2130 1940 2172; x_wconf 91' lang='lat' dir='ltr'><strong>ad-</strong></span> 
     </span>
     <span class='ocr_line' id='line_1_69' title="bbox 1036 2182 1941 2242; baseline 0.002 -15"><span class='ocrx_word' id='word_1_361' title='bbox 1036 2193 1193 2227; x_wconf 85' lang='lat' dir='ltr'><strong>notare</strong></span> <span class='ocrx_word' id='word_1_362' title='bbox 1231 2185 1399 2227; x_wconf 87' lang='lat' dir='ltr'><strong>omisit.</strong></span> <span class='ocrx_word' id='word_1_363' title='bbox 1481 2182 1662 2242; x_wconf 90' lang='lat' dir='ltr'><strong>Populo</strong></span> <span class='ocrx_word' id='word_1_364' title='bbox 1702 2185 1843 2242; x_wconf 83' lang='lat' dir='ltr'><strong>legata</strong></span> <span class='ocrx_word' id='word_1_365' title='bbox 1891 2186 1941 2229; x_wconf 87' lang='lat' dir='ltr'><strong>in</strong></span> 
     </span>
     <span class='ocr_line' id='line_1_70' title="bbox 1034 2241 1943 2292; baseline 0.002 -7"><span class='ocrx_word' id='word_1_366' title='bbox 1034 2242 1257 2285; x_wconf 85' lang='lat' dir='ltr'><strong>aerarium</strong></span> <span class='ocrx_word' id='word_1_367' title='bbox 1306 2241 1623 2292; x_wconf 86' lang='lat' dir='ltr'><strong>solvebantur,</strong></span> <span class='ocrx_word' id='word_1_368' title='bbox 1694 2252 1746 2286; x_wconf 90' lang='lat' dir='ltr'><strong>ut</strong></span> <span class='ocrx_word' id='word_1_369' title='bbox 1793 2251 1943 2287; x_wconf 84' lang='lat' dir='ltr'><strong>essent</strong></span> 
     </span>
     <span class='ocr_line' id='line_1_71' title="bbox 1035 2298 1937 2358; baseline 0.001 -16"><span class='ocrx_word' id='word_1_370' title='bbox 1035 2299 1225 2358; x_wconf 88' lang='lat' dir='ltr'><strong>pecunia</strong></span> <span class='ocrx_word' id='word_1_371' title='bbox 1263 2299 1443 2358; x_wconf 88' lang='lat' dir='ltr'><strong>publica</strong></span> <span class='ocrx_word' id='word_1_372' title='bbox 1488 2298 1566 2354; x_wconf 80' lang='lat' dir='ltr'><strong>(ef.</strong></span> <span class='ocrx_word' id='word_1_373' title='bbox 1600 2298 1704 2344; x_wconf 84' lang='lat' dir='ltr'><strong>infr.</strong></span> <span class='ocrx_word' id='word_1_374' title='bbox 1738 2298 1780 2352; x_wconf 84' lang='lat'><strong>4,</strong></span> <span class='ocrx_word' id='word_1_375' title='bbox 1823 2301 1937 2354; x_wconf 84' lang='lat'><strong>15.);</strong></span> 
     </span>
    </p>

    <p class='ocr_par' dir='ltr' id='par_1_20' title="bbox 1035 2356 1941 2532">
     <span class='ocr_line' id='line_1_72' title="bbox 1070 2356 1941 2403; baseline 0.001 -3"><span class='ocrx_word' id='word_1_376' title='bbox 1070 2357 1154 2400; x_wconf 91' lang='lat' dir='ltr'><strong>lebi</strong></span> <span class='ocrx_word' id='word_1_377' title='bbox 1182 2373 1217 2400; x_wconf 91' lang='lat' dir='ltr'><strong>s.</strong></span> <span class='ocrx_word' id='word_1_378' title='bbox 1252 2357 1460 2400; x_wconf 79' lang='lat' dir='ltr'><strong>tribubus</strong></span> <span class='ocrx_word' id='word_1_379' title='bbox 1491 2356 1661 2401; x_wconf 84' lang='lat' dir='ltr'><strong>viritim</strong></span> <span class='ocrx_word' id='word_1_380' title='bbox 1689 2374 1768 2402; x_wconf 85' lang='lat' dir='ltr'><strong>sua</strong></span> <span class='ocrx_word' id='word_1_381' title='bbox 1793 2358 1941 2403; x_wconf 80' lang='lat' dir='ltr'><strong>distri-</strong></span> 
     </span>
     <span class='ocr_line' id='line_1_73' title="bbox 1035 2374 1940 2460; baseline 0.002 -2"><span class='ocrx_word' id='word_1_382' title='bbox 1035 2374 1306 2459; x_wconf 65' lang='lat' dir='ltr'><strong>buebantur.</strong></span> <span class='ocrx_word' id='word_1_383' title='bbox 1391 2414 1451 2458; x_wconf 86' lang='lat' dir='ltr'><strong>cf.</strong></span> <span class='ocrx_word' id='word_1_384' title='bbox 1494 2413 1620 2458; x_wconf 80' lang='lat' dir='ltr'><strong>Suet.</strong></span> <span class='ocrx_word' id='word_1_385' title='bbox 1655 2415 1740 2459; x_wconf 87' lang='lat' dir='ltr'><strong>lul.</strong></span> <span class='ocrx_word' id='word_1_386' title='bbox 1793 2433 1833 2460; x_wconf 86' lang='lat' dir='ltr'><strong>e.</strong></span> <span class='ocrx_word' id='word_1_387' title='bbox 1867 2415 1940 2460; x_wconf 80' lang='grc'><strong>83.</strong></span> 
     </span>
     <span class='ocr_line' id='line_1_74' title="bbox 1035 2473 1493 2532; baseline -0.002 -15"><span class='ocrx_word' id='word_1_388' title='bbox 1035 2474 1189 2531; x_wconf 84' lang='lat' dir='ltr'><strong>ibique</strong></span> <span class='ocrx_word' id='word_1_389' title='bbox 1212 2473 1493 2532; x_wconf 82' lang='lat' dir='ltr'><strong>interpretes.</strong></span> 
     </span>
    </p>

    <p class='ocr_par' dir='ltr' id='par_1_21' title="bbox 1035 2521 1967 2748">
     <span class='ocr_line' id='line_1_75' title="bbox 1087 2521 1942 2585; baseline 0.002 -13"><span class='ocrx_word' id='word_1_390' title='bbox 1087 2530 1443 2585; x_wconf 83' lang='lat' dir='ltr'><strong>praetoriarum</strong></span> <span class='ocrx_word' id='word_1_391' title='bbox 1477 2521 1734 2574; x_wconf 64' lang='lat' dir='ltr'><strong>cohortium</strong></span> <span class='ocrx_word' id='word_1_392' title='bbox 1774 2531 1942 2574; x_wconf 82' lang='lat' dir='ltr'><strong>militi-</strong></span> 
     </span>
     <span class='ocr_line' id='line_1_76' title="bbox 1035 2588 1940 2642; baseline 0.002 -11"><span class='ocrx_word' id='word_1_393' title='bbox 1035 2589 1119 2631; x_wconf 88' lang='lat' dir='ltr'><strong>bus</strong></span> <span class='ocrx_word' id='word_1_394' title='bbox 1133 2589 1325 2642; x_wconf 79' lang='lat' dir='ltr'><strong>singula</strong></span> <span class='ocrx_word' id='word_1_395' title='bbox 1344 2603 1596 2631; x_wconf 88' lang='lat' dir='ltr'><strong>nummum</strong></span> <span class='ocrx_word' id='word_1_396' title='bbox 1618 2590 1780 2631; x_wconf 87' lang='lat' dir='ltr'><strong>millia.</strong></span> <span class='ocrx_word' id='word_1_397' title='bbox 1816 2588 1940 2633; x_wconf 75' lang='lat' dir='ltr'><strong>Suet.</strong></span> 
     </span>
     <span class='ocr_line' id='line_1_77' title="bbox 1037 2646 1967 2702; baseline 0 -12"><span class='ocrx_word' id='word_1_398' title='bbox 1037 2647 1068 2690; x_wconf 93' lang='lat' dir='ltr'><strong>l.</strong></span> <span class='ocrx_word' id='word_1_399' title='bbox 1090 2646 1118 2689; x_wconf 92' lang='lat' dir='ltr'><strong>l.</strong></span> <span class='ocrx_word' id='word_1_400' title='bbox 1145 2646 1466 2700; x_wconf 80' lang='lat' dir='ltr'><strong>praetorianis</strong></span> <span class='ocrx_word' id='word_1_401' title='bbox 1499 2648 1719 2690; x_wconf 76' lang='lat' dir='ltr'><strong>militibus</strong></span> <span class='ocrx_word' id='word_1_402' title='bbox 1754 2646 1967 2702; x_wconf 79' lang='lat' dir='ltr'><strong>singula.</strong></span> 
     </span>
     <span class='ocr_line' id='line_1_78' title="bbox 1038 2703 1940 2748; baseline 0.001 -1"><span class='ocrx_word' id='word_1_403' title='bbox 1038 2705 1191 2747; x_wconf 83' lang='lat' dir='ltr'><strong>millia</strong></span> <span class='ocrx_word' id='word_1_404' title='bbox 1215 2717 1536 2747; x_wconf 85' lang='lat' dir='ltr'><strong>nummorum.</strong></span> <span class='ocrx_word' id='word_1_405' title='bbox 1597 2703 1940 2748; x_wconf 80' lang='lat' dir='ltr'><strong>ConsentitDio</strong></span> 
     </span>
    </p>

    <p class='ocr_par' dir='ltr' id='par_1_22' title="bbox 1038 2818 1942 3678">
     <span class='ocr_line' id='line_1_79' title="bbox 1097 2818 1940 2874; baseline 0.002 -13"><span class='ocrx_word' id='word_1_406' title='bbox 1097 2819 1361 2874; x_wconf 75' lang='lat' dir='ltr'><strong>legionariis</strong></span> <span class='ocrx_word' id='word_1_407' title='bbox 1393 2824 1480 2860; x_wconf 84' lang='lat' dir='ltr'><strong>aut</strong></span> <span class='ocrx_word' id='word_1_408' title='bbox 1515 2818 1775 2863; x_wconf 72' lang='lat' dir='ltr'><strong>cohortibus</strong></span> <span class='ocrx_word' id='word_1_409' title='bbox 1809 2832 1847 2862; x_wconf 78' lang='grc' dir='ltr'><strong>ο.</strong></span> <span class='ocrx_word' id='word_1_410' title='bbox 1876 2818 1940 2863; x_wconf 82' lang='lat' dir='ltr'><strong>R.</strong></span> 
     </span>
     <span class='ocr_line' id='line_1_80' title="bbox 1039 2874 1940 2920; baseline 0 0"><span class='ocrx_word' id='word_1_411' title='bbox 1039 2875 1118 2920; x_wconf 86' lang='lat' dir='ltr'><strong>Sic</strong></span> <span class='ocrx_word' id='word_1_412' title='bbox 1156 2876 1257 2919; x_wconf 86' lang='lat' dir='ltr'><strong>cod.</strong></span> <span class='ocrx_word' id='word_1_413' title='bbox 1286 2874 1387 2919; x_wconf 87' lang='lat' dir='ltr'><strong>MS.</strong></span> <span class='ocrx_word' id='word_1_414' title='bbox 1428 2883 1538 2918; x_wconf 86' lang='lat' dir='ltr'><strong>teste</strong></span> <span class='ocrx_word' id='word_1_415' title='bbox 1569 2875 1655 2919; x_wconf 90' lang='lat' dir='ltr'><strong>lac.</strong></span> <span class='ocrx_word' id='word_1_416' title='bbox 1687 2874 1940 2920; x_wconf 85' lang='lat' dir='ltr'><strong>Grouovio.</strong></span> 
     </span>
     <span class='ocr_line' id='line_1_81' title="bbox 1038 2931 1941 2989; baseline 0 -12"><span class='ocrx_word' id='word_1_417' title='bbox 1038 2933 1286 2977; x_wconf 81' lang='lat' dir='ltr'><strong>Beroaldus</strong></span> <span class='ocrx_word' id='word_1_418' title='bbox 1313 2931 1534 2976; x_wconf 74' lang='lat' dir='ltr'><strong>edideratz</strong></span> <span class='ocrx_word' id='word_1_419' title='bbox 1565 2934 1832 2989; x_wconf 70' lang='lat' dir='ltr'><strong>legabnariis</strong></span> <span class='ocrx_word' id='word_1_420' title='bbox 1849 2950 1941 2977; x_wconf 90' lang='lat' dir='ltr'><strong>au-</strong></span> 
     </span>
     <span class='ocr_line' id='line_1_82' title="bbox 1039 2989 1940 3041; baseline 0.001 -8"><span class='ocrx_word' id='word_1_421' title='bbox 1039 2999 1133 3034; x_wconf 86' lang='lat' dir='ltr'><strong>tem</strong></span> <span class='ocrx_word' id='word_1_422' title='bbox 1163 2991 1422 3034; x_wconf 73' lang='lat' dir='ltr'><strong>cohortibus</strong></span> <span class='ocrx_word' id='word_1_423' title='bbox 1448 3005 1485 3033; x_wconf 81' lang='lat' dir='ltr'><strong>e.</strong></span> <span class='ocrx_word' id='word_1_424' title='bbox 1510 2989 1598 3041; x_wconf 76' lang='lat' dir='ltr'><strong>R..</strong></span> <span class='ocrx_word' id='word_1_425' title='bbox 1670 3006 1753 3035; x_wconf 87' lang='lat' dir='ltr'><strong>uae</strong></span> <span class='ocrx_word' id='word_1_426' title='bbox 1788 3006 1940 3035; x_wconf 87' lang='lat' dir='ltr'><strong>mana-</strong></span> 
     </span>
     <span class='ocr_line' id='line_1_83' title="bbox 1039 3047 1940 3106; baseline 0.001 -15"><span class='ocrx_word' id='word_1_427' title='bbox 1039 3055 1143 3091; x_wconf 89' lang='lat' dir='ltr'><strong>runt</strong></span> <span class='ocrx_word' id='word_1_428' title='bbox 1184 3048 1316 3091; x_wconf 78' lang='lat' dir='ltr'><strong>etiarn</strong></span> <span class='ocrx_word' id='word_1_429' title='bbox 1352 3048 1399 3092; x_wconf 88' lang='lat' dir='ltr'><strong>in</strong></span> <span class='ocrx_word' id='word_1_430' title='bbox 1439 3063 1486 3092; x_wconf 87' lang='lat' dir='ltr'><strong>sc</strong></span> <span class='ocrx_word' id='word_1_431' title='bbox 1523 3063 1567 3106; x_wconf 84' lang='lat' dir='ltr'><strong>q.</strong></span> <span class='ocrx_word' id='word_1_432' title='bbox 1602 3063 1625 3092; x_wconf 88' lang='lat' dir='ltr'><strong>e</strong></span> <span class='ocrx_word' id='word_1_433' title='bbox 1659 3047 1702 3092; x_wconf 86' lang='lat' dir='ltr'><strong>d.</strong></span> <span class='ocrx_word' id='word_1_434' title='bbox 1763 3047 1940 3092; x_wconf 82' lang='lat' dir='ltr'><strong>Freins-</strong></span> 
     </span>
     <span class='ocr_line' id='line_1_84' title="bbox 1039 3104 1938 3165; baseline 0.001 -16"><span class='ocrx_word' id='word_1_435' title='bbox 1039 3104 1212 3149; x_wconf 81' lang='lat' dir='ltr'><strong>hemius</strong></span> <span class='ocrx_word' id='word_1_436' title='bbox 1230 3113 1378 3149; x_wconf 80' lang='lat' dir='ltr'><strong>tamen</strong></span> <span class='ocrx_word' id='word_1_437' title='bbox 1403 3105 1492 3149; x_wconf 84' lang='lat' dir='ltr'><strong>inte</strong></span> <span class='ocrx_word' id='word_1_438' title='bbox 1513 3105 1651 3165; x_wconf 78' lang='lat' dir='ltr'><strong>ligens</strong></span> <span class='ocrx_word' id='word_1_439' title='bbox 1673 3105 1769 3151; x_wconf 75' lang='lat' dir='ltr'><strong>salsi</strong></span> <span class='ocrx_word' id='word_1_440' title='bbox 1788 3122 1938 3150; x_wconf 85' lang='lat' dir='ltr'><strong>emen·</strong></span> 
     </span>
     <span class='ocr_line' id='line_1_85' title="bbox 1040 3163 1940 3219; baseline 0 -13"><span class='ocrx_word' id='word_1_441' title='bbox 1040 3163 1198 3207; x_wconf 76' lang='lat' dir='ltr'><strong>dabat:</strong></span> <span class='ocrx_word' id='word_1_442' title='bbox 1256 3164 1519 3219; x_wconf 69' lang='lat' dir='ltr'><strong>legionariis</strong></span> <span class='ocrx_word' id='word_1_443' title='bbox 1562 3171 1723 3208; x_wconf 86' lang='lat' dir='ltr'><strong>autem</strong></span> <span class='ocrx_word' id='word_1_444' title='bbox 1766 3172 1810 3207; x_wconf 88' lang='lat' dir='ltr'><strong>et</strong></span> <span class='ocrx_word' id='word_1_445' title='bbox 1857 3179 1940 3207; x_wconf 90' lang='lat' dir='ltr'><strong>co-</strong></span> 
     </span>
     <span class='ocr_line' id='line_1_86' title="bbox 1038 3219 1939 3279; baseline 0.001 -15"><span class='ocrx_word' id='word_1_446' title='bbox 1038 3222 1246 3264; x_wconf 77' lang='lat' dir='ltr'><strong>hortibus</strong></span> <span class='ocrx_word' id='word_1_447' title='bbox 1283 3236 1323 3265; x_wconf 82' lang='lat' dir='ltr'><strong>c.</strong></span> <span class='ocrx_word' id='word_1_448' title='bbox 1358 3221 1416 3265; x_wconf 75' lang='lat' dir='ltr'><strong>R.</strong></span> <span class='ocrx_word' id='word_1_449' title='bbox 1502 3220 1689 3279; x_wconf 81' lang='lat' dir='ltr'><strong>Recepit</strong></span> <span class='ocrx_word' id='word_1_450' title='bbox 1723 3220 1763 3264; x_wconf 87' lang='lat' dir='ltr'><strong>R</strong></span> <span class='ocrx_word' id='word_1_451' title='bbox 1798 3219 1939 3265; x_wconf 81' lang='lat' dir='ltr'><strong>ckius.</strong></span> 
     </span>
     <span class='ocr_line' id='line_1_87' title="bbox 1038 3238 1937 3337; baseline 0.001 -15"><span class='ocrx_word' id='word_1_452' title='bbox 1038 3278 1270 3322; x_wconf 78' lang='lat' dir='ltr'><strong>Ernestius</strong></span> <span class='ocrx_word' id='word_1_453' title='bbox 1307 3287 1524 3337; x_wconf 76' lang='lat' dir='ltr'><strong>expuncta</strong></span> <span class='ocrx_word' id='word_1_454' title='bbox 1562 3278 1724 3337; x_wconf 85' lang='lat' dir='ltr'><strong>copula</strong></span> <span class='ocrx_word' id='word_1_455' title='bbox 1761 3238 1937 3323; x_wconf 40' lang='lat' dir='ltr'><strong>§reins-</strong></span> 
     </span>
     <span class='ocr_line' id='line_1_88' title="bbox 1041 3336 1940 3392; baseline 0 -13"><span class='ocrx_word' id='word_1_456' title='bbox 1041 3336 1203 3380; x_wconf 73' lang='lat' dir='ltr'><strong>hemiiz</strong></span> <span class='ocrx_word' id='word_1_457' title='bbox 1245 3338 1512 3392; x_wconf 73' lang='lat' dir='ltr'><strong>legionariis</strong></span> <span class='ocrx_word' id='word_1_458' title='bbox 1539 3345 1698 3381; x_wconf 85' lang='lat' dir='ltr'><strong>autem</strong></span> <span class='ocrx_word' id='word_1_459' title='bbox 1714 3368 1727 3391; x_wconf 89' lang='lat'><strong>,</strong></span> <span class='ocrx_word' id='word_1_460' title='bbox 1771 3338 1940 3379; x_wconf 80' lang='lat' dir='ltr'><strong>cohor-</strong></span> 
     </span>
     <span class='ocr_line' id='line_1_89' title="bbox 1041 3393 1940 3451; baseline 0 -14"><span class='ocrx_word' id='word_1_461' title='bbox 1041 3395 1159 3438; x_wconf 85' lang='lat' dir='ltr'><strong>tibus</strong></span> <span class='ocrx_word' id='word_1_462' title='bbox 1184 3393 1302 3437; x_wconf 76' lang='lat' dir='ltr'><strong>e-R.</strong></span> <span class='ocrx_word' id='word_1_463' title='bbox 1361 3394 1593 3438; x_wconf 84' lang='lat' dir='ltr'><strong>Broterius</strong></span> <span class='ocrx_word' id='word_1_464' title='bbox 1615 3393 1830 3451; x_wconf 77' lang='lat' dir='ltr'><strong>particula</strong></span> <span class='ocrx_word' id='word_1_465' title='bbox 1848 3409 1940 3437; x_wconf 89' lang='lat' dir='ltr'><strong>au-</strong></span> 
     </span>
     <span class='ocr_line' id='line_1_90' title="bbox 1043 3449 1941 3509; baseline 0.002 -15"><span class='ocrx_word' id='word_1_466' title='bbox 1043 3460 1137 3495; x_wconf 84' lang='lat' dir='ltr'><strong>tem</strong></span> <span class='ocrx_word' id='word_1_467' title='bbox 1172 3459 1343 3495; x_wconf 82' lang='lat' dir='ltr'><strong>mutata</strong></span> <span class='ocrx_word' id='word_1_468' title='bbox 1380 3452 1427 3495; x_wconf 88' lang='lat' dir='ltr'><strong>in</strong></span> <span class='ocrx_word' id='word_1_469' title='bbox 1466 3460 1631 3509; x_wconf 82' lang='lat' dir='ltr'><strong>atque:</strong></span> <span class='ocrx_word' id='word_1_470' title='bbox 1674 3449 1941 3505; x_wconf 72' lang='lat' dir='ltr'><strong>legionariis</strong></span> 
     </span>
     <span class='ocr_line' id='line_1_91' title="bbox 1041 3506 1941 3627; baseline 0.009 -17"><span class='ocrx_word' id='word_1_471' title='bbox 1041 3511 1567 3627; x_wconf 57' lang='grc' dir='ltr'><strong>ἕζπῶἑῗῖῖέἱῖίζῖίῑ.</strong></span> <span class='ocrx_word' id='word_1_472' title='bbox 1585 3509 1671 3610; x_wconf 62' lang='lat'><strong>¹132..</strong></span> <span class='ocrx_word' id='word_1_473' title='bbox 1688 3506 1941 3619; x_wconf 59' lang='lat'><strong>03212‘1321&#39;2’.</strong></span> 
     </span>
     <span class='ocr_line' id='line_1_92' title="bbox 1041 3622 1942 3678; baseline -0.002 -10"><span class='ocrx_word' id='word_1_474' title='bbox 1041 3624 1184 3669; x_wconf 67' lang='lat' dir='ltr'><strong>deduz</strong></span> <span class='ocrx_word' id='word_1_475' title='bbox 1219 3625 1485 3678; x_wconf 69' lang='lat' dir='ltr'><strong>legionariis</strong></span> <span class='ocrx_word' id='word_1_476' title='bbox 1511 3622 1647 3675; x_wconf 86' lang='lat' dir='ltr'><strong>CCC,</strong></span> <span class='ocrx_word' id='word_1_477' title='bbox 1682 3625 1942 3668; x_wconf 75' lang='lat' dir='ltr'><strong>cohortibus</strong></span> 
     </span>
    </p>
   </div>
   <div class='ocr_carea' id='block_1_13' title="bbox 1377 3685 1423 3742">
    <p class='ocr_par' dir='ltr' id='par_1_23' title="bbox 1377 3685 1423 3742">
     <span class='ocr_line' id='line_1_93' title="bbox 1377 3685 1423 3742; baseline 0 0"><span class='ocrx_word' id='word_1_478' title='bbox 1377 3685 1423 3742; x_wconf 87' lang='lat' dir='ltr'>B</span> 
     </span>
    </p>
   </div>
  </div>
 </body>
</html>
