2222 4030
198 248 251 284 A.
262 248 314 283 U.
324 247 409 283 ⁴¹57.

197 292 252 327 Δ.
265 290 313 328 C.
352 291 412 326 14.

634 250 810 314 [ΑΒ.
847 251 898 314 Ι.
933 264 939 282 “·
977 245 1172 312 CAP.
1198 251 1309 311 48.
1345 254 1444 312 49.

114 382 435 458 praemittit
474 381 699 439 litteras
729 380 807 438 ad
832 377 1175 447 Caecinam,
1217 379 1420 437 venire
1458 401 1518 438 se
1555 379 1748 439 valida
1786 401 1969 445 manu

113 486 209 535 ac,
265 467 329 523 ni
369 467 727 543 supplicium
761 464 826 520 in
863 465 1049 521 malos
1083 476 1490 539 praesumant,
1540 486 1790 524 usurum
1825 478 1968 543 pro-

112 552 334 608 miscua
362 554 554 612 caede.
637 546 755 606 Eas
779 546 1032 606 Caecina
1070 548 1395 625 aquiliferis
1428 550 1868 630 signiferisque,
1911 563 1970 608 et
2010 567 2021 578 ⁸

114 638 275 713 quod
311 637 564 694 maxime
594 645 919 691 castrorum
957 635 1253 692 sincerum
1293 645 1445 703 erat,
1488 637 1715 693 occulte
1746 636 1969 707 recitat,

111 733 294 798 utque
327 732 566 778 cunctos
603 711 908 789 infamiae,
950 740 1012 776 se
1045 719 1203 795 ipsos
1231 719 1414 776 morti
1439 719 1721 790 eximant,
1765 717 1968 787 horta—

112 817 227 865 tur.
313 826 452 862 nam
479 805 544 862 in
566 824 707 880 pace
735 824 935 861 causas
966 816 1024 862 et
1050 803 1259 861 merita
1288 804 1563 880 spectari:
1606 806 1713 862 ubi
1743 807 1977 865 bellum.

112 891 378 964 ingruat,
420 891 764 966 innocentes
786 911 852 946 ac
879 889 1088 947 noxios
1115 888 1275 946 iuxta
1298 890 1524 950 cadere.

111 975 185 1049 tis
214 996 362 1052 quos
386 976 631 1032 idoneos
652 976 964 1045 rebantur,
1006 987 1317 1051 postquam
1347 975 1635 1032 maiorem
1666 975 1970 1048 legionum

110 1071 340 1136 partem
382 1061 447 1117 'm
490 1061 683 1119 officio
724 1060 961 1130 vident,
1026 1062 1099 1118 de
1151 1060 1438 1117 sententia
1482 1059 1660 1133 legati
1707 1071 1971 1119 statuunt

110 1156 368 1222 tempus,
431 1168 548 1223 quo
591 1145 997 1203 foedissimum
1034 1165 1326 1223 quemque
1363 1157 1421 1203 et
1453 1145 1733 1202 seditioni
1766 1166 1972 1221 prom-

26 1247 30 1250 ’
110 1242 279 1306 ptum
301 1233 458 1288 ferro
485 1233 787 1291 invadant.
874 1229 1049 1288 Tunc
1077 1230 1245 1304 signo
1283 1229 1439 1290 inter
1473 1251 1533 1286 se
1568 1231 1704 1288 dato
1738 1230 1971 1289 inrum-

107 1328 260 1390 punt
281 1316 701 1390 contubernia,
744 1316 1043 1373 trucidant
1070 1315 1330 1389 ignaros,
1373 1315 1543 1373 nullo
1571 1316 1690 1373 nisi
1722 1316 1971 1395 consciis

108 1411 414 1469 noscente,
455 1401 618 1478 quod
642 1399 836 1458 caedis
861 1400 1128 1470 initium,
1170 1400 1304 1478 quis
1327 1401 1480 1462 finis.

277 1510 497 1573 XLIX.
581 1509 830 1568 Diversa
870 1513 1168 1581 omnium,
1211 1530 1372 1589 quae
1391 1532 1659 1591 unquam
1688 1513 1970 1584 accidere,

107 1596 372 1655 civilium
400 1596 700 1655 armorum
736 1597 933 1656 facies,
1020 1618 1144 1654 non
1175 1597 1438 1674 proeli0,
1480 1619 1605 1656 non
1643 1599 1904 1656 adversis
1937 1620 1971 1655 e

108 1683 338 1753 castriS,
403 1685 504 1739 sed
550 1684 760 1739 iisdem
803 1703 835 1739 e
876 1682 1199 1752 cubilibus,
1267 1703 1416 1761 quos
1461 1684 1640 1742 simul
1682 1683 1971 1742 vescentis

107 1768 267 1837 dies,
312 1769 489 1825 simul
525 1769 753 1846 quietos
787 1789 907 1825 nox
941 1763 1256 1854 habuerat)
1310 1768 1622 1827 discedunt
1657 1768 1723 1825 in
1756 1781 1971 1846 partes,

109 1853 386 1927 ingerunt
423 1855 561 1911 tela:
616 1855 862 1923 clamor,
903 1854 1186 1924 vulnera,
1235 1855 1472 1928 sanguis
1513 1855 1739 1931 palam:
1799 1873 1973 1913 causa

108 1938 171 1993 in
197 1940 455 1996 occulto:
501 1950 688 1996 cetera
722 1940 845 1995 sors
877 1939 1043 2013 regit.
1120 1951 1177 1996 et
1202 1939 1446 2017 quidam
1468 1940 1767 1997 bonorum
1803 1940 1972 2011 caesi,

106 2035 444 2101 postquam,
500 2024 797 2082 intellecto
838 2023 901 2081 in
940 2044 1089 2101 quos
1130 2025 1487 2095 saeviretur,
1538 2024 1778 2101 pessimi
1820 2042 1972 2104 quo-

163 2202 371 2247 tentatis.
429 2201 512 2247 Ed.
548 2203 759 2249 Beroald.
790 2211 1000 2260 tempta-

105 2259 166 2302 η’,
249 2258 349 2304 ffld
405 2259 474 2304 ω,
794 2269 812 2304 ι
873 2263 967 2310 coe,
1072 2219 1207 2263 ‘luem
1231 2203 1369 2251 finem
1391 2205 1490 2249 fore
1512 2204 1790 2259 nesciebant.
1836 2205 1971 2252 Con.

166 2290 179 2303 ·
354 2290 367 2303 ·
476 2276 608 2309 enan.
649 2278 749 2322 sqq.
813 2277 871 2306 en
947 2278 1000 2308 as,

1072 2273 1139 2307 tra
1163 2263 1281 2321 apud
1304 2262 1559 2316 Phaed1·.'1‚
1579 2263 1647 2309 13.
1682 2263 1898 2324 legimuts=
1930 2265 1972 2309 O

1884 236 2062 312 75χ

1610 887 1738 959 Illi,
1778 903 1971 949 tenta-
2050 891 2053 897 “

106 2314 166 2360 cf.
190 2326 286 2362 not.
309 2318 366 2362 ad
389 2334 428 2362 c.
456 2320 527 2363 19.

162 2403 486 2446 contubernia.
547 2403 703 2464 Veget.
722 2403 765 2456 2,
782 2404 852 2455 13,
877 2405 999 2448 Cen-

106 2459 260 2501 tun‘ae
280 2460 330 2502 in
352 2462 649 2505 contubernia
675 2462 856 2506 divisae
876 2473 999 2516 sunt,

106 2522 159 2557 ut
190 2519 347 2560 decem
384 2519 608 2563 militibus
628 2521 713 2564 sub
745 2535 837 2563 uno
857 2523 1000 2577 papi-

103 2574 229 2616 lione
278 2578 552 2630 degentibus
604 2592 722 2622 unus
761 2589 1000 2634 praeesset

104 2632 334 2682 decanus,
390 2635 474 2689 qm·
521 2643 661 2692 caput
712 2639 1005 2681 contubernii

104 2691 396 2735 nmm'naeur.

163 2774 267 2829 quis
277 2774 409 2831 finis.
462 2775 697 2822 Ernestius
722 2778 888 2823 mavult
911 2782 1000 2838 qui.

105 2826 239 2873 Putat
283 2830 403 2876 enini
449 2832 493 2877 in
540 2834 896 2895 interrogatione
936 2837 998 2881 ‹li-

106 2894 223 2931 serta
269 2889 434 2933 rectius
475 2908 569 2935 esse
610 2895 735 2949 quis:
781 2894 858 2938 nbi
903 2910 999 2938 non

106 2944 290 3002 proprie
332 2945 659 3008 interrogetur.
706 2959 752 2994 ut
788 2950 884 3003 bic,
924 2969 1000 3010 po·

108 3000 308 3047 nendum
338 3020 432 3048 esse
467 3008 558 3061 qui.
684 3007 773 3052 uod
813 3009 946 3076 longe
976 3026 999 3052 a

106 3074 218 3104 vero
239 3060 385 3110 abest.
418 3071 464 3107 ut
487 3064 618 3108 etiam
714 3064 845 3109 omns
869 3065 999 3112 vadit.

104 3115 261 3174 Neque
297 3126 443 3164 tamen
477 3120 548 3164 bic
585 3121 910 3168 dubitationem
945 3125 1000 3168 de

104 3174 206 3230 quis
237 3183 279 3220 et
309 3178 391 3232 qui
422 3177 615 3228 diremit.
687 3180 797 3224 Nan·
835 3180 996 3225 discri-

105 3247 206 3276 men
240 3232 444 3291 prosecto
488 3243 568 3281 est.
631 3235 722 3284 Ubi
757 3237 999 3306 interroga·

108 3290 241 3335 tionis
275 3292 343 3336 vis
376 3293 494 3337 cadit
522 3293 566 3337 in
608 3311 884 3353 pronomen,
938 3297 997 3340 nbi

104 3349 292 3407 ponitur
313 3350 438 3406 quis:
459 3351 532 3395 nbi
556 3369 661 3395 vero
685 3354 803 3398 cadit
827 3354 872 3399 in
897 3355 999 3399 snb·

104 3407 349 3451 stantium·
380 3410 643 3465 pronomini
677 3411 906 3461 additum,
939 3413 998 3468 ibi

105 3464 348 3522 requiritur
380 3468 468 3520 qui.
527 3465 645 3510 Hinc
679 3467 812 3513 unice
843 3487 997 3515 verum

105 3531 169 3565 est
214 3525 313 3576 quis
343 3525 471 3578 finis.
561 3525 673 3571 Nam
720 3526 853 3571 finem
900 3526 999 3571 sore

106 3580 254 3623 caedis
298 3580 485 3625 dubium
533 3598 623 3628 esse
663 3585 905 3643 nequibam
958 3596 997 3628 at

1071 2323 1151 2378 qui
1179 2329 1395 2373 tuarum,
1424 2335 1581 2374 corve,
1606 2336 1874 2378 pennarum
1901 2329 1971 2367 est

1069 2377 1229 2424 nitor!
1285 2378 1528 2437 perperam
1559 2379 1771 2424 Heinsius
1803 2380 1973 2439 aliique

1070 2434 1333 2485 maluerunt
1364 2438 1479 2498 qua's.
1542 2437 1686 2481 Immo
1716 2438 1971 2497 interroga-

1072 2493 1209 2540 tionis
1234 2493 1301 2538 vis
1321 2492 1442 2538 cadit
1461 2493 1508 2539 in
1530 2494 1807 2540 vocabulum
1830 2498 1970 2547 nitor,

1072 2567 1220 2610 neque
1253 2551 1484 2609 quaeritur
1522 2553 1578 2595 de
1625 2552 1775 2602 nitore
1812 2551 1970 2614 aliquo

1071 2609 1189 2655 inter
1224 2610 1398 2667 plures,
1438 2610 1514 2669 qui
1549 2627 1642 2657 esse
1671 2609 1869 2669 possint,
1904 2612 1971 2656 ni·

1073 2675 1208 2712 tores.
1294 2667 1502 2712 Eiusdem
1581 2668 1723 2711 eneris
1769 2669 1970 2729 exempla

1071 2723 1327 2770 suntOvid.
1343 2726 1440 2769 Art.
1461 2725 1505 2775 2,
1529 2726 1555 2768 5
1589 2727 1627 2769 1.
1678 2724 1815 2777 Trist.
1835 2726 1972 2782 ι3,11,

1072 2782 1115 2825 5.
1167 2781 1273 2826 ibid.
1306 2781 1503 2835 4,1‚28.
1563 2780 1711 2830 valer.
1742 2781 1893 2830 Flacc.
1926 2784 1969 2838 4,

1070 2840 1169 2883 704.
1230 2836 1367 2885 ovid.
1397 2839 1509 2887 Met.
1545 2839 1610 2891 14,
1645 2840 1741 2884 502.
1786 2880 1790 2890 .
1823 2840 1874 2887 ln
1906 2842 1970 2886 al·

1071 2905 1211 2941 teram
1255 2905 1425 2957 partem
1474 2894 1533 2941 es.
1575 2896 1715 2943 Ovid.
1746 2897 1863 2950 filet,
1900 2898 1970 2953 13,

1070 2953 1173 2997 279.
1222 2954 1385 2999 Amor.
1409 2953 1450 3006 3,
1475 2954 1539 3007 12,
1565 2957 1605 3004 1.
1655 2954 1779 3015 Vir-g.
1797 2953 1968 3019 Georg.

1076 3014 1113 3058 1,
1134 3012 1176 3054 8.
1238 3010 1608 3057 consentientem
1633 3028 1813 3065 meeum
1844 3014 1968 3061 inve-

1074 3068 1151 3113 nio
1163 3068 1483 3130 Kiesslingium
1506 3069 1560 3115 de
1584 3070 1843 3118 discrimine
1864 3066 1967 3138 prb·-

1073 3124 1313 3170 nominum
1358 3129 1462 3183 quis
1502 3134 1545 3172 et
1575 3130 1669 3186 qui,
1742 3130 1784 3176 1⁸
1813 3138 1966 3176 tamen

1072 3181 1145 3228 hic
1168 3182 1261 3228 vult
1313 3185 1376 3230 ω’.

1130 3241 1241 3285 Cn».
1262 3242 1290 3285 4
1323 3273 1335 3286 .
1396 3243 1536 3297 aaut,
1570 3252 1850 3303 postquam,
1890 3247 1966 3298 in·

1073 3301 1252 3342 tellecta
1271 3301 1318 3343 {n
1342 3315 1452 3357 quos
1475 3301 1751 3354 saeviretur,
1777 3306 1971 3359 pessimi
1982 3319 1983 3323 ¹

1072 3372 1248 3413 quoque
1274 3364 1359 3401 ete.
1425 3357 1538 3404 Edd.
1575 3359 1782 3406 Beroald.
1817 3360 1943 3405 Rhen

1074 3431 1170 3474 sqq.
1205 3416 1339 3460 cuese'.
1399 3424 1648 3472 postquam
1682 3419 1966 3465 intellectum

1074 3473 1123 3514 in
1156 3486 1268 3529 quos
1295 3475 1575 3525 saeviretur,
1620 3476 1817 3530 pessimi
1847 3492 1966 3534 quo-

1073 3544 1159 3586 que
1183 3539 1267 3575 etc.
1326 3530 1439 3576 Edd.
1461 3531 1580 3591 Lips.
1602 3549 1698 3592 sqq,
1720 3535 1963 3588 intellecto,

1075 3602 1179 3635 vera
1207 3588 1535 3639 emendatione.
