2222 4030
696 181 1297 248 PRAEFATIO.
1771 197 1932 240 xxv

74 329 316 399 propter
356 315 668 374 innumera
701 311 847 371 vitia
874 309 1143 369 Annales
1177 321 1235 367 et
1266 307 1567 370 Historiae
1606 316 1730 368 ιἰοιι
1767 323 1936 387 pote-

74 418 212 465 rant
257 403 390 475 edi,
454 401 544 460 uti
593 398 783 457 edidit
834 394 1224 456 Puteolanus:
1295 405 1384 452 et
1413 396 1539 472 ipse
1588 394 1653 454 in
1716 396 1935 460 saluta.

74 494 238 551 tione
267 450 600 589 pro’fitetur:
660 482 977 556 „Cornelii
1001 479 1211 540 Taciti
1224 480 1375 557 eqtis
1400 500 1488 541 ro.
1514 477 1950 553 historicorum*

76 576 395 647 „omnium
425 569 758 647 gravissimi
795 566 1239 651 disertissimiq3
1260 565 1485 643 chd
1466 568 1797 626 incuriosae
1831 588 1939 626 ue-

74 660 323 733 „tustati
365 657 595 736 supfuit
637 656 694 717 .i.
736 655 1065 729 fragmenta
1102 673 1179 711 ex
1223 650 1516 711 aetioihus
1563 652 1941 712 diurnalibus

74 756 399 821 „augustae
437 740 747 803 historiae.
799 737 891 799 De
927 737 1211 802 moribus
1227 748 1289 796 et
1313 737 1434 800 situ
1458 739 1825 812 germaniae:
1863 740 1941 797 de

69 851 330 906 „genere
354 827 687 907 eloquetiae
712 828 792 885 ιιό
824 835 1165 901 corruptae.
1209 822 1307 882 cui
1331 822 1437 903 opi
1460 844 1499 881 a
1530 822 1767 899 qhusda
1796 822 1943 885 fitu-

72 918 212 989 „lus
246 918 323 975 de
359 915 533 974 claris
571 912 907 971 oratoribus
926 909 1306 968 inscribitur:
1362 907 1567 968 Vitam
1595 905 1738 967 Iulii
1762 904 1944 985 Agri-

70 1004 286 1074 „colae
333 1000 545 1060 soceri.
602 998 810 1058 multis
847 995 1072 1073 uigiliis
1108 994 1577 1077 intentissimoq3
1619 994 1814 1053 studio
1849 1015 1946 1054 ιιι

73 1087 357 1164 „cognita
403 1085 726 1145 adiuuante
763 1081 1095 1145 Bet-ardino
1129 1079 1430 1141 Lanterio
1481 1086 1653 1140 oium
1702 1069 1946 1141 Medio-

73 1172 460 1245 „lanensium
487 1168 917 1229 eruditissimo:
961 1179 1030 1227 ut
1055 1173 1128 1228 eti
1154 1166 1497 1244 parcissime
1522 1166 1790 1225 laudem:
1833 1167 1948 1226 suh

74 1268 224 1329 „tuo
275 1256 521 1315 nomine
569 1255 787 1313 nostris
839 1252 1302 1330 Impressoribus
1327 1264 1329 1266 ’
1354 1251 1737 1321 tradidimus:
1816 1262 1947 1312 tum

74 1343 265 1422 „quia
289 1342 418 1400 eius
443 1338 782 1418 eloquentia
817 1342 1011 1418 pfecta
1042 1359 1180 1397 meo
1218 1337 1444 1398 iudicio
1462 1391 1465 1393 .
1481 1347 1540 1397 et
1575 1335 1948 1399 admirabilis

76 1427 502 1507 „peculiariter
526 1427 607 1484 ita
632 1438 689 1485 te
722 1437 789 1484 ut
822 1444 918 1483 me
955 1425 1233 1484 delectat:
1277 1436 1408 1483 tum
1452 1444 1530 1482 ne
1565 1422 1631 1481 in
1670 1434 1835 1483 tant-a
1867 1423 1948 1480 lia

70 1515 366 1587 „brorum
392 1513 562 1590 copia
597 1511 759 1570 solus
794 1510 930 1588 ipse?
964 1509 1397 1587 supprimeref:
1439 1508 1659 1568 Veneti
1687 1509 1950 1573 ‘eni-im,-

76 1619 423 1678 „pressores
449 1600 597 1657 adeo
621 1596 1069 1655 inculcauerant
1102 1617 1169 1653 ac
1203 1596 1595 1655 foedauerant
1631 1591 1748 1654 hoc
1785 1579 1949 1656 diu'i-

75 1706 271 1759 „num
327 1705 476 1762 opus
524 1697 594 1743 ut
645 1686 725 1741 ιιό
774 1684 877 1742 ιιιό
921 1680 1316 1741 Cornelianae
1361 1681 1630 1740 facfidiae
1674 1681 1951 1763 maiestas

68 1774 393 1850 „iqnareffi
426 1772 541 1828 sed
565 1768 669 1828 uix
695 1789 899 1827 sensus
926 1767 1087 1827 ullus
1113 1767 1389 1826 coiectari
1404 1780 1606 1844 posset
1635 1761 1728 1846 *)·;
1760 1764 1951 1842 Quld

71 1877 223 1933 „ego
253 1857 490 1916 effeceri
517 1855 743 1914 iudicet
759 1854 918 1913 docti
943 1854 1045 1912 sed
1072 1852 1303 1913 collatis
1329 1853 1725 1953 exfiplaribuS.
1771 1850 1922 1918 εἰει-’ἶ

236 1979 422 2039 Libro
452 1975 720 2054 Spirensi
745 1975 1062 2037 Puteolani
1092 1977 1273 2037 editio
1310 1947 1487 2053 plane
1521 1975 1831 2034 dissimilis
1866 1990 1953 2037 est

75 2079 132 2126 et
160 2060 615 2141 orthographica
642 2073 699 2120 et
740 2064 864 2139 ipsa
902 2061 1205 2122 scribendi
1240 2063 1489 2125 ratione.
1575 2055 1730 2120 Nam
1765 2068 1954 2141 quum

77 2154 177 2211 ille
223 2152 511 2227 scriptura
551 2149 626 2206 sit
661 2149 908 2224 propior
944 2146 1018 2204 iis
1055 2148 1390 2219 codicibus,
1407 2162 1596 2226 quos
1638 2145 1952 2214 Romanae

75 2238 334 2297 familiae
388 2236 679 2304 (Ιίιιίιιιιιε,
738 2233 1103 2292 Puteolanus
1154 2246 1393 2296 strenue
1444 2233 1741 2311 sequitur
1755 2229 1953 2296 libros

78 2324 447 2383 GenuenseS.
542 2320 993 2406 Nonnunquam
1031 2321 1410 2381 emendando
1445 2321 1791 2407 verborum¹
1806 2342 1950 2409 con-

78 2409 261 2468 textui
300 2426 542 2484 operam
579 2406 808 2463 dedisse
844 2400 1108 2464 videtur:
1174 2408 1276 2463 sed
1313 2424 1465 2491 quae
1490 2395 1683 2465 huius
1719 2399 1950 2494 generis

82 2495 192 2572 ipsi
218 2494 336 2551 sint
363 2492 711 2560 tribuenda,
756 2493 856 2549 vix
884 2492 1223 2591 dignosceS,
1271 2493 1413 2574 qnia
1449 2510 1574 2551 non
1614 2488 1873 2563 constat,
1919 2514 1951 2550 e

78 2581 296 2659 quibus
338 2578 768 2654 exemplaribus
818 2578 1051 2654 scriptis
1101 2597 1204 2636 sui
1249 2573 1519 2638 ediderit.
1615 2574 1954 2677 Conspirat

81 2667 403 2742 plurimum
428 2685 560 2721 cum
591 2663 789 2720 codice
813 2661 1176 2734 Bodleiano
1213 2672 1270 2720 et
1303 2658 1488 2747 pauca
1526 2658 1666 2721 Sunt
1699 2662 1764 2719 in
1806 2670 1952 2723 con-'

82 2764 241 2810 textu
274 2749 621 2819 Puteolani,
674 2770 823 2826 quae
859 2770 984 2807 non
1021 2710 1250 2825 possint
1287 2749 1606 2813 monstrari
1642 2745 1706 2806 in
1746 2750 1948 2829 aliquo

83 2836 283 2892 codice
328 2835 591 2892 eiusdem
639 2835 917 2895 familiae.
1024 2833 1202 2892 Haud
1240 2832 1422 2891 dubie
1470 2831 1699 2892 codices
1740 2830 1951 2906 habuit

84 2917 261 2977 hodie
303 2918 648 2991 incognitos,
693 2949 778 2962 —
864 2918 1063 2977 Huius
1099 2919 1379 2976 editionis
1413 2919 1802 2996 exemplum‚'
1829 2943 1947 3000 quo

82 3026 189 3081 ego
222 3006 461 3073 utebar,
504 3003 755 3078 pertinet
784 3004 858 3062 ad
889 3000 1323 3062 Bibliothecam
1346 3001 1730 3082 Lipsiensem.

257 3122 478 3185 Editio
507 3121 834 3184 Francis-ci
866 3121 1203 3186 Puteolani
1234 3124 1485 3188 Veneta.
1572 3129 1805 3188 Prodiit
1829 3130 1949 3188 Ve-

86 3214 256 3275 netiis
279 3235 373 3274 an.
399 3235 454 3289 p.
472 3209 613 3275 Chr.
639 3212 821 3275 1497.
899 3211 1053 3272 Nam
1080 3216 1141 3271 in
1170 3216 1284 3274 fine
1308 3215 1449 3275 libri
1474 3215 1752 3292 leguntur
1777 3212 1944 3283 hacc:

142 3492 188 3548 ο)
222 3493 429 3552 Increpat
462 3493 705 3540 editionem
738 3479 1011 3554 Spirenscin.
