2222 4030
184 234 236 270 Α.
247 234 300 270 U.
313 232 394 266 778.

184 279 233 318 A.
251 277 300 312 C.
334 277 392 312 25.

612 236 784 296 LlB.
816 233 920 295 lv.
986 232 1180 296 (JAP.
1207 237 1306 297 34.
1334 241 1436 300 35.

1840 222 1963 300 325

97 369 318 439 „facile
351 367 602 424 dixerim
631 364 1043 443 moderatione·
1069 365 1254 438 magis
1290 386 1368 422 an
1401 367 1708 443 sapientia.
1768 388 1962 424 nam—

98 474 266 531 „que
300 465 490 528 spreta
518 451 879 507 exolescunt:
922 449 971 504 si
995 448 1271 517 irascare,
1315 453 1511 523 agnita
1538 453 1835 530 videntur.
1850 451 1878 472 ”

263 536 515 596 XXXV.
572 534 757 605 „Non
782 537 1006 607 attingo
1022 531 1306 603 Graecos,
1341 556 1595 611 quorum
1620 559 1744 595 non
1768 539 1949 596 modo

98 626 419 694 ,‚libertaS‚
472 621 649 678 etiam
701 620 890 676 libido
935 620 1251 696 impunita:
1303 632 1406 677 aut
1442 622 1492 677 si
1524 623 1656 699 quis
1688 623 1959 694 advertit,

96 710 312 779 „dictis
348 708 500 764 dicta
529 706 690 762 ultus
717 716 820 764 est.

904 705 1008 761 sed
1047 705 1300 762 maxime
1323 706 1583 763 solutum
1612 719 1669 765 et
1693 709 1820 766 sine
1844 709 1956 766 ob-

93 805 448 865 „trectatore
474 791 587 847 fuit
607 791 859 865 prodere
885 791 960 846 de
989 790 1087 861 iis,
1130 810 1278 868 quos
1309 810 1470 846 mors
1505 792 1643 849 odio
1682 806 1784 850 aut
1819 814 1954 868 gra-

92 927 126 948 „
139 881 254 939 tiae
290 876 612 934 exemisset.

698 873 862 932 Num
900 896 1036 932 cum
1070 873 1536 934 armatisCassio
1576 889 1632 935 et
1654 877 1842 937 Bruto
1883 900 1950 936 ac

91 962 544 1040 „Philippenses
596 980 832 1036 campos
876 961 1283 1018 obtinentibus
1338 961 1485 1019 belli
1534 962 1725 1019 civilis
1759 983 1952 1021 *causa

91 1051 426 1128 „populum
487 1067 595 1124 per
659 1047 974 1104 conciones

87 1228 147 1271 ita
167 1227 358 1283 quidem
376 1223 503 1266 nihili
525 1223 702 1272 evadit,
731 1223 870 1267 totius
894 1222 983 1268 loci

88 1283 309 1328 sententia
331 1290 676 1338 contorquetur.

110 1339 115 1341 ³
144 1341 259 1386 CM).
285 1340 356 1384 35.
423 1354 522 1381 non
556 1342 696 1381 modo
728 1364 784 1374 —
817 1341 980 1384 etiam.

87 1399 329 1444 Omittitur
358 1400 457 1440 sed.
527 1395 605 1440 Sic
637 1396 705 1447 16,
728 1398 803 1441 29.
835 1413 983 1454 neque

72 1458 263 1516 famosi
294 1454 536 1503 carminis,
580 1455 691 1510 quia
728 1455 983 1509 protulerit

84 1515 326 1572 ingenium
340 1546 350 1561 ‚
381 1519 626 1555 extorrem
647 1513 744 1566 agi.
804 1512 916 1556 Hist.
938 1514 980 1562 2,

82 1574 155 1618 27.
186 1587 269 1616 nec
295 1573 448 1616 solum
476 1573 603 1623 apud
623 1570 872 1613 Caecinam
897 1602 931 1614 ..
946 1587 979 1613 ‚t

14 1641 15 1645 ’
83 1632 219 1675 Fabii
240 1643 417 1687 quoque
442 1635 529 1672 etc.
590 1626 693 1671 Vid.
716 1628 778 1671 ibi
803 1637 901 1672 not.
938 1637 981 1672 et

82 1706 203 1749 supr.
225 1688 279 1732 ad
302 1687 344 1738 2,
367 1686 433 1729 19.

137 1747 357 1792 advertit.
416 1742 478 1788 cf.
501 1751 597 1787 not.
624 1744 679 1786 ad
701 1745 743 1796 2,
763 1743 835 1788 32.

138 1806 247 1849 odio
269 1810 353 1846 aut
373 1803 574 1858 gratiae.
635 1801 714 1845 Sic
736 1801 839 1845 edd.
861 1799 979 1859 Lips.

80 1881 101 1907 ε
168 1895 181 1907 .
236 1861 403 1915 gratia
435 1858 537 1902 edd.
567 1859 671 1903 Ber.
699 1859 800 1903 Ate.
829 1858 975 1902 Rhen.

80 1879 188 1965 fiffi.
212 1918 389 1977 Micyn.
446 1917 517 1960 De
541 1915 761 1977 particula
782 1925 867 1960 aut
889 1915 976 1960 vid.

81 1986 179 2023 not.
201 1976 256 2021 ad
282 1978 322 2026 1,
342 1974 384 2019 8.

17 2039 19 2051 '
134 2050 252 2079 num
275 2065 287 2078 .
304 2066 316 2078 .
333 2066 344 2077 .
364 2035 557 2076 incendo
570 2035 595 2076 ,2
631 2047 696 2075 an
716 2033 790 2075 illi
808 2063 819 2076 .
837 2064 848 2075 .
864 2063 874 2075 .
897 2047 976 2075 re-

18 2135 19 2138 ,
79 2094 264 2138 tt'nent?
319 2090 814 2134 Edd.Beroa1d.Rhen.
837 2088 975 2133 aliae-

79 2167 166 2220 que
215 2156 326 2197 vett.
371 2148 561 2192 alterum
607 2147 974 2205 interrogationis

76 2225 255 2268 signum
280 2214 379 2267 post
401 2208 597 2250 retinent
616 2205 849 2249 omittunt.
894 2204 971 2247 Pi-

78 2267 220 2311 chena
251 2274 294 2308 et
329 2263 636 2312 Boxhornius,
677 2263 842 2321 quibus
879 2278 972 2306 non

78 2324 182 2368 satis
231 2322 393 2366 idonea
440 2320 809 2379 interrogationis
858 2322 971 2364 ratio

77 2397 174 2426 esse
209 2379 461 2431 videbatur,
503 2379 739 2423 coniecere
766 2377 970 2422 scriben-

76 2439 187 2483 dum
209 2454 303 2482 esse
332 2445 384 2479 at
418 2453 502 2496 pro
536 2451 615 2483 an.
686 2436 857 2481 Contra
894 2451 972 2479 eos

22 2534 23 2539 ,
76 2504 242 2556 pugnat
272 2495 308 2539 1.
332 2494 406 2538 Fr.
431 2493 721 2546 Gronovius,
750 2492 826 2551 qui
857 2508 971 2535 num

74 2553 238 2612 accipit
263 2567 345 2611 pro
370 2560 561 2602 utrum,
602 2560 651 2596 ut
673 2552 728 2596 ab
757 2566 822 2593 an
852 2550 972 2594 inci-

74 2612 164 2671 piat
198 2609 389 2655 alterum
419 2611 638 2660 duorum,
682 2624 795 2668 quae
823 2609 968 2652 inter-

24 2715 25 2721 *
75 2684 235 2727 rogare
267 2675 422 2711 orator
447 2667 706 2712 instituerit.
765 2665 869 2709 N‘on
894 2681 966 2708 sa-

74 2726 131 2769 tis
180 2733 319 2770 recte.
400 2724 516 2768 Nam
570 2725 646 2783 qui
696 2724 968 2781 interrogat:

72 2790 234 2827 utrum
262 2782 342 2826 ..ἲ
397 2797 464 2825 an
485 2783 584 2835 ..?,
630 2787 877 2839 exspectat,
918 2787 968 2823 ut

24 2889 25 2894 ,
72 2841 372 2899 interrogatus
397 2838 607 2883 adfirmet
632 2854 773 2882 unum
798 2845 873 2880 aut
901 2839 968 2882 al·

24 2927 27 2945 1
73 2907 247 2949 terum,
289 2912 434 2956 neque
462 2897 553 2955 ipse
584 2895 773 2947 iudicat,
814 2903 967 2939 utrum

25 2961 27 3007 J
73 2956 131 3000 sit
150 2972 320 3000 verum.
370 2954 431 2998 At
454 2954 530 3012 qui
554 2954 825 3010 intes-rogan
852 2967 966 2995 num

73 3014 172 3059 ...ἲ
217 3030 282 3058 an
309 3012 406 3057 ...ἲ
451 3013 488 3056 is
525 3010 846 3068 interrogando
884 3027 964 3054 ne-

28 3116 29 3123 ,
102 3079 145 3115 at
180 3071 328 3131 prius,
367 3069 573 3114 adfirmat
607 3069 812 3112 alterum.
875 3066 966 3112 Ea-

28 3183 29 3186 *
70 3086 174 3173 fient
199 3129 330 3174 huius
361 3127 447 3172 loci
471 3127 584 3171 ratio
610 3135 691 3185 est.
752 3126 876 3169 Num

28 3192 29 3198 ’
70 3188 301 3230 incendo?
354 3185 474 3230 Non.
536 3186 615 3229 An
636 3216 648 3227 .
665 3214 676 3227 .
699 3215 711 3228 .
735 3185 971 3227 retinent?

70 3242 299 3288 Retinent.
354 3243 430 3288 Sic
446 3242 543 3288 Cic.
560 3241 693 3302 Legg.
711 3241 751 3292 2,
766 3242 810 3286 2.
829 3256 963 3285 num-

28 3309 30 3339 ?
71 3302 182 3358 quid
222 3304 342 3345 duos
389 3302 571 3345 habetis
616 3298 833 3355 patrias?
899 3314 964 3342 an

27 3401 31 3419 ⁴
69 3366 137 3403 est
160 3360 245 3402 illa
261 3359 424 3414 patria
443 3359 736 3402 eommunis?
765 3357 829 3402 m.
844 3356 962 3401 Lael.
993 3386 999 3391 -

68 3418 113 3461 8.
143 3414 275 3460 Illud
295 3417 692 3460 considerandum
717 3415 864 3458 videri
883 3430 963 3457 so-

30 3473 36 3531 }
68 3477 159 3524 tet,
202 3489 318 3517 num
351 3480 554 3542 propter
597 3474 960 3517 imbecillitatem

69 3539 208 3590 atque
228 3532 438 3587 inoptam
458 3531 725 3575 desiderata
749 3532 812 3574 sit
834 3530 963 3573 ami-

31 3610 37 3630 ι
67 3591 202 3644 citro,
243 3605 309 3634 an
343 3596 467 3635 esset
499 3589 742 3647 antiquior
773 3595 819 3633 et
846 3590 958 3645 pul-

1047 1046 1340 1105 incendo‘?
1393 1066 1506 1106 ,an
1562 1047 1654 1104 illi
1710 1050 1948 1124 quidem

1053 1227 1210 1268 chr-ior
1231 1233 1276 1268 et
1298 1227 1450 1280 magis
1469 1241 1502 1267 a
1521 1233 1699 1268 natura
1711 1227 1814 1280 ipsa
1827 1239 1947 1280 pro-

1041 1283 1176 1339 fecta
1212 1284 1313 1325 alia
1343 1298 1505 1326 causa.
1562 1284 1623 1327 cf.
1653 1281 1839 1328 Ramsh.
1869 1283 1950 1326 Gr.

1053 1344 1081 1395 §
1113 1341 1208 1384 174.
1252 1357 1298 1398 p.
1332 1335 1430 1384 502.
1511 1339 1661 1384 Aliam
1695 1339 1795 1383 iniit
1829 1341 1949 1387 viam

1054 1398 1313 1449 Broterius,
1356 1398 1441 1456 qui¹
1459 1413 1524 1441 an
1551 1398 1714 1456 accipit
1741 1413 1826 1456 pro
1857 1411 1948 1440 an—

1052 1471 1180 1498 non:
1222 1456 1295 1499 cui
1318 1464 1466 1499 tamen
1491 1463 1752 1499 commento
1782 1455 1950 1499 adhae-

1054 1522 1122 1557 ret
1157 1529 1285 1556 error
1314 1513 1513 1571 quidam.
1573 1512 1691 1556 Nam
1725 1527 1791 1555 an
1827 1529 1947 1556 nun-

1053 1588 1189 1630 quam
1223 1570 1310 1614 dici
1337 1579 1486 1629 potest
1516 1586 1602 1629 pro
1633 1571 1815 1614 annon.
1869 1570 1950 1614 Est

1055 1645 1160 1672 vero
1211 1630 1353 1687 genus
1405 1627 1797 1686 inte1·rogationiS‚
1856 1643 1948 1688 quo

1052 1695 1242 1730 utuntur
1282 1684 1484 1729 modeste
1522 1684 1769 1744 loquentes.
1836 1680 1951 1730 Rem

1053 1759 1311 1802 quanquam
1347 1743 1449 1787 satis
1478 1750 1646 1788 certam
1667 1744 1727 1787 ita
1751 1743 1946 1787 interro-

1051 1802 1198 1859 gando
1223 1801 1500 1859 exprimunt,
1534 1808 1583 1843 ut
1607 1801 1826 1845 iudicium
1852 1817 1948 1844 non

1050 1859 1134 1903 sibi
1163 1858 1414 1907 vindicent,
1445 1858 1522 1901 sed
1547 1859 1805 1916 relinquant
1827 1858 1947 1917 apud

1049 1917 1365 1975 interrogatos.
1427 1915 1532 1958 Non
1563 1915 1744 1960 dicunt:
1774 1917 1949 1959 Annon

1048 1977 1282 2017 bonorum
1320 1976 1544 2029 exempla
1584 1974 1766 2016 imitari
1805 1975 1944 2016 debe-

1049 2035 1193 2075 mus?
1241 2032 1346 2075 sed:
1385 2045 1451 2075 an
1474 2033 1702 2074 bonorum
1723 2033 1949 2087 exempla
1990 2063 1992 2067 f

1046 2091 1229 2133 imitari
1254 2091 1514 2132 debemus?
1568 2089 1683 2132 lilud
1726 2096 1943 2148 arrogan-

1047 2150 1127 2199 tis,
1157 2147 1244 2191 hoc
1270 2145 1460 2190 modesti
1486 2160 1580 2188 esse
1604 2145 1798 2190 videtur.
1852 2146 1943 2188 Ex-

1047 2205 1195 2263 empla
1218 2213 1323 2248 sunt
1349 2203 1467 2262 apud
1491 2201 1587 2247 Cic.
1613 2203 1668 2246 de
1698 2204 1773 2248 off.
1810 2206 1850 2253 l,
1870 2202 1942 2248 15.

1048 2263 1291 2322 Quidnam
1322 2260 1542 2316 beneficio
1576 2263 1830 2316 provocati
1848 2260 1941 2318 fa-'

1042 2336 1150 2368 cere
1181 2321 1401 2363 debemus
1416 2320 1440 2361 .9
1490 2333 1555 2362 an
1590 2319 1776 2362 imitari
1801 2334 1945 2375 agros

1030 2378 1244 2434 fertiles,
1283 2377 1366 2434 qui
1402 2379 1554 2419 multo
1586 2378 1698 2432 plus
1734 2378 1942 2432 efferunt,

1043 2452 1186 2493 quam
1235 2436 1552 2491 acceperunt?
1624 2433 1742 2483 lbid.
1786 2433 1837 2487 8,
1872 2433 1941 2478 17.

1042 2496 1226 2540 Suntne
1270 2494 1418 2548 igitur
1462 2491 1690 2543 insidiae,
1747 2494 1941 2536 tendere

1036 2554 1231 2608 plagas,
1264 2552 1407 2593 etiam
1441 2550 1487 2592 si
1515 2549 1811 2592 excitaturus
1840 2562 1942 2591 non

1039 2610 1108 2652 sis
1136 2623 1222 2651 nec
1253 2609 1561 2662 agitaturus?
1626 2604 1748 2650 Plin.
1774 2622 1874 2666 epp.
1894 2606 1940 2655 2,

1042 2667 1110 2716 17,
1131 2666 1205 2710 29.
1232 2666 1435 2708 Iustisne
1463 2667 1523 2706 de
1553 2663 1707 2706 causis
1730 2680 1839 2709 eum
1861 2664 1947 2708 tibi

1039 2724 1201 2766 videor
1212 2724 1428 2774 abcolere,
1450 2722 1726 2770 inhabitare,
1746 2721 1941 2778 diligere

1038 2782 1302 2824 secessum?
1356 2779 1473 2823 lbid.
1493 2778 1536 2831 8,
1564 2778 1632 2828 16,
1655 2778 1724 2825 13.
1754 2780 1957 2837 Viden-3

1040 2846 1175 2881 turne
1203 2840 1320 2880 haec
1340 2838 1427 2880 tibi
1448 2837 1637 2879 maiora
1654 2836 1761 2882 illo.-
1794 2836 1937 2880 Paete

1038 2910 1135 2939 non
1157 2896 1321 2938 dolet?
1378 2892 1489 2939 [bid.
1512 2893 1551 2946 3,
1571 2894 1643 2943 21,
1669 2895 1712 2940 6.
1742 2893 1933 2939 Merito-

1039 2969 1095 2997 ne
1119 2969 1225 2997 eum
1252 2952 1334 3009 qui
1352 2954 1465 2996 haec
1486 2956 1545 2995 de
1566 2967 1642 2995 me
1663 2954 1762 2997 scri
1790 2952 1851 2997 sit
1875 2981 1946 3004 -,

1037 3012 1308 3068 defunctum
1345 3011 1520 3054 doleo?
1578 3009 1718 3055 Ovid.
1792 3006 1955 3054 eroid.'

1039 3070 1106 3119 17,
1120 3068 1219 3112 247.
1246 3069 1323 3111 An
1333 3068 1449 3124 sera
1462 3066 1710 3112 Centauris
1730 3068 1935 3113 indicere

1036 3128 1156 3170 bella
1186 3128 1329 3181 coegit
1367 3126 1484 3170 eta?
1561 3123 1730 3170 Similis
1775 3133 1840 3170 est
1883 3124 1933 3168 in

1037 3182 1320 3229 Graecorum
1341 3198 1551 3228 sermone
1572 3183 1814 3241 particulae
1839 3175 1930 3243 ἆρᾳ

1036 3258 1167 3293 usus,
1206 3257 1320 3299 quae
1355 3256 1496 3299 quum
1526 3240 1635 3301 poni
1668 3241 1825 3286 debeat
1856 3240 1950 3298 ita,

1035 3308 1084 3343 ut
1114 3299 1167 3343 ad
1206 3300 1276 3351 id,
1323 3297 1444 3359 quod
1483 3297 1809 3358 interrogatum
1851 3305 1950 3354 est„

1034 3357 1306 3415 respondeas
1334 3372 1451 3410 non,·
1492 3371 1826 3415 nonnunquam
1858 3363 1948 3417 ¹²7

1035 3432 1139 3458 meu
1184 3413 1241 3458 ita
1282 3413 1540 3466 adhibetur,
1600 3422 1646 3457 nt
1685 3413 1961 3466 adfirmans,

1032 3489 1104 3516 res
1138 3472 1268 3517 onsio
1301 3481 1526 3531 sequatur.
1586 3472 1647 3515 cs.
1678 3470 1925 3516 Hermann.

1032 3530 1086 3572 ad
1154 3529 1260 3590 iger.
1291 3539 1387 3575 not.
1411 3530 1512 3574 294.
1545 3546 1587 3586 p.
1610 3529 1707 3573 788.
1763 3527 1924 3588 Reisig.

1033 3588 1192 3633 Enarr.
1219 3587 1341 3635 Oed.
1364 3586 1465 3634 Col.
1495 3588 1617 3634 1577.
