2222 4030
1635 149 1744 183 »κ
1848 138 1857 144 ἢ

1722 190 1777 225 A·
1789 190 1842 226 U.
1866 191 1947 227 788.
1963 192 2046 231 780,

1723 234 1776 268 A.
1795 233 1841 270 C.
1888 236 1948 270 35.
1986 237 2045 271 36.

268 195 393 254 420
945 157 1458 250 AN-NALIUM

277 326 384 382 diu
416 323 645 379 nescius
677 340 816 377 mox
848 340 1088 397 quoquo
1112 322 1290 376 modo
1319 321 1475 377 dicta
1496 322 1728 396 vulgari
1748 325 2009 390 malebat
2026 346 2133 383 ve-

279 409 610 484 ritatisque,
655 406 752 462 cui
773 406 1035 465 adulatio
1061 406 1270 474 officit,
1315 426 1422 480 per
1446 407 1663 480 probra
1689 410 1893 466 saltem
1916 430 2133 483 gnarus

280 495 423 552 fieri.
524 491 744 549 Iisdem
779 491 998 547 ‚diebus
1039 489 1302 546 Granius
1335 489 1671 548 Martianus
1713 506 1949 551 senator
1995 516 2028 551 a
2065 493 2135 555 C.

282 574 552 636 Graccho
574 576 892 632 maiestatis
913 575 1240 651 postulatus
1261 576 1383 630 vim
1406 575 1561 632 vitae
1584 597 1721 634 suae
1745 580 1963 636 attulit:
2011 578 2135 636 Ta-

277 666 514 740 tiusque
531 660 853 733 Gratianus
876 671 1148 736 praetura
1171 661 1408 718 functus
1434 661 1558 735 lege
1584 664 1787 722 eadem
1813 675 2134 721 extremum

279 751 354 806 ad
383 747 740 822 supplicium
763 748 1092 803 damnatUS.
2183 783 2193 795 2

449 830 742 892 XXXIX..
775 830 896 889 Nec
921 830 1182 903 dispares
1198 827 1565 887 Trebellieni
1579 830 1721 890 Rufi
1745 845 1801 891 et
1823 833 2008 892 Sextii
2019 832 2136 891 Pa-

279 918 516 977 coniani
542 918 744 976 exitus,
803 913 1384 980 namerebellienus
1409 935 1512 972 sua
1536 937 1720 973 manu
1744 919 1979 988 cecidit,
2017 915 2137 976 Pa-

281 1005 566 1072 conianus
598 1003 665 1062 in
701 1020 928 1058 carcere
959 1001 1036 1057 ob
1073 1000 1335 1055 carmina
1354 1000 1492 1056 'illic
1527 1001 1592 1056 in
1614 1002 1944 1078 principem
1966 1004 2138 1060 facti-

278 1103 398 1148 tata
429 1087 822 1161 strangulatus
850 1098 952 1144 est.
1038 1083 1200 1141 Haec
1225 1082 1506 1142 Tiberius
1541 1107 1667 1143 non
1701 1089 1853 1144 mari
1886 1099 1954 1144 ut
1990 1089 2138 1145 olim

280 1176 506 1233 divisus
529 1191 717 1248 neque
740 1191 846 1245 per
867 1170 1228 1246 longinquos
1251 1171 1494 1227 nuntios
1518 1173 1865 1247 accipiebat,
1905 1174 2007 1229 sed
2034 1194 2139 1230 ur-

279 1262 415 1318 bem
439 1248 626 1325 iuxta,
657 1257 865 1312 eodem
888 1267 956 1313 ut
978 1256 1073 1311 die
1095 1255 1191 1311 vel
1211 1255 1401 1311 noctis
1423 1257 1736 1314 interiectu
1759 1258 1970 1315 litteris
1997 1279 2140 1315 con-

282 1347 479 1402 sulum
503 1342 879 1411 rescriberet,
931 1341 1100 1417 quasi
1126 1341 1414 1415 aspiciens
1437 1340 1796 1399 undantem
1791 1364 1899 1440 per
1929 1344 2139 1400 domos

281 1430 629 1503 sanguinem
662 1439 763 1483 aut
794 1429 1006 1482 manus
1035 1426 1394 1486 carnificum.
1480 1425 1629 1484 Fine
1666 1428 1811 1484 anni
1831 1427 2141 1526 Poppaeus

281 1515 539 1574 Sabinus
593 1512 876 1570 concessit
921 1512 1072 1581 vita,
1135 1511 1405 1570 modicus
1461 1513 1740 1586 originiS,
1803 1514 2143 1611 principum
2201 1514 2207 1525 '

218 1604 219 1612 ³
281 1599 539 1656 amicitia
568 1598 937 1655 consulatum
963 1618 1028 1654 ac
1051 1593 1411 1672 triumphale
1435 1599 1612 1654 decus
1637 1599 1911 1674 adethS,
1954 1599 2143 1655 maxi-

281 1686 510 1761 misque
538 1683 862 1758 provinciis
887 1703 1010 1780 per·
1020 1694 1300 1771 quattuor
1331 1694 1387 1740 et
1420 1683 1635 1756 viginti
1671 1704 1859 1740 annos
1898 1684 2143 1759 imposi-

281 1782 411 1839 tUS,
461 1770 691 1826 nullam
726 1769 802 1825 ob
839 1768 1112 1824 eximiam
1147 1779 1362 1838 artem,
1417 1770 1520 1824 sed
1554 1770 1716 1845 quod
1753 1789 1862 1844 par
1891 1769 2142 1843 negotiis

270 1875 480 1932 ‘neque
503 1874 679 1930 supra
708 1865 848 1912 erat.

454 1938 579 1998 XL.
640 1937 714 2010 Q.
748 1937 1047 2009 Plautum,

1111 1938 1243 1999 Sex.
1276 1937 1563 2014 Papinius
1603 1959 1747 1999 coss,
1800 1950 2146 2017 sequuntur.

283 2023 374 2084 Eo
408 2046 598 2094 annO,

642 2017 880 2101 *neque
907 2025 1070 2100 quod
1090 2022 1161 2084 L.
1174 2020 1462 2082 Aruseius
1482 2036 1672 2082 morte
1697 2025 1912 2082 adfecti
1935 2025 2148 2095 forent,

343 2220 528 2262 quoquo
570 2207 727 2245 modo.
794 2203 895 2246 -Sie
934 2203 1036 2248 cod.
1076 2203 1182 2248 MS.

1314 2205 1598 2258 triumphale
1620 2206 1772 2246 decus.
1833 2200 1898 2247 cf.
1916 2203 1959 2252 4,
1981 2202 2056 2247 46.

1314 2262 1637 2317 maximisque
1675 2262 1940 2315 provinciis.
2017 2259 2150 2303 Moe-

1255 2320 1344 2364 siae
1372 2322 1408 2371 1,
1430 2320 1502 2362 80.
1566 2318 1862 2363 Macedoniae
1895 2327 1938 2361 et
1960 2317 2151 2361 Achaiae

343 2384 548 2419 senator.
610 2374 670 2421 cf,
696 2383 790 2417 not.
821 2374 875 2417 ad
899 2373 941 2422 3,
965 2373 1036 2417 36.

347 2434 613 2487 Tatiusque.
689 2431 766 2474 Sic
801 2430 902 2473 edd.
939 2432 1044 2474 Ber.
1082 2446 1182 2487 sqq.

288 2492 553 2557 Tariusque
580 2488 681 2532 cod.
705 2487 806 2531 MS.
830 2496 930 2531 test.
955 2488 1041 2532 Iac.
1068 2487 1184 2530 Gro-

289 2564 442 2592 novio.

349 2605 463 2648 CAP.
494 2603 564 2647 39.
615 2602 898 2646 Trebelliani
936 2602 1065 2658 Rufi.
1128 2601 1187 2645 cf.

286 2666 327 2716 2,
354 2664 424 2706 67.
457 2660 498 2713 3,
520 2661 592 2703 38.

346 2723 482 2766 Sext.
513 2718 784 2761 Paconiani.
844 2718 904 2762 cf.
935 2733 1059 2775 supr.
1099 2733 1138 2760 c.
1161 2716 1188 2760 3

291 2786 333 2821 et
355 2780 398 2820 4.

353 2837 514 2878 urbem
546 2835 698 2875 iuxta.
760 2831 849 2876 Dio
886 2832 953 2883 58,
978 2825 1048 2874 24
1084 2835 1193 2888 πεοί

293 2909 339 2936 τε
361 2892 412 2937 τὸ
428 2889 652 2947 Αλβανὸν
670 2891 747 2933 καὶ
767 2891 871 2951 περὶ
889 2889 941 2934 τὸ
960 2870 1190 2934 Τούσκου-

294 2953 377 2995 λον
402 2951 664 3007 διατρίβων.

297 3021 670 3110 edZ?“'f¹;{{3;²1'21'.²‘
660 3006 828 3107 fiffln.
864 3004 1077 3106 {22:²12ss
1088 3003 1191 3104 lx1318-

293 3126 446 3170 chena.
505 3122 619 3164 Nam
644 3121 742 3164 edd.
757 3121 1070 3177 Rhenan.sqq.
1091 3136 1190 3161 ma-

290 3198 425 3224 num.

351 3239 601 3293 Poppaeus
641 3236 860 3281 Sabmus.
935 3233 994 3277 cf.
1040 3236 1076 3285 1,
1117 3236 1188 3277 80.

291 3296 333 3348 4,
366 3296 437 3337 46.
478 3296 517 3345 5,
552 3297 619 3336 10.
689 3292 781 3334 Dio
817 3291 885 3344 58,
915 3292 984 3334 25.
1025 3289 1190 3347 ἥδιστα

293 3330 635 3420 προαπηλλάγη
661 3353 771 3408 πρίν
796 3364 898 3392 τινα
925 3353 1079 3393 αἰτίαν
1101 3353 1189 3392 λα-

294 3416 406 3468 βεῖν.
468 3411 571 3453 Non
604 3388 740 3466 igitur
774 3424 851 3451 sua
882 3417 1069 3464 sponte,
1109 3409 1186 3451 sed

294 3468 483 3512 naturali
522 3475 668 3510 morte
705 3467 939 3508 concessit.
1009 3465 1184 3524 Lipsius

292 3527 491 3570 Dionem
514 3525 628 3567 male
653 3522 937 3567 intellexerat.

1255 2378 1458 2488 5'tigque
1483 2448 1632 2486 supra
1663 2441 1783 2476 erat.
1843 2434 2004 2490 Neque
2029 2433 2149 2476 enim

1258 2491 1497 2556 eminentis
1524 2490 1713 2533 virtutes
1737 2492 1991 2534 sectabatur
2010 2490 2148 2534 Tibe-

1258 2548 1367 2590 rius.
1429 2547 1488 2589 cf.
1511 2548 1550 2594 l,
1569 2546 1640 2588 80.

1316 2604 1429 2647 CAP.
1451 2603 1523 2647 40.
1570 2603 1626 2661 Q.
1655 2602 1884 2647 Plautms.
1944 2604 2021 2648 Sic
2050 2605 2152 2651 edd.

1259 2660 1461 2704 Rhenan.
1506 2676 1604 2717 sqq.
1680 2660 1899 2717 Quintius
1936 2662 2007 2705 Pl.
2047 2661 2152 2710 edd.

1259 2718 1467 2762 Beroald.
1493 2717 1590 2760 Ale.
1615 2718 1738 2775 quod
1764 2719 1935 2764 Victor.
1960 2720 2061 2764 ins.
2089 2735 2153 2761 ex.

1261 2792 1381 2822 corr.
1406 2776 1454 2818 in
1479 2774 1534 2833 Q.

1319 2849 1371 2875 eo
1396 2847 1552 2883 anno,
1593 2831 1776 2888 *neque
1798 2837 1923 2890 quod
1944 2835 1999 2877 L.
2022 2836 2150 2878 Aru-

1261 2893 1406 2933 seius.
1467 2890 1544 2933 Sic
1564 2889 1665 2932 libri
1688 2899 1794 2934 vett.
1808 2893 2037 2936 Lacunam
2058 2909 2152 2936 esse

1260 2948 1379 2991 inter
1412 2962 1538 2989 anno
1571 2956 1614 2990 et
1643 2962 1787 3003 neque
1816 2949 2002 3006 plu1imi
2034 2965 2153 2994 con-

1261 3006 1474 3048 sentiunt.
1545 3003 1664 3048 Hinc
1691 3006 1954 3050 Vertranius
1989 3024 2066 3065 exp
2070 3008 2152 3052 let.

1261 3078 1314 3105 eo
1356 3077 1488 3104 anno
1526 3077 1672 3117 neque
1714 3067 1837 3118 quod
1877 3065 1966 3106 ahi
2005 3081 2153 3122 neque

1262 3124 1384 3176 quod
1422 3119 1477 3162 L.
1508 3120 1759 3170 ArusezQus
1798 3123 1980 3165 nemine
2020 3124 2149 3180 plau-

1263 3179 1408 3220 dente.
1490 3176 1672 3220 Rectius
1723 3179 1795 3222 alii
1843 3179 2154 3224 damnatorum

1261 3235 1447 3278 nomina
1484 3234 1701 3292 quaedam
1733 3235 1939 3278 excidisse
1977 3247 2150 3295 putant.

1261 3291 1376 3335 Sunt
1404 3292 1533 3335 etiam
1565 3293 1640 3346 qui
1675 3308 1767 3334 non
1804 3293 1857 3336 de
1888 3292 2047 3337 lacuna
2074 3313 2148 3339 ex-

1260 3350 1421 3408 plenda
1445 3365 1578 3406 quarn
1601 3349 1746 3405 potius
1769 3350 1823 3392 de
1845 3351 2148 3406 emendandis,

1259 3423 1372 3463 quae
1392 3407 1573 3457 adsunt,
1600 3407 1748 3451 verbis
1769 3408 1979 3464 cogitent.
2023 3407 2055 3451 I.
2071 3410 2146 3454 Fr.

1258 3463 1545 3509 Gronovius·
1596 3478 1648 3504 eo
1681 3478 1813 3506 anno
1845 3480 1994 3521 neque
2026 3472 2149 3522 quod

1256 3523 1309 3566 L.
1335 3521 1525 3566 Aruseii
1555 3522 1699 3579 (pater
1720 3530 1762 3564 et
1786 3521 1919 3578 filius)
1949 3540 2010 3567 m.
2031 3541 2076 3568 α.
2095 3526 2143 3581 f
