2222 4030
226 225 307 288 14

814 228 829 274 .’
899 218 1410 282 ‘ANNALIUM

1771 218 1823 254 Α.
1842 216 1894 255 U.
1910 217 1990 252 767.

1772 261 1892 298 AeC.
1934 262 1993 295 14.

214 352 527 434 principiS‚
569 368 690 407 neu
718 350 1005 409 tristiores
1038 350 1396 428 primordio,
1442 351 1740 424 lacrimaS,
1781 355 2082 428 gaudium,

215 452 481 519 questUS,
525 435 926 494 adulationem
948 436 1292 496 miscebant.
1346 479 1348 482 -
1378 436 1507 496 Sex.
1531 435 1851 514 Pompeias
1879 451 1934 496 et
1949 439 2082 497 Sex.

213 523 547 604 Appuleius
589 541 731 583 coss,
773 523 954 599 primi
1004 523 1071 579 in
1108 523 1291 578 verba
1328 520 1563 579 Tiberii
1599 520 1864 581 Caesaris
1918 525 2082 580 iura-

246 689 513 736 tristiores.
542 687 714 738 iticod.
762 687 866 732 MS.
917 696 962 731 et
1007 687 1111 730 edd.

212 737 432 791 Beroald.
459 745 615 789 Rhen.-
643 745 840 803 aliaeque
877 753 985 791 vett..
1023 744 1114 786 tri-

212 806 341 849 stior.
403 801 493 846 Sed
524 803 628 862 quia
657 816 785 846 num.
816 803 928 863 sing.
954 803 1002 844 in
1024 802 1112 844 tri-

214 863 330 907 stior
356 861 533 919 ineptus
558 876 651 904 esse
676 861 938 911 videbatur,
966 860 1114 902 Bero-

215 919 304 978 ald.
342 919 432 962 iam
476 916 795 985 corrigendum
829 918 1113 961 existimave-

215 984 285 1021 rat
311 976 564 1027 tristiores,
604 975 740 1032 idque
765 991 973 1033 recepere
994 974 1114 1031 Lips.

215 1050 317 1102 sqq.
368 1033 559 1077 editores
609 1032 810 1075 u'nanimi
875 1048 1116 1083 consensu,

212 1093 301 1142 nist
336 1092 458 1149 q'uod
485 1090 702 1133 Rhenano
741 1099 980 1148 praeeunte
1019 1090 1110 1133 lae.

214 1148 477 1193 Gronovius
510 1147 750 1206 sumpserit
786 1143 1112 1190 defendendam

211 1200 337 1258 MSti
366 1206 607 1250 lectionem
634 1220 824 1262 eamque
857 1204 1114 1256 restituerit,

212 1264 491 1322 adprobante
516 1261 674 1305 Cortio
717 1262 771 1305 ad
798 1262 976 1305 Sallust.
1010 1261 1110 1305 Cat.

214 1331 256 1365 c.
291 1323 385 1372 10.‚
428 1319 771 1379 reprobantibus
807 1317 1110 1376 Wopkensio

211 1386 255 1422 et
278 1377 486 1421 Wolfio.
547 1376 765 1420 Fortassis
797 1386 949 1420 tamen
975 1375 1113 1420 Taci-

210 1446 282 1481 tus
337 1435 478 1480 voluit
539 1434 716 1485 dicere,
779 1434 951 1477 vultum
1011 1433 1112 1480 illos

211 1493 543 1551 composuisse,
577 1508 634 1534 ne
656 1491 757 1534 laeti
780 1507 956 1534 excessu
979 1492 1111 1549 prin-

210 1550 320 1609 cipis
362 1550 541 1594 vultum
579 1557 751 1601 essent,
797 1564 1111 1606 unumquem-

210 1624 300 1667 que
331 1615 482 1650 autem
522 1606 655 1650 simul
697 1622 882 1664 operam
923 1606 1109 1659 dedisse,

209 1682 266 1708 ne
305 1664 462 1708 ceteris
512 1663 685 1707 tristior
731 1664 1006 1722 primordie,
1059 1671 1108 1706 ut

207 1731 381 1767 vertas:
433 1723 586 1763 damit
617 1723 683 1763 sie
711 1724 837 1764 nicht
870 1723 1020 1763 heiter
1043 1723 1116 1763 bei

208 1783 319 1822 dem
348 1779 575 1833 IIingang
605 1781 688 1820 des
720 1779 952 1829 Fizrsten,
998 1782 1110 1821 oder

209 1838 334 1880 einer
355 1839 518 1880 treber
529 1837 649 1878 beim
663 1837 857 1880 Antritt.
914 1836 1110 1879 Facilior

207 1894 326 1939 haud
355 1894 488 1937 dubie
516 1903 582 1937 est
608 1903 785 1952 recepta
810 1894 1051 1951 scriptura.

266 1953 600 1994 adulationem.

207 2007 419 2053 Beroald.
434 2008 577 2051 Rhen.
594 2007 695 2050 Ald.
709 2011 995 2051 adulatione.
1048 2009 1109 2050 At

209 2067 363 2113 videre
384 2066 463 2109 viri
490 2065 636 2117 docti,
668 2066 990 2109 inconcinnam
1015 2081 1108 2108 esse

208 2125 325 2174 hanc
361 2123 621 2167 lectionem.
682 2122 799 2166 Nam
827 2124 928 2181 quia
962 2123 1110 2166 lacri-

210 2182 304 2225 mis
341 2181 589 2239 opponitur
623 2184 871 2234 gaudium.
925 2189 1110 2237 questus

210 2239 308 2283 non
355 2239 576 2282 debebant
614 2254 708 2280 esse
747 2239 842 2281 sine
881 2239 1106 2296 opposito.

208 2295 330 2339 Hinc
369 2296 580 2338 Muretus
626 2295 902 2339 coniecerat:
960 2296 1109 2337 lacri-

209 2356 316 2397 mas
365 2354 555 2408 gaudio,
609 2362 791 2408 questus
838 2354 1109 2396 adulatione

208 2412 483 2454 miscebant.
526 2409 757 2453 Ernestius
784 2411 999 2454 malebat:
1029 2412 1128 2453 la-'

208 2470 365 2512 crimis
407 2469 655 2522 gaudium,
709 2477 891 2523 questus
934 2471 1110 2511 adula-

210 2527 333 2569 tione
357 2541 419 2567 m.
480 2525 585 2568 Non
622 2527 789 2583 patitur
819 2526 963 2570 Taciti
1001 2542 1109 2569 usus

209 2583 439 2640 loquendi.
513 2582 630 2625 Nam
666 2583 778 2626 Hist.
813 2584 855 2639 3,
889 2582 961 2627 74.
1013 2600 1108 2626 non

207 2641 387 2684 scribit:
437 2641 597 2682 minas
639 2643 987 2684 adulationibus
1035 2640 1108 2684 vel

212 2697 353 2741 minis
373 2699 693 2749 adulationes,
721 2698 798 2742 sed
813 2700 968 2741 minas
985 2701 1107 2740 adu-

209 2756 496 2812 lationesque
521 2757 711 2798 mesech*
755 2757 845 2799 An.
870 2756 911 2808 3,
929 2757 999 2799 67.
1030 2757 1107 2798 in·-

208 2812 387 2854 vidiam
416 2821 460 2854 et
483 2827 641 2867 preces
668 2816 931 2863 miscuerat.
992 2813 1108 2856 Hist.

207 2871 251 2922 2,
266 2870 338 2912 70.
358 2870 520 2924 falsa,
552 2884 668 2913 vera
690 2880 774 2913 aut
797 2874 981 2915 maiora
999 2885 1109 2913 vero

209 2928 481 2970 miscebant.
549 2926 668 2971 Plin.
707 2929 928 2987 Panegyr.
968 2930 1034 2978 19,
1061 2927 1114 2971 3.

209 2987 542 3039 imperatorem
556 2988 1004 3044 commilitonemque
1018 2989 1108 3029 mi-

209 3056 437 3093 scueras„
494 3041 630 3084 Aliud
678 3051 742 3084 est
789 3044 901 3087 Hist.
943 3048 992 3098 4,
1031 3045 1102 3088 49.

205 3100 378 3155 gaudio
417 3099 778 3153 clamoribusque
814 3111 976 3145 cuncta
1012 3103 1108 3144 mi-

206 3158 417 3201 scebant.
475 3155 590 3198 Hist.
616 3155 658 3206 3,
681 3157 750 3200 72.
789 3168 954 3202 cuncta
985 3175 1107 3203 san-

209 3217 367 3268 guine,
385 3214 549 3267 serra,
565 3212 868 3271 flammisque
888 3219 1105 3261 miscent:

212 3272 287 3315 ubi
326 3272 517 3315 miscere
551 3271 769 3328 significat
804 3274 1104 3330 confundere,

211 3330 421 3372 turbare.
499 3328 665 3378 Melius
709 3328 907 3386 Lipsius:
961 3331 1104 3376 lacri÷

209 3401 340 3434 mas,
379 3387 626 3439 gaudium,
677 3395 882 3442 questus‘,
934 3393 1123 3439 adula-,

211 3445 359 3485 tiones
379 3459 443 3486 m.
490 3442 689 3486 cf.=Hist.
720 3442 762 3492 3,
788 3444 858 3493 74.
923 3446 1107 3505 Optime

209 3499 447 3555 Heinsius}
474 3501 811 3557 adulationem.
869 3501 984 3546 Nam
1017 3507 1105 3562 pri-

209 3563 333 3600 mum
363 3556 504 3602 littera
535 3561 585 3602 m
618 3554 835 3603 facillime
857 3562 1003 3618 potuit
1032 3564 1104 3607 ab·

678 1952 791 1995 Cod.
845 1952 947 1994 MS.
1004 1950 1143 1994 edd.'

1183 685 1414 730 sorberi'a
1453 688 1590 731 verbo
1636 691 1839 747 sequenti
1876 691 2081 732 innume-

1183 760 1323 800 raque
1354 753 1457 788 sunt
1492 748 1687 804 exempla
1725 747 1924 791 eiusdem
1957 746 2084 798 vitii3

1184 798 1345 844 deinde
1370 805 1690 847 adulationem
1722 805 1769 847 in
1806 821 1934 848 num.
1969 804 2080 861 sing.

1183 858 1328 915 aptius
1383 861 1625 917 respondet
1682 863 1900 906 vocabulo
1959 878 2079 916 gau—

1183 917 1343 966 dium;
1383 916 1574 974 denique
1608 918 1681 962 hic
1708 937 1856 963 sermo
1896 920 2083 963 debebat

1186 989 1279 1016 esse
1317 972 1372 1015 de
1407 976 1682 1017 adulatione
1724 978 1770 1019 in
1811 977 2082 1027 universum,

1186 1045 1281 1072 non
1319 1030 1374 1072 de
1409 1033 1753 1076 adulationibus
1781 1033 1824 1076 h.
1853 1051 1892 1076 e.
1923 1035 2083 1078 adula-

1185 1087 1320 1130 tionis
1357 1087 1578 1131 formulis.
1651 1090 1744 1134 Iam
1779 1100 1962 1148 questus
2001 1106 2083 1132 ac·

1185 1143 1284 1201 cipe
1313 1160 1414 1193 eos,
1448 1147 1547 1203 quis
1569 1157 1771 1205 ereptum
1799 1148 1964 1194 civitati
1984 1149 2085 1191 Au-

1185 1209 1364 1257 gustum
1418 1202 1796 1258 lamentarentur;
1856 1207 2084 1250 adulatio-

1183 1275 1286 1301 nem
1335 1277 1470 1313 vero,
1525 1278 1612 1318 qua
1655 1264 1914 1307 extollerent
1957 1281 2082 1324 spem

1184 1317 1376 1361 civitatis
1411 1318 1459 1361 in
1495 1317 1678 1362 Tiberio
1717 1322 1926 1378 positam.
2006 1321 2082 1364 Sic

1185 1376 1339 1418 omnia
1388 1377 1503 1419 bene
1548 1376 1788 1421 cohaerent
1836 1388 1969 1435 atque
2006 1380 2083 1422 in-

1182 1433 1330 1476 vicem
1372 1434 1454 1476 sibi
1500 1451 1570 1477 res
1605 1435 1789 1479 ondent.
1872 1436 2080 1480 Consen-

1181 1489 1299 1532 tiunt
1348 1507 1529 1534 mecum
1594 1509 1616 1534 e
1654 1491 1827 1536 Heinsii
1865 1494 2083 1537 emenda-

1182 1547 1304 1590 tione
1344 1549 1597 1607 recipienda
1624 1547 1839 1594 Wolfius
1870 1561 1912 1595 et
1938 1553 2083 1595 Herr-

1181 1621 1374 1647 mannus
1416 1607 1464 1649 in
1517 1607 1635 1650 notis
1677 1608 1733 1651 ad
1779 1609 1823 1652 h.
1876 1609 1903 1656 l,
1959 1609 2082 1653 Bek-

1181 1660 1314 1705 kerus
1370 1664 1527 1706 maluit
1576 1665 1715 1723 Lipsii
1765 1668 2083 1720 adulationes,

1184 1719 1506 1764 Liiuemannus
1538 1723 1757 1781 vulgatam
1795 1727 2081 1778 adulatione,

1183 1793 1296 1843 quae
1336 1787 1486 1821 tamen
1522 1796 1680 1823 manea
1716 1790 1781 1824 est
1815 1799 2082 1842 semperque

1182 1842 1290 1882 erit,
1322 1852 1642 1894 quamcunque
1666 1838 2081 1897 interpretationem

1179 1891 1316 1935 ineas.
1397 1893 1512 1938 Nam
1552 1897 1779 1938 lacrimae
1815 1897 1877 1940 uti
1920 1897 2083 1943 habent

1177 1951 1435 2006 gaudium,
1475 1953 1533 1995 ita
1561 1962 1746 2009 questus
1769 1965 1964 2010 poscunt
1990 1973 2079 2002 vo—

1182 2008 1392 2050 cabulum
1412 2042 1423 2059 ,
1455 2009 1527 2052 eui
1556 2021 1858 2067 opponantur.

1240 2069 1505 2120 Appuleius.
1568 2068 1681 2110 Edd.
1713 2076 1817 2111 vett.
1838 2070 2076 2123 Apuleius.

1180 2119 1270 2165 Sed
1296 2123 1354 2167 cf.
1372 2124 1641 2168 Ramshorn.
1665 2125 1745 2168 Gr.
1778 2129 1821 2181 §.
1843 2128 1910 2169 15.
1943 2144 1987 2186 p.
2007 2129 2078 2173 18.

1239 2181 1288 2223 in
1323 2183 1466 2223 verba
1498 2183 1670 2225 Tiberii
1700 2183 1914 2228 Caesaris
1946 2189 2080 2228 iura-

1180 2247 1307 2282 vere.
1380 2239 1443 2281 In
1486 2241 1678 2283 alicuius
1730 2243 1875 2285 verba
1917 2244 2079 2287 iurare

1181 2311 1269 2341 vox
1291 2305 1354 2339 est
1381 2313 1527 2356 neque
1553 2297 1734 2356 propria
1763 2299 2077 2355 gladiatorum,

1181 2353 1247 2396 uti
1287 2354 1517 2406 Muretus,
1564 2373 1708 2414 neque
1747 2357 1977 2410 militum,
2027 2367 2078 2402 ut

1182 2420 1335 2454 censet
1358 2411 1392 2454 Ι.
1416 2412 1492 2456 Fr.
1524 2412 1805 2465 G1·0n0vius;
1835 2415 1975 2458 immo
2006 2433 2078 2460 so·

1181 2467 1341 2511 Iemnis
1391 2479 1456 2513 est
1504 2471 1558 2514 de
1602 2472 1764 2527 quovis
1810 2472 2078 2526 iuramento,

1182 2527 1306 2582 quod
1343 2526 1392 2570 fit
1430 2528 1475 2570 in
1515 2529 1766 2588 praeeuntis
1799 2531 1961 2581 verba,
2005 2532 2078 2578 vel

1180 2598 1272 2639 quo
1312 2585 1412 2642 quis
1453 2586 1748 2642 obstringitur
1794 2587 1941 2631 alicui.
2013 2588 2075 2634 cf.

1182 2640 1317 2684 ovid.
1345 2642 1441 2686 Art.
1464 2660 1550 2686 am.
1583 2645 1624 2694 1,
1648 2643 1748 2686 687.
1794 2644 1918 2686 Flor.
1944 2645 1984 2696 3,
2005 2645 2074 2690 16.

1179 2698 1560 2755 Frequentissima
1583 2717 1687 2743 sane
1715 2709 1779 2744 est
1802 2702 1998 2746 formula
2020 2705 2075 2747 de

1179 2755 1394 2799 militibus
1432 2757 1535 2801 duci
1570 2757 1819 2801 iurantibus
1846 2775 1891 2802 se
1917 2760 1963 2802 in
1990 2761 2076 2804 fide

1180 2829 1434 2858 mansuros.
1499 2814 1557 2857 cf.
1592 2814 1689 2858 Liv.
1721 2816 1791 2867 22,
1816 2815 1888 2860 38.
1935 2818 1975 2866 2,
2001 2817 2072 2862 45.

1180 2878 1223 2913 et
1247 2870 1365 2914 alibi.
1427 2872 1540 2915 Vell.
1569 2873 1611 2923 2,
1636 2872 1708 2917 20.
1787 2874 1904 2918 Hinc
1939 2876 2072 2919 etiam

1179 2927 1298 2972 valet
1323 2929 1377 2970 de
1403 2929 1498 2972 iure
1524 2930 1739 2982 iurando,
1771 2948 1862 2990 quo
1890 2932 1994 2975 inde
2019 2935 2073 2977 ab

1180 2985 1283 3028 Iulii
1327 2985 1523 3029 Caesaris
1560 2988 1750 3045 imperio
1793 2989 1945 3032 cuncti
1991 3005 2074 3047 pro

1178 3043 1318 3087 salute
1352 3045 1484 3086 uni-us
1523 3061 1569 3087 se
1610 3046 1950 3102 obstringerent.
2014 3047 2073 3093 ef.

1179 3099 1304 3144 Suet.
1333 3100 1416 3142 Iul.
1446 3118 1485 3144 c.
1512 3101 1582 3143 84.
1647 3103 1841 3160 Appian.
1864 3103 2004 3150 B.-C.
2033 3106 2074 3156 Ξ,

1179 3157 1279 3210 124.
1321 3157 1417 3200 145.
1478 3158 1570 3202 Dio
1598 3159 1666 3211 53,
1694 3162 1767 3203 20.
1836 3160 1931 3204 Iam
1966 3179 2075 3207 vero

1177 3215 1385 3266 Tiberius
1412 3217 1642 3272 quomodo
1666 3217 1810 3276 potuit
1835 3219 1901 3263 ius
1925 3219 2074 3263 iuran-

1179 3273 1287 3315 dum
1329 3272 1436 3315 illud
1477 3274 1710 3317 admittere
1739 3285 1781 3318 et
1810 3283 1956 3319 tamen
1982 3293 2074 3320 am·

1178 3330 1338 3388 biguus
1387 3330 1522 3373 videri
1566 3332 1848 3390 imperandi?
1921 3334 2075 3376 Potuit

1178 3404 1258 3446 per
1308 3396 1572 3445 potestatem
1618 3390 1932 3442 tribuniciam,
1987 3407 2073 3447 qua

1180 3453 1272 3488 erat
1308 3446 1545 3502 praeditus.
1627 3447 1742 3489 Nam
1782 3448 1948 3492 tribuni
1982 3449 2071 3505 ple·

1179 3504 1246 3546 bis
1284 3503 1527 3559 antiquitus
1555 3513 1679 3548 erant
1705 3504 1973 3550 sacrosancti
2003 3522 2071 3547 ve-

1177 3569 1291 3605 tere*
1312 3560 1407 3603 iure
1434 3561 1622 3605 iurando
1651 3560 1808 3620 plebis.
1869 3561 1928 3607 cf.
1969 3562 2066 3608 Liv.
