2222 4030
1823 225 1940 265 Am.
1960 225 2040 263 707.

1822 274 1874 306 A.
1893 269 1940 306 C.
1980 271 2038 306 14.

271 233 353 291 62
927 225 1459 288 ‘ANNALIUM

437 354 718 417 XXXVI.
810 354 1225 416 Consultatum
1278 358 1363 414 ibi
1406 359 1478 414 de
1521 359 1811 422 remedia*

265 445 654 513 ⁴nuntiabatur
683 443 879 519 parari
898 445 1145 517 legat05‚
1186 444 1290 521 qui
1313 443 1674 518 superiorem
1704 445 2017 508 exercitum
2050 449 2127 504 ad

271 549 506 588 causam
539 530 782 584 eandem
822 524 1149 586 traherent:
1194 529 1550 584 destinatum
1582 529 1806 586 excidio
1831 528 2124 588 Ubiorum

271 615 585 690 oppidum:
654 613 1025 690 imbutasque
1079 613 1296 687 praeda
1349 633 1561 669 manus
1612 614 1677 669 in
1735 615 2126 689 direptionem

272 699 607 758 Galliarum
633 709 957 773 erupturas.
1044 692 1315 769 Augebat
1342 710 1564 755 metum
1586 718 1800 772 gnarus
1820 697 2127 758 Romanae

1908 363 2125 418 etenim
2184 383 2188 394 f

270 783 577 842 seditionis
601 794 685 853 et,
729 783 779 838 si
801 783 1170 840 omitteretur
1192 782 1348 857 ripa,
1391 782 1702 840 invasurus
1730 780 1940 841 hostis:
1988 797 2046 842 at
2078 787 2130 842 si
2211 772 2213 774 V

269 869 488 928 auxilia
524 881 580 927 et
616 868 759 924 socii
791 868 1102 923 adversum
1137 867 1497 924 abscedentis
1531 868 1791 942 legiones
1827 891 2131 927 armaren-

270 967 394 1025 tur,
450 954 621 1012 civile
653 953 877 1009 bellum
913 950 1147 1026 suscipi.
1243 951 1573 1028 periculosa
1609 955 1908 1025 severitaS‚
1960 957 2130 1029 flagi-

272 1040 419 1098 tiosa
438 1038 698 1112 largitio:
745 1056 846 1092 seu
866 1032 1021 1092 nihil
1047 1036 1225 1092 militi
1256 1036 1377 1092 sive
1403 1038 1601 1093 omnia
1623 1040 2034 1109 concedentur,
2062 1042 2129 1097 in

205 1156 209 1160 ·
250 1124 516 1199 ancipiti
545 1142 636 1180 res
667 1122 924 1196 publica.
1010 1119 1198 1194 Igitur
1223 1121 1502 1179 volutatis
1529 1122 1684 1179 inter
1709 1142 1769 1179 se
1799 1119 2131 1182 rationibus

248 1210 582 1286 placitum,
647 1217 715 1264 ut
765 1205 1044 1280 epistolae
1094 1207 1347 1263 nomine.
1379 1206 1666 1283 principis
1710 1209 2130 1293 scriberentur:
2180 1278 2184 1283 .

270 1294 612 1351 missionem
633 1291 762 1346 dari
784 1291 989 1347 vicena
1015 1291 1307 1366 stipendia
1324 1292 1576 1348 meritis:
1615 1295 1994 1364 exauctorari,
2028 1295 2133 1371 qui

248 1379 565 1445 ,senadena
589 1376 886 1446 fecissent,
931 1397 995 1432 ac
1021 1377 1263 1446 retineri
1286 1378 1394 1434 sub
1416 1378 1630 1434 vexillo
1660 1390 1986 1436 ceterorum
2019 1379 2134 1434 im-

269 1484 476 1521 munes
505 1461 623 1517 nisi
651 1461 1043 1536 propulsandi
1078 1458 1287 1520 hostis:
1342 1463 1558 1535 legata,
1603 1483 1751 1540 quae
1785 1465 2151 1539 petiverant:

273 1548 494 1606 exsolvi
524 1546 951 1625 duplicarique.

437 1643 751 1706 XXXVII.
839 1643 1036 1704 Sensit
1059 1647 1228 1703 miles
1249 1647 1315 1702 in
1335 1658 1566 1723 tempus
1589 1647 1830 1704 conficta
1848 1693 1864 1717 ‚
1908 1624 2135 1734 statimss

271 1753 386 1810 que
421 1730 724 1806 flagitavit.
809 1731 1012 1788 missio
1046 1753 1153 1808 per
1187 1733 1457 1803 tribunos
1488 1743 1846 1789 maturatur:
1900 1733 2134 1807 largitio

271 1818 656 1876 differebatur
686 1815 752 1873 in
784 1811 1037 1874 hiberna
1064 1818 1364 1895 cuiusque.
1451 1816 1588 1874 Non
1611 1819 1934 1874 abscessere
1959 1819 2136 1895 quin-

248 2018 249 2022 ’
266 2010 464 2067 propius
485 2009 682 2065 intellige
704 2006 795 2065 ὤν,
832 2011 881 2050 in
902 2012 990 2052 der
1009 2011 1171 2060 Nc'ihe5

271 2084 374 2126 opp.
401 2075 592 2110 extrema
618 2082 718 2123 pars
743 2068 995 2111 concionis.
1057 2067 1170 2110 Nam

270 2134 322 2169 ut
352 2124 665 2174 hortarentur,
706 2139 797 2166 non
831 2139 943 2181 opus
970 2132 1063 2168 erat
1092 2141 1168 2168 ac-

270 2198 423 2233 cessu,
455 2197 616 2226 verum
640 2182 841 2232 incessu,
883 2190 932 2225 ut
953 2182 1166 2226 audiren-

271 2248 359 2283 tur.
403 2237 464 2283 cf.
492 2246 590 2281 not.
614 2238 668 2280 ad
695 2240 734 2290 2,
759 2238 830 2281 70.

328 2297 440 2340 CAP.
474 2295 546 2339 36.
635 2303 688 2337 at
723 2297 770 2338 si
806 2297 1011 2340 auxilia.
1092 2295 1170 2340 Sic

264 2354 487 2397 ›edd.Be1·.
517 2352 721 2396 Rhenan.
743 2368 839 2411 sqq.
863 2362 904 2396 et
930 2354 1036 2397 inde
1057 2353 1168 2410 Bro-

270 2421 353 2455 ter.
384 2410 547 2455 Wolf.
578 2426 675 2469 sqq.
747 2410 862 2454 Edd.
900 2411 1028 2455 Pich.
1071 2427 1170 2470 sqq.

271 2484 328 2512 ac
347 2470 395 2510 si
417 2479 463 2512 a.

329 2526 430 2568 sive
459 2525 636 2568 omnia.
718 2524 796 2568 Sic
827 2526 1047 2569 *suadente
1081 2524 1169 2568 lac.

272 2581 512 2626 Gronovio
543 2580 707 2625 Wolf.
737 2598 836 2640 sqq.
915 2583 1029 2626 Nam
1066 2581 1169 2625 cod.

222 2678 227 2682 ,
270 2639 374 2683 MS.
397 2641 492 2682 sibi
514 2640 695 2691 omnia,
726 2641 897 2696 vulgari
924 2641 1171 2683 litterarum

272 2699 300 2739 b
324 2706 366 2740 et
386 2713 412 2739 υ
433 2697 778 2755 permutatione.
822 2698 937 2740 Edd.
962 2696 1171 2739 Beroald.

271 2754 476 2798 Rhenan.
506 2770 608 2822 sqq.
642 2754 856 2798 dederant
884 2769 965 2798 seu
997 2756 1172 2796 omnia.

275 2812 490 2855 Similiter
509 2827 609 2855 slve
634 2835 691 2844 -
724 2826 807 2854 seu
839 2837 894 2846 —-
926 2812 1014 2856 An.
1040 2813 1078 2862 1,
1106 2812 1174 2852 10.

276 2870 342 2920 12,
365 2870 404 2911 8.
466 2867 622 2912 Germ.
645 2885 684 2912 c.
706 2868 777 2911 34.
809 2884 891 2912 seu
918 2893 976 2902 —
1002 2871 1096 2913 sive
1116 2894 1176 2903 -·

274 2925 362 2969 An.
401 2927 439 2974 l,
469 2926 540 2970 60.
609 2927 703 2972 Seu
734 2942 828 2969 non
864 2928 1050 2986 ponitur
1074 2933 1175 2968 ante

274 2981 491 3025 vocalem.

333 3043 656 3083 concedentur.
724 3040 801 3084 Sic
832 3042 934 3085 cod.
966 3040 1067 3084 MS.
1104 3038 1174 3082 ed.

277 3096 483 3139 Beroald.
514 3101 882 3140 concederentur
918 3098 1018 3141 edd.
1058 3096 1174 3139 Rhe·

276 3169 382 3197 nan.
409 3168 505 3212 sqq.
564 3154 701 3196 Male.
760 3155 920 3198 Nullus
951 3155 1071 3197 enim
1100 3153 1174 3196 hic

277 3209 319 3253 ei
338 3209 514 3253 formae
536 3209 663 3253 locus
686 3220 771 3262 est,
804 3213 890 3255 nisi
919 3227 1024 3256 cum
1043 3209 1180 3272 Hein7

276 3267 344 3311 sio
406 3267 524 3325 legas
572 3268 894 3321 periculosam
942 3269 1177 3311 severita-

276 3333 371 3367 tem
397 3357 408 3368 .
432 3357 444 3367 .
465 3356 476 3368 .
505 3338 608 3366 rem
629 3326 881 3379 publicam.
953 3327 1014 3369 At
1045 3325 1177 3368 desiit

277 3381 424 3424 oratio
467 3381 649 3438 obliqua
688 3398 791 3425 cum
825 3384 960 3426 verbo
986 3382 1176 3436 suscipi.

276 3439 516 3495 Sequentia
546 3454 569 3479 e
600 3447 720 3481 recta
757 3440 990 3496 scriptoris
1022 3454 1173 3482 narra-

275 3496 399 3539 tione
432 3495 690 3553 accipienda
724 3505 829 3539 sunt
860 3497 947 3538 ita:
987 3497 1176 3549 pericu-

275 3556 379 3596 losa
411 3554 663 3603 seueritas,
690 3552 945 3610 flagitiosa
978 3554 1174 3607 largitio

1243 2025 1305 2052 sc.
1329 2017 1394 2052 est
1416 2008 1765 2052 deliberantibus
1780 2041 1791 2058 ,
1812 2008 1854 2051 h.
1871 2024 1907 2051 e.
1931 2008 2038 2052 dum
2060 2008 2134 2050 de-

1242 2067 1453 2117 liberant,
1483 2067 1738 2124 intelligunt
1759 2066 2053 2125 periculosam
2070 2082 2134 2108 se-

1242 2124 1501 2176 veritatem,
1545 2123 1812 2181 flagitiosam
1854 2123 2134 2182 largitionem

1243 2197 1354 2225 esse.
1415 2181 1491 2224 Sic
1513 2179 1656 2223 lector
1677 2182 1725 2223 in
1747 2181 1937 2224 mediam
1957 2180 2136 2224 consul·

1240 2240 1455 2282 tationem
1486 2238 1673 2295 rapitur.
1751 2237 1905 2296 Pergit
1945 2239 2139 2295 scriptor

1243 2297 1401 2339 eodem
1439 2305 1619 2340 tenore:
1665 2311 1750 2339 scu
1784 2296 1903 2338 nihil
1932 2327 1944 2338 .
1975 2328 1986 2339 .
2015 2325 2029 2339 .
2063 2308 2138 2338 rcs

1237 2355 1440 2408 publica.
1501 2353 1594 2395 lam
1621 2369 1727 2396 vero
1758 2354 1951 2395 formam
1977 2367 2139 2395 conce-

1242 2415 1469 2454 derentur
1517 2410 1564 2453 in
1610 2411 1693 2454 bac
1733 2411 1844 2454 serie
1890 2410 2000 2453 ferri
2039 2426 2135 2452 non

1242 2484 1372 2528 posse
1423 2467 1526 2511 satis
1587 2476 1726 2526 patet;
1800 2467 1934 2510 unice
1979 2483 2137 2510 verum

1241 2529 1578 2574 concedentur,
1643 2533 1693 2567 ut
1755 2525 1808 2568 de
1867 2541 1917 2567 re
1975 2524 2140 2576 futura,

1244 2599 1375 2638 quam
1421 2582 1567 2624 adhuc
1610 2582 1869 2625 deliberant.
1949 2582 2137 2624 Sensus:

1243 2641 1350 2683 dum
1385 2638 1654 2690 deliberant,
1696 2638 1954 2694 intelligunt
1983 2639 2030 2681 in
2062 2654 2137 2680 an·

1248 2696 1366 2754 cipiti
1399 2711 1496 2738 rem
1516 2696 1743 2754 publicam
1765 2695 1886 2746 sore,
1917 2711 1995 2738 seu
2027 2695 2138 2737 nihil

1246 2752 1379 2796 militi
1402 2752 1489 2795 sive
1511 2753 1660 2796 omnia
1682 2752 2006 2796 concedentur.
2075 2752 2139 2795 lta

1249 2812 1343 2855 Cic.
1375 2825 1458 2866 pro
1493 2810 1671 2854 Caecin.
1712 2826 1751 2853 c.
1788 2811 1853 2853 18.
1892 2809 2061 2852 Sermo
2095 2816 2139 2852 et

1234 2867 1508 2924 familiaris
1529 2874 1574 2909 et
1593 2867 1898 2923 quotidianus
1921 2882 2017 2909 non
2038 2881 2139 2909 eon-

1246 2926 1412 2974 stabit,
1451 2925 1494 2966 si
1517 2928 1660 2967 verba
1689 2925 1812 2966 inter
1839 2939 1927 2967 nos
1957 2940 2140 2967 aucu-

1241 2983 1529 3039 pabimur.

1303 3041 1351 3081 ιή
1369 3038 1567 3092 ancipiti
1584 3052 1661 3080 res
1676 3039 1873 3093 publica.
1932 3037 2008 3081 Sic
2038 3038 2140 3081 cod.

1245 3097 1346 3139 MS.
1367 3105 1408 3138 et
1429 3095 1531 3137 inde
1543 3095 1738 3138 Pichena
1751 3112 1850 3153 sqq.
1909 3094 2138 3140 Edd.Ber.

1244 3154 1386 3196 Rhen.
1402 3151 1654 3208 sqq.male:
1686 3154 1734 3194 z'n
1756 3153 1954 3207 ancipiti
1971 3153 2044 3195 Re
2059 3169 2110 3207 p.

1306 3209 1422 3253 CAP.
1457 3209 1526 3252 37.
1598 3210 1647 3252 in
1677 3210 1877 3251 hiberna
1910 3211 2141 3266 cuiusque.

1247 3268 1354 3310 Non
1385 3268 1506 3308 absc.
1565 3266 1679 3309 Edd.
1703 3267 1806 3308 Ber.
1824 3266 2024 3311 Rhenan.
2043 3283 2141 3325 sqq.

1249 3324 1426 3367 vitiose:
1470 3325 1662 3378 largitio
1691 3325 2011 3377 dtjfferebcttur.
2083 3326 2142 3366 In

1249 3382 1448 3423 hiberna
1511 3382 1786 3437 cuiusquam
1854 3396 1950 3422 non
2016 3383 2141 3423 absc.

1248 3438 1485 3481 Merccrus
1527 3454 1578 3480 ex
1611 3438 1792 3496 ingenio
1835 3438 2048 3486 correxit,
2099 3446 2142 3481 et

1251 3495 1353 3538 dein
1384 3494 1580 3539 Pirhena
1618 3495 1664 3538 in
1696 3494 1797 3538 eod.
1818 3494 1921 3538 MS.
1957 3494 2142 3546 invenit,

1249 3553 1313 3595 uti
1335 3568 1459 3595 nunc
1479 3552 1652 3596 eclimus
1673 3551 1843 3596 locum.
