2222 4030
189 273 244 311 Α.
253 270 312 307 U.
326 269 412 308 7⁶².

189 317 245 353 A.
258 314 308 351 C·
352 313 415 349 u.

704 261 878 330 mn.
910 266 960 328 1.
1043 260 1240 326 CAP.
1284 266 1379 327 10.
1416 348 1425 357 x

1886 262 1971 325 25

106 406 446 470 Antonium
473 400 801 461 Tarentino
835 395 1323 472 Brundisinoque
1363 397 1601 452 foedere
1648 405 1718 454 et·
1742 394 1970 468 nuptiis

106 493 330 552 sororis
370 490 653 548 inlectum
692 484 978 542 subdolae
1019 480 1339 538 adfinitatis
1377 501 1597 555 poenas
1635 489 1829 537 morte
1873 499 1975 535 ex-

109 579 373 637 solvisse.

110 845 227 893 tur.

468 552 684 631 Pacem
719 569 847 625 sine
887 566 1072 625 dubio
1106 577 1243 643 post
1285 561 1462 634 haec,
1513 586 1723 623 verum
1759 584 1977 623 cruen-

109 677 260 722 tam:
313 660 619 719 Lollianas
655 653 1062 730 Varianasque
1105 651 1327 720 cladeS‚
1378 650 1713 707 interfectos
1745 649 1975 718 Romae
2014 666 2018 674 ’

111 748 439 814 VarroneS,
479 741 766 818 Egnatios
782 786 799 810 ‚
843 737 1024 798 Iulo&

313 827 589 889 Abducta
622 825 851 884 Neroni
888 843 1068 893 uxor,
1118 834 1175 879 et
1206 821 1463 879 consulti
1500 840 1608 896 per
1642 821 1978 879 ludibrium

1106 735 1230 794 Nec
1263 735 1598 792 domesticis
1638 735 1976 793 abstineba-

109 917 447 995 pontificeS,
490 935 568 970 an
594 907 874 987 concepto
898 909 1154 966 necdum
1180 909 1338 965 edito
1368 918 1546 983 partu
1569 906 1681 963 rite
1701 908 1977 965 nuberet:

113 1003 192 1077 Q.
214 1002 395 1061 Tedii
429 1012 486 1059 et
510 998 693 1057 Vedii
717 995 1012 1054 Pollionis
1046 995 1246 1052 luxus:
1287 1004 1587 1068 postremo
1605 989 1805 1061 Livia,
1848 1012 1983 1066 gra-

111 1090 206 1147 vis
249 1089 316 1145 in
358 1107 489 1144 rem
522 1084 825 1162 publicam
865 1093 1081 1151 mater,
1144 1079 1380 1155 gravius
1422 1076 1631 1135 domui
1663 1073 1983 1136 Caesarum

171 1253 403 1307 Lepidum
424 1250 571 1306 speeie
589 1248 728 1293 amic.
786 1245 914 1291 Suet.
937 1244 968 1291 l.
985 1244 1016 1291 l.

114 1310 206 1357 Dio
235 1311 308 1359 49,
337 1310 407 1352 12.
468 1307 584 1351 Vell.
613 1308 656 1358 2,
689 1306 761 1349 80.

174 1367 454 1412 Tarentino.
497 1364 590 1408 Dio
617 1364 687 1415 48,
709 1363 782 1406 54.
820 1359 1015 1420 Appian-

115 1426 170 1470 B.
194 1425 248 1469 C.
277 1426 319 1477 5,
341 1423 399 1467 93
422 1440 492 1483 sq.

172 1483 577 1537 Brundisinoque.
631 1477 726 1523 Dio
752 1477 826 1528 48,
847 1476 920 1520 28.
943 1474 1018 1520 83.

114 1540 312 1601 Appian.
339 1539 391 1584 B.
419 1539 471 1583 C.
506 1538 546 1589 5,
570 1535 775 1579 57-64.
971 1590 982 1600 ⁶

115 1599 353 1709 48,ιιιέρῖξιίῖε
390 1598 565 1643 sororis
602 1597 842 1639 inlectam.
922 1589 1016 1636 Dio

174 1713 440 1757 Lollianas.
500 1707 620 1755 Vell.
645 1711 688 1759 2,
710 1709 783 1754 97.
827 1707 920 1752 1)ἱο
949 1705 1019 1759 54,

116 1771 187 1815 a).
258 1772 384 1815 Suet.
416 1768 526 1814 Oct.
569 1786 610 1814 c.
642 1768 716 1813 23.
784 1767 874 1812 An.
916 1765 1020 1810 urb.

180 1885 532 1942 Varianasque.
583 1882 711 1927 Flor.
734 1881 778 1935 4,
794 1883 861 1935 12,
880 1881 940 1927 80
952 1896 1020 1941 sq.

119 1943 397 1992 vett.2,117
414 1959 484 2000 sq.
533 1941 624 1986 Dio
650 1941 719 1993 56,
739 1942 792 1984 18
814 1957 833 1983 s
869 1972 882 1983 .
934 1938 1021 1984 Ta·

119 2002 197 2047 eit.
220 2001 329 2044 infr.
362 2016 403 2044 c.
429 2000 485 2042 55
510 2015 578 2058 sq.
624 2000 682 2042 A.
703 2015 750 2042 u.
779 1999 836 2042 76
869 2029 881 2039 .

178 2060 439 2102 Varrones.
500 2058 626 2101 Suet.
653 2055 762 2099 Oct.
793 2071 833 2099 c.
857 2055 925 2098 19.
951 2053 1024 2098 56.

117 2115 224 2161 Tib.
254 2132 294 2160 c.
320 2116 364 2160 8.
424 2113 547 2160 Vell.
572 2115 615 2165 2,
638 2114 711 2159 91.
767 2112 863 2157 Dio
888 2111 958 2165 54,
978 2110 1023 2156 8.

120 2176 211 2221 An.
234 2174 337 2218 urb.
366 2173 468 2218 782.

178 2233 427 2287 Egnatius.
485 2228 608 2274 vell.
647 2230 782 2284 2,91.
812 2227 888 2273 98.
946 2227 1022 2272 Se·

123 2288 312 2335 neessde
336 2288 480 2333 Clem.
511 2303 551 2332 c.
573 2288 620 2332 9.
660 2289 717 2332 de
748 2287 908 2332 brevit.
940 2285 1024 2333 vit.

124 2363 167 2394 c.
182 2348 223 2391 5.
284 2346 373 2391 Dio
401 2345 470 2397 53,
495 2346 568 2390 24.

180 2405 327 2448 Iulos.
387 2403 479 2448 Dio
512 2403 581 2452 55,
610 2404 679 2447 10.
736 2402 857 2447 Plin.
883 2403 927 2451 7,
952 2400 1024 2446 45.

123 2462 244 2506 Vell.
267 2463 424 2511 2100.
464 2461 620 2505 Horat.
636 2459 729 2505 Od.
753 2461 794 2513 4,
809 2462 851 2504 2.
901 2461 1024 2505 Suet.

125 2518 287 2565 Claud.
324 2537 364 2566 c.
399 2523 468 2564 11.
536 2518 606 2562 De
647 2519 839 2563 minoris
874 2518 1025 2562 fratris

125 2593 238 2622 nece
271 2578 330 2622 cf.
368 2578 493 2621 Suet.
529 2576 638 2621 Oct.
687 2594 727 2621 c.
770 2577 838 2620 17.
898 2575 1025 2620 Cete-

125 2651 231 2679 rum
267 2634 369 2679 eod.
407 2635 509 2679 MS.
546 2644 592 2678 et
629 2634 733 2678 edd.
770 2642 879 2679 vett.
921 2649 1026 2677 cum

125 2693 279 2737 Dione
329 2693 497 2736 habent
546 2693 707 2736 Iulios.
767 2693 827 2736 At
870 2691 1028 2735 Horat.

126 2751 251 2794 Suo-t.
274 2760 318 2795 et
332 2750 447 2795 Vell.
480 2749 645 2792 Iulum
670 2759 860 2802 vocant3
889 2764 1030 2818 quare

128 2807 345 2852 etTacito
363 2809 549 2851 eandem
576 2808 847 2866 scripturam
873 2806 1030 2852 vindi-

129 2880 291 2909 cavere
317 2866 436 2909 inter
468 2874 583 2910 retes
602 2865 736 2908 hicet
758 2864 863 2909 infr.
889 2864 1031 2916 8‚18.,

127 2923 412 2982 improbante
429 2883 515 2966 εκ.
531 2920 789 2972 Gronovio,
821 2938 925 2966 cum
938 2937 1030 2980 quo

128 2996 215 3039 ego
252 2980 504 3023 come-mio.
583 2979 697 3022 Nam
742 2979 907 3022 Iulum
947 2994 1031 3037 pio

29 3072 44 3088 2
128 3038 307 3082 Iulium
328 3037 509 3081 videtur
541 3046 859 3081 ornamentum
891 3035 1032 3095 poeti·

132 3111 258 3199 {pni-
281 3094 628 3196 es3e‚3petitutn
660 3110 711 3139 ex
750 3094 1033 3156 antiquitate.

181 3186 193 3197 .
247 3168 307 3197 nv.
358 3185 371 3205 ,
426 3184 437 3196 .

187 3213 389 3253 abducta
421 3210 601 3254 Neroni
635 3223 777 3255 uxor.
839 3209 896 3254 cs.
929 3208 1032 3253 infr.

133 3266 240 3319 5,1.
298 3268 422 3312 Suet.
457 3269 564 3311 Oct.
606 3285 647 3313 e.
679 3268 750 3312 62.
795 3277 838 3313 et
871 3266 1031 3315 Claud.

134 3338 175 3369 e.
202 3327 240 3368 1.
291 3325 382 3369 Dio
405 3326 477 3378 48,
499 3328 570 3370 43.
594 3326 664 3369 44.
720 3325 838 3371 ven.
862 3326 904 3377 2,
928 3325 1001 3369 94.

190 3385 395 3427 eonsules·
432 3397 521 3439 per
563 3385 816 3428 ludibrium
856 3381 1032 3453 pontis.

134 3438 227 3483 Dio
248 3441 319 3493 48,
342 3439 413 3485 48.
450 3443 521 3486 44.
563 3442 900 3499 ἀπεκρίναντο·
962 3440 1035 3485 ὃτι

133 3500 175 3541 εἰ
199 3500 291 3558 μὲν
322 3499 373 3544 ἐν
401 3494 651 3559 ἀμφιβόλῳ
681 3499 736 3545 τὸ
769 3497 925 3559 κύημα
948 3493 1031 3555 ἦν,

134 3553 451 3613 ἁναρληθῆναι
513 3558 599 3604 τὸν
654 3555 716 3617 γά
758 3574 813 3604 ον
871 3559 1037 3619 ἐχρῆν·

134 3610 516 3674 ὁμολογουμένου
564 3617 617 3662 ot
666 3633 695 3661 a
756 3618 837 3674 οὗ,
895 3616 1037 3662 οὐδὲν

1086 1242 1251 1290 κωλύει
1277 1241 1367 1301 ἤδη
1399 1241 1544 1288 αὐτὸν
1573 1239 1812 1300 γενέσθαιῖ
1874 1241 1989 1286 Pru-

1088 1303 1209 1348 dent.
1237 1303 1285 1346 in
1309 1300 1570 1371 Symmaeh.
1603 1301 1642 1348 1,
1666 1301 1754 1342 260
1773 1315 1873 1358 sqq.

1198 1395 1206 1403 .
1222 1362 1267 1404 Τ
1261 1362 1351 1404 edit
1370 1367 1416 1403 et
1429 1361 1478 1402 V
1473 1359 1566 1402 edii
1579 1357 1801 1401 Pollionis
1823 1360 1988 1401 luxus.

1088 1418 1157 1462 Co
1194 1453 1204 1462 .
1233 1419 1338 1462 MS.
1374 1418 1661 1471 nuberetque
1698 1415 1812 1470 (sive
1846 1417 1987 1473 quae)

1088 1478 1228 1521 Tedii
1275 1484 1321 1519 et
1360 1474 1501 1519 Vedii
1548 1473 1780 1517 Pollionis
1825 1475 1990 1517 luxus.

1086 1534 1204 1579 Edd.
1236 1533 1446 1578 Beroald.
1467 1531 1612 1601 thu.
1639 1529 1744 1575 Ald.
1769 1532 1995 1575 nuberet:

1088 1607 1214 1650 quae
1232 1593 1368 1635 Tedii
1385 1600 1432 1634 et
1445 1591 1496 1633 V
1490 1591 1586 1633 edu'
1600 1589 1649 1633 Ρ.
1672 1597 1760 1632 etc.
1818 1588 1872 1632 In
1893 1598 1991 1634 not.

1088 1650 1303 1696 Beroald.
1345 1647 1564 1694 coniecita
1611 1647 1694 1704 qui
1729 1646 1776 1689 T
1771 1646 1890 1700 ed1'1‘5
1938 1647 1992 1691 P.

1089 1708 1322 1752 Victorius
1372 1707 1421 1750 in
1462 1721 1545 1750 suo
1588 1703 1832 1763 exemplari
1872 1719 1995 1762 quae

1091 1774 1345 1812 correxerat
1396 1765 1446 1808 in
1500 1762 1560 1821 Q.
1612 1762 1658 1806 h.
1713 1778 1752 1806 e.
1806 1761 1994 1821 Quinti,

1090 1825 1217 1925 wd
1285 1822 1422 1867 hodie
1487 1820 1735 1880 vulgatur,

1179 1881 1304 1924 olfio.

1785 1844 1789 1850 2
1806 1829 1995 1875 auctore

1386 1880 1631 1924 Rhenanus
1678 1877 1727 1922 in
1778 1877 1999 1936 castigati.

1143 1970 1156 1983 .
1183 1940 1322 1982 Vedii
1343 1938 1600 1981 Pollionis.·
1642 1934 1874 1982 Plurimae
1906 1951 1999 1980 me-

1129 1997 1155 2039 ii
1181 1997 1279 2041 aevi
1307 1996 1408 2039 edd.
1433 1995 1624 2039 habent:
1662 1995 1746 2051 qui
1763 1992 1899 2038 Teati
1922 1993 1999 2039 vel

1094 2056 1178 2111 qui
1199 2056 1355 2097 Atedii
1371 2053 1485 2109 (Cic.
1509 2051 1564 2095 ad
1588 2053 1681 2095 Att.
1703 2051 1772 2103 12,
1786 2050 1818 2094 4
1840 2059 1886 2096 et
1905 2051 1999 2110 24.)

1092 2120 1140 2155 et
1156 2113 1297 2156 Vedii
1310 2111 1361 2154 P.
1383 2114 1416 2155 1.
1478 2108 1818 2153 Freinshemius·
1837 2126 1887 2154 ex
1906 2110 1998 2154 An.

1096 2172 1165 2220 12,
1195 2171 1268 2214 60.
1309 2170 1513 2213 Matium
1554 2167 1739 2215 volebat
1772 2167 2000 2214 substitui.
2088 2183 2090 2185 ’

1095 2227 1334 2272 Consentit
1364 2225 1581 2286 Ryckius.
1632 2224 1692 2269 cf.
1715 2223 1835 2269 Ptin.
1866 2226 1934 2278 12,
1954 2226 2002 2272 2.

1094 2286 1355 2338 B'roterius,
1386 2283 1465 2352 qui
1499 2282 1669 2327 edidit:
1705 2282 1763 2340 Q.
1790 2283 1838 2326 T
1832 2285 1926 2327 edii
1954 2291 2003 2328 ee

1097 2345 1158 2388 V.
1197 2343 1250 2387 P.
1293 2346 1352 2396 1.‚
1405 2358 1457 2391 m,
1505 2341 1625 2393 notis
1670 2341 1889 2386 coniecitz
1988 2376 2002 2390 .

1095 2403 1289 2446 Haterii
1307 2408 1351 2444 et
1373 2402 1432 2445 V.
1460 2400 1516 2443 P.
1541 2402 1576 2443 l.
1638 2398 1696 2443 cf.
1718 2397 1837 2444 Plin.
1862 2401 1904 2452 7,
1930 2402 1956 2444 5
1988 2435 2001 2446 .

1095 2461 1280 2520 Bipont.
1309 2467 1574 2515 nuptaeque
1607 2458 1781 2501 taedia.
1836 2458 2004 2505 Wolf.

1095 2518 1188 2563 hue
1228 2517 1363 2562 trahit
1407 2515 1466 2574 Q.
1508 2515 1723 2560 Pedium.
1785 2514 1843 2559 cf.
1881 2517 2005 2563 Suet.

1098 2576 1184 2621 tul.
1230 2591 1270 2619 c.
1306 2574 1377 2619 83.
1447 2573 1538 2627 Alii
1579 2572 1682 2617 alia.
1760 2572 1848 2616 Sed
1890 2574 2004 2620 nihil

1100 2634 1213 2678 certi
1256 2631 1455 2678 inveniri
1505 2630 1673 2691 potuit.
1742 2631 1816 2674 De
1855 2633 2004 2677 Vedio

1099 2690 1313 2736 Pollione
1340 2690 1524 2749 eiusque
1551 2687 1654 2731 luxu
1683 2688 1786 2732 satis
1812 2698 2006 2736 constat.
2098 2690 2101 2694 ’

1101 2751 1160 2794 cf.
1187 2749 1280 2792 Dio
1309 2749 1376 2799 54,
1395 2749 1466 2792 28.
1517 2745 1634 2789 plin.
1659 2746 1699 2797 9,
1722 2745 1794 2790 23.
1840 2747 2004 2794 senec.

1103 2808 1158 2851 de
1188 2807 1253 2851 ira
1284 2806 1326 2858 8,
1347 2806 1420 2848 40.
1479 2802 1749 2848 Tei-tullian.
1775 2804 1830 2849 de
1856 2805 2005 2850 Pallio

1103 2879 1143 2909 e.
1166 2865 1208 2908 5.
1268 2865 1356 2907 Sed
1381 2862 1577 2907 alterum
1591 2860 1766 2915 virum,
1798 2862 1877 2922 qui
1897 2862 2007 2908 huie

1102 2930 1348 2981 aequetur,
1397 2920 1563 2965 frustra
1605 2920 1882 2977 quaesivere.
1942 2921 2003 2981 Q.

1106 2980 1309 3023 Tedium
1328 2993 1466 3022 nemo
1490 2986 1700 3023 veterum
1727 2978 2006 3038 scriptorum

1103 3036 1259 3089 novit,
1288 3044 1332 3080 et
1355 3035 1438 3080 alia
1460 3034 1646 3080 nomina
1666 3050 1846 3095 semper
1869 3037 2007 3082 dubia

1105 3103 1255 3138 erunt.
1314 3092 1530 3138 Wolfius
1566 3107 1707 3138 unum
1747 3094 2006 3155 exemplum

1108 3151 1303 3195 luxuriae
1355 3150 1608 3196 satisfacere
1663 3166 1757 3195 non
1805 3152 2007 3213 potuisse

1105 3209 1248 3253 malae
1276 3209 1452 3278 linguae
1470 3208 1597 3267 ⁷vulgi
1633 3217 1803 3256 censet.
1863 3209 2006 3255 Cuius

1104 3276 1255 3311 tamen
1276 3266 1506 3328 opinionis
1530 3266 1758 3311 rationem
1786 3284 1881 3312 non
1904 3283 2006 3328 per-

1159 3324 1263 3370 icio.
1339 3325 1560 3370 Fortassis
1596 3321 1762 3368 Noster
1799 3325 2005 3384 scripsit:

1104 3342 1235 3443 guin
1255 3384 1401 3428 etnam
1420 3385 1469 3427 V
1465 3385 1562 3428 edit
1575 3382 1799 3428 Iblliom's
1818 3387 1976 3429 luxus-

1160 3443 1321 3497 gravis
1342 3443 1389 3486 in
1410 3458 1515 3486 rem
1540 3458 1586 3498 p.
1611 3449 1793 3495 macer,
1818 3441 2009 3499 grauius

1105 3502 1234 3547 dom.
1260 3500 1308 3544 C.
1330 3515 1378 3544 n.
1447 3500 1524 3547 sie
1558 3498 1662 3543 cod.
1687 3498 1787 3543 MS.
1821 3506 1866 3544 et
1897 3499 2008 3546 inde

1107 3556 1211 3603 edd.
1256 3557 1471 3603 Beroald.
1526 3565 1570 3601 et
1622 3555 1827 3603 Rhenan.
1915 3557 2007 3603 Sed

1106 3630 1248 3676 quum
1277 3616 1470 3672 grauius
1501 3614 1751 3660 offenderet
1782 3616 2006 3676 interpre-
