2222 4030
259 237 387 299 202
927 228 1445 297 ANNALIUM
1794 230 1920 311 ἓξὲξ
1947 233 2026 311 ⁷23:

258 374 382 422 tem
410 437 415 441 ¹
447 372 502 418 et
546 354 803 435 Propria
867 361 1143 422 mandata
1205 360 1530 435 acceperit?
1628 359 2113 440 Relinquendum

258 450 437 506 etiam
479 446 819 502 rumoribus
857 458 1118 522 tempuS,
1184 466 1301 520 quo
1349 458 1668 506 senescant.
1766 450 2112 528 plerumque

257 536 600 590 innocentes
624 530 851 588 recenti·
875 531 1132 587 invidiae
1162 530 1432 604 impares,
1519 543 1577 588 at
1602 533 1651 587 si
1674 534 1868 590 teneat
1894 538 2114 592 exerci-

256 628 420 688 tum,
473 627 679 689 augeat
708 607 891 686 vireS‚
944 616 1161 684 multa,
1206 636 1354 691 quae
1395 618 1697 690 provideri
1723 639 1847 675 non
1868 615 2113 695 possint,

257 703 502 762 fortuito
543 701 607 756 in
641 701 852 757 melius
891 720 1110 758 casura.
1205 745 1238 769 ,,
1253 695 1352 756 An
1394 702 1737 759 festinamus
1788 725 1923 761 cum
1958 704 2113 762 Ger-

254 787 522 862 „manici
555 787 849 843 cineribus
881 785 1208 858 adpellere,
1262 798 1330 843 ut
1372 797 1429 842 te
1471 787 1806 845 inauditum
1845 802 1901 847 et
1942 791 2113 846 inde-

256 877 535 947 „sensum
568 872 836 947 planctus
870 865 1232 944 Agrippinae
1269 890 1334 926 ac
1369 873 1578 946 vulgus
1613 874 1952 949 imperitum
1986 877 2113 950 pri-

253 981 398 1034 „mo
443 977 682 1015 rumore
732 955 1003 1029 rapiant?
1088 951 1195 1011 Est
1240 955 1352 1011 tibi
1397 952 1696 1031 Augustae
1740 961 2114 1031 conscientia,

252 1057 384 1118 „est
416 1042 678 1102 Caesaris
716 1042 913 1108 favor,
957 1039 1058 1095 sed
1093 1039 1447 1097 inocculto:
1492 1055 1546 1099 et
1583 1044 1825 1118 periisse
1862 1043 2112 1102 Germa-

251 1118 505 1203 „nicum
528 1128 683 1183 nulli
706 1125 1016 1183 iactantius
1036 1138 1324 1196 maerent,
1368 1148 1547 1204 quam
1573 1129 1678 1205 qui
1705 1130 1956 1186 maxime
1990 1131 2115 1186 lae-

250 1261 286 1288 „
297 1227 518 1274 tantur.
531 1212 557 1232 '¹

383 1337 385 1339 ¹
415 1334 754 1399 LXXVIII.
839 1335 1019 1395 Haud
1057 1359 1270 1413 magna
1308 1341 1466 1397 mole
1502 1339 1641 1399 Piso
1677 1354 1984 1418 promptus
2023 1345 2112 1400 fe—

248 1429 486 1490 rocibus
531 1425 596 1480 in
635 1424 986 1480 sententiam
1022 1421 1303 1482 trahitur:
1347 1426 1655 1504 missisque
1691 1430 1765 1484 ad
1797 1427 2111 1486 Tiberium

250 1512 512 1591 epistolis
550 1510 778 1566 incusat
802 1507 1223 1568 Germanicum
1255 1512 1426 1568 luxus
1461 1525 1516 1570 et
1554 1515 1886 1588 superbiae:
1935 1535 2110 1591 seque

247 1601 518 1677 pulsum,
559 1607 628 1652 ut
666 1595 831 1650 locus
868 1596 1042 1652 rebus
1082 1596 1252 1651 novis
1284 1597 1608 1671 patefieret,
1653 1619 1852 1655 curam
1890 1600 2111 1656 exerei-

248 1697 345 1743 tus
378 1683 581 1739 eadem
617 1680 765 1749 fide,
821 1701 935 1756 qua
969 1681 1254 1751 tenuerit,
1298 1683 1655 1756 repetivisse.
1755 1683 1949 1741 Simul
1982 1682 2111 1741 Do-

247 1769 484 1840 mitium
523 1765 865 1840 impositum
892 1765 1120 1821 triremi
1155 1766 1340 1824 vitane
1373 1768 1617 1824 litorum
1652 1790 1816 1825 oram
1848 1781 2109 1845 praeter-

246 1875 362 1934 que
386 1852 613 1910 insulas
638 1851 757 1907 lato
778 1851 931 1906 mari.
959 1871 1198 1927 pergere
1233 1852 1297 1907 in
1321 1851 1554 1930 Syriam
1591 1854 1773 1925 iubet.
1861 1875 2110 1912 concur-

1025 2068 1140 2113 Nam

244 2069 586 2129 intelligendum
642 2077 708 2112 est
757 2067 943 2112 Pisone.

243 2131 470 2181 Pisonem
506 2126 633 2177 dixit,
683 2142 777 2169 non
813 2126 1016 2177 Sentium
1051 2127 1140 2186 Sy-

213 2190 338 2234 ,riae
377 2183 706 2245 praepositum3
766 2185 870 2226 huic
910 2184 1050 2228 fasces
1100 2193 1142 2228 et

244 2246 315 2290 ius
360 2242 601 2302 praetoi·iS‚
647 2243 746 2283 huic
781 2242 980 2298 legiones
1021 2243 1141 2286 datas

245 2305 329 2359 (sc.
353 2315 496 2358 neque
516 2299 613 2354 ilii).
655 2298 774 2340 Tum
801 2300 968 2356 pergit:
1001 2316 1141 2356 quem

244 2360 413 2405 iustius
463 2370 606 2398 arma
665 2358 987 2410 oppositurum
1001 2391 1013 2408 ,
1077 2360 1140 2400 sc:

244 2433 382 2477 quam
418 2415 516 2465 hic,
555 2413 691 2464 Piso,
729 2413 805 2471 qui
849 2413 980 2470 legati
1025 2424 1141 2458 auct.

244 2484 361 2520 οἱα·
431 2473 578 2529 Quem
634 2480 698 2514 est
754 2472 1136 2527 interrogativum.

243 2532 312 2577 Ita
354 2530 504 2574 omnia
544 2529 660 2572 bene
703 2545 749 2571 se
790 2528 968 2571 habent.
1051 2529 1137 2571 Sed

1212 2080 1354 2127 perat.
1416 2070 1679 2130 Opponitur
1699 2072 1879 2123 Sentio,
1911 2072 1984 2116 cui
2013 2087 2106 2117 non

1212 2129 1390 2172 Tiberii
1430 2130 1694 2182 auctoritas,
1747 2129 1823 2174 sed
1858 2131 2105 2187 legatorum

1213 2187 1481 2231 consultatio
1558 2186 1736 2246 Syriam
1818 2186 2106 2244 provinciam

1212 2245 1515 2288 mandaverat.
1588 2246 1645 2289 cf.
1679 2244 1788 2288 infr.
1823 2261 1862 2288 e.
1883 2247 1951 2288 80.
1991 2245 2105 2286 Cae-

1211 2306 1419 2357 sarisque
1472 2316 1523 2343 se
1584 2306 1794 2356 legatum
1847 2303 2105 2345 testabatur

1206 2360 1477 2415 provincia,
1519 2376 1660 2416 quam
1695 2363 1732 2403 is
1761 2362 1981 2408 dedisset,
2021 2374 2104 2402 ar-

1211 2419 1320 2460 ceri.
1412 2417 1528 2460 Dial.
1575 2418 1627 2460 de
1666 2417 1750 2461 Or.
1811 2434 1852 2461 c.
1887 2417 1956 2460 33.
2001 2426 2104 2460 extr.

1211 2477 1598 2526 exercitationes,
1633 2491 1751 2531 quae
1773 2476 1997 2531 propriae
2032 2475 2106 2521 vi-

1211 2535 1390 2574 dentur
1414 2535 1536 2574 circa
1559 2537 1834 2580 oratoriam,
1861 2549 1918 2590 op
1936 2548 1938 2550 ’
1954 2548 2103 2574 onun-

245 2605 389 2650 quum
444 2587 649 2645 priorum
708 2587 931 2628 editorum
984 2587 1139 2644 aliquis

244 2657 348 2692 ante
372 2649 452 2703 qui
475 2644 724 2687 intrusisset
745 2658 915 2699 quam,
944 2643 1140 2687 Pichena

246 2705 353 2748 dein
408 2702 511 2746 cod.
570 2700 673 2744 MS.
730 2701 878 2743 denuo
939 2703 1139 2760 inspecto

243 2771 390 2807 textus
420 2759 636 2802 mendum
669 2758 973 2816 deprehendit.
1033 2758 1141 2802 Uti-

244 2835 352 2863 nam
378 2819 469 2877 ipse
499 2816 810 2860 emendatione
845 2816 1140 2859 abstinuisset.

244 2876 489 2935 Pei-peram
518 2875 668 2933 posuit
695 2889 838 2929 quam
871 2890 953 2931 pro
987 2890 1139 2929 quem.

243 2933 464 2977 'Unanimi
500 2947 721 2975 consensu
757 2931 811 2974 ad
855 2930 976 2975 hunc
1020 2931 1139 2974 diem

244 2990 467 3034 Pichenae
491 2988 853 3032 emendationem
877 2989 1070 3032 edidere.

299 3047 502 3104 propria
565 3050 812 3089 mandata.
908 3046 1139 3089 Ernestius

245 3104 455 3164 explicate
506 3104 708 3162 „quibus
740 3102 871 3161 plane
906 3103 1139 3147 definitum

247 3170 388 3213 esset,
419 3160 524 3217 quid
559 3169 731 3217 ageret,
774 3169 822 3203 ut
852 3161 1135 3219 provinciam

246 3237 272 3266 a
293 3221 332 3263 v'i
354 3217 502 3262 hostili
533 3218 833 3261 defenderet.'‘
895 3218 1139 3261 Oberlinus

243 3275 452 3334 intelligit
477 3275 716 3326 „mandata
740 3275 990 3333 specialia.’'
1022 3276 1138 3318 Neu·

245 3345 371 3379 trum
391 3331 619 3375 satisfacit.
663 3333 896 3375 Mandata
920 3333 1037 3376 haud
1060 3333 1138 3375 du·

245 3392 318 3436 bie
349 3388 494 3434 intelli
527 3388 643 3431 enda
678 3398 782 3432 sunt
806 3390 998 3441 Tiberii,
1039 3390 1138 3447 quis

244 3447 461 3493 Pisonem
521 3446 642 3505 yriae
668 3446 940 3504 praeficeret.
999 3448 1140 3505 Igitur

244 3506 444 3562 propria
481 3506 716 3547 mandata
751 3505 972 3561 accepisse
1013 3506 1140 3548 dice-

247 3565 406 3615 batur.
438 3562 541 3621 quia
568 3562 625 3605 ab
653 3562 752 3622 ipso
784 3561 970 3604 Tiberio
1003 3578 1135 3608 acce-

1211 2598 1286 2632 tur
1319 2591 1508 2640 artibus,
1560 2606 1674 2646 quae
1714 2589 1770 2632 ad
1810 2606 1915 2632 exeo
1938 2589 2106 2632 endum

1212 2647 1401 2689 omnino
1428 2647 1630 2689 animum
1653 2648 1890 2704 pertinent.

1270 2732 1334 2759 on
1363 2718 1670 2772 festinamus.
1758 2718 1974 2761 Praesens
2021 2735 2103 2775 pro

1211 2775 1381 2817 futuro.
1445 2775 1500 2818 cf.
1529 2774 1798 2818 Ramsborn.
1826 2774 1906 2820 Gr.
1936 2776 1978 2831 §-
2008 2778 2103 2821 164.

1210 2835 1340 2879 unm.
1369 2831 1408 2875 5.
1445 2849 1487 2891 p.
1508 2833 1608 2876 401.

1268 2901 1364 2946 CAP
1414 2903 1486 2945 78.
1559 2905 1777 2958 epistolis.
1846 2903 1960 2947 Edd.
2001 2905 2101 2948 Ber.

1209 2961 1354 3003 Rhen.
1380 2961 1483 3003 ΑΜ.
1542 2964 1742 3016 epistulis
1775 2970 1816 3004 et
1850 2979 1887 3004 c.
1912 2963 1981 3004 70.
2006 2965 2094 3017 epi-

1207 3020 1375 3063 stulas.
1434 3018 1550 3062 Edd.
1573 3018 1690 3076 Lips.
1728 3028 1771 3061 et
1798 3018 2005 3078 deinceps
2029 3037 2102 3062 se—

1211 3085 1338 3120 cutae
1373 3075 1579 3128 epistolis
1621 3085 1664 3118 et
1695 3077 1926 3131 epistolas.
1999 3078 2102 3120 Vid.

1208 3143 1301 3177 not.
1333 3134 1387 3176 ad
1412 3135 1450 3184 1,
1473 3131 1545 3174 30.
1932 3151 1941 3158 ‚

1266 3220 1368 3260 lato
1390 3218 1535 3259 mari.
1602 3216 1774 3258 Latum
1799 3234 1933 3261 mare
1955 3235 2100 3278 oppo-

1210 3275 1333 3318 nitur
1365 3274 1499 3316 maris
1532 3273 1744 3331 angustiis
1777 3276 1892 3319 inter
1919 3276 2101 3326 insulas,

1210 3349 1319 3389 quas
1372 3331 1601 3374 Domitius
1653 3331 1794 3375 vitare
1846 3334 2098 3378 iubebatur.

1204 3390 1365 3446 ,Quare
1387 3389 1450 3431 nil
1474 3389 1567 3432 sani
1590 3389 1763 3432 videtur
1788 3407 1879 3433 esse
1900 3391 1947 3434 in
1962 3391 2099 3450 Lipsii

1210 3446 1524 3491 emendatione
1549 3450 1648 3489 alto
1670 3446 1862 3505 legentis
1878 3464 1963 3505 pro
1986 3452 2098 3492 lato.

1208 3505 1367 3548 Horat.
1401 3520 1472 3560 ep.
1509 3507 1551 3555 1,
1570 3506 1614 3551 2,
1640 3505 1711 3548 20.
1741 3504 1830 3548 alio
1857 3521 1989 3549 sensu
2017 3509 2097 3554 la-

1209 3571 1310 3606 tum
1327 3576 1502 3617 aequor
1520 3562 1642 3606 dixit.
