2222 4030
1778 188 1829 224 A.
1842 188 1906 230 ΙΙ.
1918 189 2003 224 773.

1782 230 1836 267 A.
1852 230 1899 268 C.
1943 235 2002 268 20.

231 191 357 252 234
898 184 1406 248 ANNALIUM

404 318 535 378 XX.
589 314 819 374 Eodem
846 336 1003 379 anno
1033 315 1407 386 TacfarinaS,
1451 338 1632 394 quem
1648 320 1851 394 priore
1871 338 2086 383 aestate

230 408 470 485 pulsum
507 400 811 460 aCamillo
847 402 1198 470 memoravi,
1239 402 1465 459 bellum
1501 404 1566 458 in
1590 403 1794 463 Africa
1826 424 2088 480 renovat,

230 493 392 566 vagis
414 487 1177 566 primumpopulationibus
1197 499 1268 544 fet
1303 488 1381 544 ob
1414 489 1820 563 pernicitatem
1854 494 2085 553 inultis:

231 579 372 635 dein
407 575 568 631 vicos
606 572 973 640 exscindere,
1027 566 1258 627 trahere
1292 591 1496 646 graves
1530 576 1805 649 praedas:
1861 592 2089 653 postre-

229 684 328 723 mo
351 657 513 724 haud
532 657 747 735 ¹procul
768 655 989 729 Pagida
1013 655 1259 712 flumine
1285 654 1587 717 cohortem
1607 659 1946 719 Romanam
1973 665 2088 721 cir-

229 745 532 805 cumsedit.
649 741 928 800 Praeerat
983 741 1218 798 castello
1274 739 1523 801 Decrius
1585 746 1836 821 impiger
1888 769 2088 820 manu,

229 831 515 889 exercitus
554 828 769 885 militia
814 837 870 882 et
905 825 1071 880 illam
1106 826 1477 914 obsidionem
1521 829 1730 904 flagitii
1773 844 1952 894 ratu&
2037 835 2088 890 is

229 913 568 977 cohortatus
593 914 838 980 milites,
878 921 946 966 ut
968 910 1199 986 copiam
1223 932 1456 987 pugnae
1482 914 1547 970 in
1574 928 1772 990 aperto
1807 919 2085 989 facerent,

227 1003 416 1061 aciem
445 1021 556 1076 pro
596 997 796 1055 castris
831 996 1088 1054 instruit.
1174 997 1486 1074 primoque
1522 999 1746 1074 impetu
1781 1003 1950 1076 pulsa
1988 1011 2089 1061 co-

226 1085 400 1146 horte
419 1095 725 1162 promptus
759 1082 916 1136 inter
950 1081 1065 1136 tela
1100 1095 1366 1140 occursat
1397 1085 1784 1157 fugientibus,
1827 1087 2090 1163 increpat

230 1173 575 1247 signiferOS,
635 1167 795 1243 quod
837 1166 1159 1222 inconditis
1194 1181 1294 1225 aut
1327 1169 1724 1227 desertoribus
1755 1172 1924 1228 miles
1958 1172 2089 1231 Ro-

225 1276 440 1315 manus
477 1267 636 1326 terga
671 1253 853 1310 daret.
940 1252 1116 1308 simul
1162 1265 1396 1328 excepta
1441 1256 1705 1315 vulnera.
1793 1270 1850 1315 et
1898 1279 2091 1334 quan-

227 1363 406 1420 quam
442 1340 758 1397 transfosso
795 1336 968 1393 oculo
999 1337 1311 1394 adversum
1350 1360 1414 1396 os
1449 1339 1515 1395 in
1547 1336 1776 1397 hostem
1815 1342 2089 1413 intendit,

226 1438 421 1506 neque
443 1425 739 1501 proelium
765 1422 989 1493 omisit,
1035 1423 1226 1480 donec
1252 1424 1514 1482 desertus
1539 1426 1661 1482 suis
1693 1428 1940 1487 caderet.

393 1534 558 1595 XXI.
635 1533 804 1607 Quae
851 1545 1165 1611 postquam
1207 1533 1277 1595 L.
1313 1530 1584 1611 Aprontw
1636 1534 1803 1614 (nam
1833 1535 2088 1596 Camillo

227 1620 602 1700 successerat)
645 1631 980 1694 comperta,
1046 1620 1229 1693 magis
1283 1621 1567 1678 dedecore
1617 1643 1861 1680 suorum
1904 1645 2088 1700 quam

226 1710 414 1785 gloria
443 1703 632 1764 hostis
667 1706 876 1762 anxius
920 1725 1053 1760 raro
1093 1725 1156 1760 ea
1198 1717 1537 1780 tempestate
1575 1718 1630 1764 et
1666 1729 1696 1764 e
1730 1720 1925 1765 vetere
1964 1730 2089 1765 me-

223 1795 414 1853 moria
446 1794 708 1849 facinore
751 1792 1064 1847 decumum
1099 1811 1390 1866 quemque
1426 1792 1854 1865 ignominiosae
1879 1790 2091 1851 cohor-

224 1882 300 1938 tis
338 1891 493 1937 sorte
529 1879 735 1935 ductos
772 1875 914 1932 fusti
939 1887 1123 1934 necat.
1212 1874 1590 1954 Tantumque
1616 1880 1920 1936 severitate
1948 1900 2090 1954 pro-

223 1968 476 2034 fectum,
538 1974 606 2020 ut
641 1962 924 2018 vexillum
965 1971 1383 2017 veteranorum
1432 1983 1555 2019 non
1607 1965 1860 2039 amplius
1913 1966 2090 2040 quin·
2156 2033 2161 2035 .

225 2051 388 2126 genti
442 2069 689 2106 numero
751 2048 982 2103 easdem
1030 2044 1421 2103 Tacfarinatis
1472 2049 1667 2123 copias
1712 2049 2090 2124 praesidium,

227 2137 323 2194 cui
347 2132 538 2192 Thala
567 2153 784 2190 nomen
803 2178 819 2201 ,
856 2133 1154 2204 adgressas
1191 2131 1473 2195 fuderint.
1562 2155 1681 2209 quo
1705 2135 1932 2209 proelio
1958 2133 2092 2192 Ru-

224 2223 319 2278 fus
354 2218 605 2276 Helvius
639 2217 936 2292 gregarius
974 2216 1144 2271 miles
1182 2219 1395 2273 servati
1443 2218 1586 2274 civis
1624 2219 1799 2276 decus
1845 2220 2090 2289 rettulit,

225 2309 594 2381 donatusque
637 2315 720 2359 est
754 2303 827 2357 ab
863 2298 1137 2377 Apronio¹
1167 2303 1479 2378 torquibus
1514 2315 1571 2360 et
1606 2299 1791 2364 hasta.
1878 2302 2092 2361 Caesar

225 2391 460 2461 addidit
484 2389 727 2446 civicam
754 2407 1062 2454 coronam,
1108 2389 1264 2461 quod
1300 2407 1424 2443 non
1464 2409 1591 2443 eam
1631 2409 1866 2466 quoque
1893 2385 2091 2465 Apro-

222 2477 364 2535 nius
411 2475 544 2533 iure
590 2472 961 2550 proconsulis
1010 2471 1339 2542 tribuisset,
1410 2484 1648 2550 questus
1684 2475 1868 2548 magis
1912 2495 2090 2551 quam

284 2727 398 2772 CAP.
418 2725 491 2767 20.
551 2723 827 2766 memoravi.
886 2718 946 2763 cf.
978 2718 1021 2770 Ξ,
1051 2717 1120 2761 52.

225 2785 339 2828 Mox
365 2782 467 2827 cod.
478 2781 583 2825 MS.
610 2781 902 2823 exa'ncedere
925 2793 1008 2835 pro
1031 2792 1123 2820 ex-

225 2843 450 2886 scindere.

284 2898 481 2953 Pagida.
541 2895 618 2938 Sic
650 2900 840 2937 reeentt.
866 2892 966 2935 edd.
1025 2892 1122 2934 Pa-

227 2960 350 3013 gyda
370 2955 472 3000 cod.
498 2953 599 2996 MS.
625 2952 725 2995 edd.
752 2958 858 2996 vett.
886 2958 927 2991 et
949 2951 1124 3000 Broter.

230 3013 309 3074 qui
338 3013 458 3056 idem
490 3011 660 3054 flumen
691 3007 824 3052 hodie
850 3008 936 3051 dici
963 3009 1126 3049 Abead

229 3069 494 3125 suspicatur.
554 3068 685 3111 Alius
707 3067 834 3109 rivus
855 3065 1040 3118 Pagida
1062 3072 1126 3107 cst

229 3126 543 3189 ianhoenice.
606 3125 666 3168 cf.
694 3123 806 3167 Plin.
835 3123 873 3174 5,
899 3124 967 3165 19.

288 3188 439 3228 daret.
498 3185 643 3225 simul
674 3189 876 3234 excepta
908 3183 1123 3222 vulnera.

232 3252 279 3290 et
302 3255 572 3299 quanquam
598 3247 682 3282 etc.
752 3238 830 3281 Sic
863 3238 1018 3280 locum
1051 3237 1124 3279 in-

232 3310 456 3358 terpungo
479 3313 581 3341 cum
597 3296 812 3338 Rhenano
834 3294 1021 3352 aliisque
1047 3309 1126 3336 ve-

233 3367 395 3407 terum.
454 3355 527 3398 Ad
555 3360 749 3406 excepta
775 3352 972 3409 intellige
1002 3359 1124 3395 sunt.

235 3414 410 3461 Vocula
443 3420 488 3455 et
514 3411 752 3456 transitum
778 3409 910 3460 facit,
950 3417 999 3451 ut
1022 3425 1126 3450 mox

236 3489 278 3515 c.
305 3473 376 3514 21.
412 3479 458 3514 et
487 3473 602 3516 dum
631 3483 687 3510 ea
716 3467 842 3509 racio
876 3475 960 3510 etc.
1035 3466 1127 3507 Er·-

235 3530 402 3573 nestius
441 3528 547 3572 satis
590 3531 802 3570 contorte
836 3531 987 3567 censet
1021 3539 1125 3570 ver-

1194 2721 1305 2763 bum
1329 2719 1510 2777 aliquod
1534 2719 1767 2772 excidisse,
1797 2719 1918 2763 velut
1942 2729 2090 2765 osten·

1194 2779 1290 2828 dit,
1329 2779 1402 2823 vel
1437 2785 1669 2831 ostentat,
1718 2782 1884 2822 nudat.
1961 2774 2091 2822 Alios

1196 2835 1317 2878 addit
1349 2835 1484 2877 simili
1522 2844 1725 2891 tempore
1766 2836 1882 2878 idem
1919 2835 2089 2880 secisse.

1196 2892 1397 2950 Respicit
1429 2892 1483 2936 ad
1521 2894 1570 2945 2,
1606 2893 1673 2938 17.
1756 2893 1845 2936 Sed
1884 2893 1946 2936 ibi
1987 2894 2090 2939 vide

1195 2959 1292 2994 not.

1255 3006 1368 3050 CAP.
1394 3007 1465 3048 21.
1506 3006 1647 3061 susti.
1696 3007 2001 3051 HocPichena
2024 3025 2089 3051 rc·

1195 3065 1335 3108 stituit
1358 3079 1380 3105 e
1403 3064 1502 3106 cod.
1530 3064 1630 3107 MS.
1652 3090 1710 3097 —
1751 3065 1959 3108 Beroald.
1975 3065 2088 3108 Rhe-

1196 3138 1303 3166 nan.
1328 3137 1427 3178 sqq.
1453 3121 1684 3165 ediderant
1696 3122 1849 3177 fuste.

1255 3187 1527 3234 tantumque
1542 3181 1794 3221 severitate
1808 3178 2088 3233 profectum.

1196 3237 1350 3292 Agric.
1374 3252 1412 3278 c.
1443 3236 1511 3277 15.
1534 3237 1650 3279 nihil
1664 3236 1827 3291 prqfici
1841 3238 2087 3291 patientia.

1197 3296 1262 3337 lh.
1289 3310 1328 3336 c.
1359 3294 1425 3335 19.
1449 3308 1628 3346 parum
1645 3295 1814 3349 profici
1832 3296 1994 3337 ανηιιὶς.

1255 3352 1482 3392 vexillum
1534 3359 1881 3395 veteranorum.
1982 3352 2085 3395 vid.

1198 3416 1296 3451 not.
1326 3408 1380 3450 ad
1406 3410 1444 3458 1,
1467 3407 1536 3450 38.

1228 3480 1230 3483 ’
1257 3467 1359 3511 iure
1385 3467 1693 3520 proconsulis.
1754 3465 1816 3510 cf.
1840 3466 1962 3511 Suet.
1985 3466 2087 3511 Tib.

1198 3539 1240 3567 c.
1263 3522 1334 3567 32.
1366 3531 1408 3567 et
1432 3522 1597 3571 Oetav.
1624 3540 1666 3568 c.
1688 3522 1760 3569 25.
