2222 4030
1846 235 1964 276 AJJ,
1981 240 2062 276 ΤΠ.

1847 281 1898 320 A.
1914 283 1964 318 C.
2001 286 2064 319 24.
2113 292 2118 294 “

294 249 417 306 322
956 214 1468 300 ANNALI'UM

298 375 497 435 silium
531 374 876 448 deprecatus
909 381 1019 428 est:
1061 391 1177 446 quo
1202 369 1402 426 minus
1427 382 1633 428 senatu
1660 371 1994 446 pelleretur,
2029 395 2154 432 non

276 449 544 519 obstitit.

470 539 727 602 XXXII.
809 540 1096 616 Pleraque
1141 559 1374 608 eorum,
1442 560 1593 615 quae
1645 542 1848 600 rettuli
1892 564 2158 622 quaeque

303 630 582 698 referam,
642 647 822 703 parva
865 627 1123 693 forsitan*
1157 637 1216 682 et
1248 625 1403 682 levia
1440 639 1768 684 memoratu
1803 629 1995 686 videri
2032 651 2158 687 non

302 715 534 771 nescius
576 720 733 770 sum:
801 713 901 769 sed
947 730 1119 766 nemo
1158 711 1398 766 annales
1430 724 1663 770 nostros
1701 733 1836 770 cum
1872 715 2157 790 scriptura

305 820 511 858 eorum
532 799 926 865 contenderit,
971 795 1075 871 qui
1096 807 1318 852 veteres
1342 798 1551 872 populi
1575 797 1840 856 Romani
1870 820 1964 856 res
1998 821 2159 858 com-

303 905 568 962 posuere.
653 882 919 957 Ingentia
944 881 1035 936 illi
1057 881 1232 950 bella,
1275 883 1734 956 expugnationes
1755 886 2018 955 urbium,
2065 887 2162 943 fu-

308 990 402 1028 sos
428 981 740 1047 captosque
764 986 957 1040 regeS‚
997 977 1099 1023 aut
1125 966 1174 1021 si
1198 967 1436 1042 quando
1466 969 1542 1024 ad
1565 968 1798 1025 interna
1829 983 2161 1044 praeverte-

305 1068 466 1125 rent,
506 1053 828 1112 discordias
868 1052 1181 1108 consulum
1223 1054 1537 1108 adversum
1564 1054 1866 1124 tribuum,
1907 1057 2163 1130 agrarias

303 1141 832 1214 frumentariasque
876 1138 1057 1210 legeS‚
1105 1137 1296 1212 plebis
1341 1148 1397 1193 et
1433 1138 1809 1213 optimatium
1845 1141 2163 1198 certamina

306 1228 494 1284 libero
526 1243 757 1298 egressu
777 1224 1204 1282 memorabant.
1289 1221 1479 1279 Nobis
1515 1224 1580 1279 in
1621 1236 1749 1282 arto
1776 1227 1839 1282 *et
1860 1225 2166 1300 „inglorius

304 1304 490 1370 labor.
576 1311 820 1366 immota
856 1309 1074 1385 quippe
1109 1319 1212 1366 aut
1243 1309 1476 1365 modice
1509 1309 1772 1367 lacessita
1811 1330 1954 1385 pati,
2005 1332 2167 1369 mae-

308 1410 426 1454 stae
458 1396 624 1453 urbis
663 1414 755 1451 res
789 1405 846 1451 et
878 1394 1152 1470 princeps
1182 1394 1525 1469 proferendi
1563 1394 1801 1471 imperii
1834 1397 2167 1454 incuriosus
2217 1440 2222 1444 -

308 1493 447 1541 erat.
532 1501 657 1538 non
694 1492 892 1537 tamen
917 1480 1043 1536 sine
1071 1500 1182 1538 usu
1206 1480 1385 1537 fuerit
1417 1481 1800 1557 introspicere
1833 1481 1935 1538 illa
1972 1469 2166 1558 primo

306 1578 539 1643 aspectu
583 1566 765 1635 levia,
822 1586 889 1622 ex
935 1565 1070 1642 quis
1114 1584 1466 1639 magnarum
1513 1587 1684 1643 saepe
1733 1587 1934 1624 rerum
1974 1581 2170 1626 motus

278 1654 601 1721 ,oriuntulu

478 1733 764 1794 XXXIII.
851 1735 1003 1792 Nam
1038 1748 1276 1794 cunctas
1308 1737 1580 1795 nationes
1615 1748 1672 1794 et
1703 1740 1879 1796 urbes
1915 1740 2171 1815 populus

311 1835 412 1881 aut
430 1824 720 1899 primores
742 1832 844 1877 aut
872 1822 1090 1896 singuli
1112 1834 1352 1897 regunt:
1397 1823 1621 1880 delecta
1649 1844 1716 1880 ex
1740 1820 1832 1880 his
1866 1836 1923 1881 et
1962 1845 2170 1889 conso-

311 1910 460 1967 ciata
506 1909 592 1964 rei
633 1907 907 1983 publicae
949 1909 1140 1965 forma
1175 1909 1407 1966 laudari
1440 1909 1672 1966 facilius
1707 1931 1885 1987 quam
1921 1912 2173 1980 evenire,

313 1997 405 2051 vel
433 1995 481 2050 si
509 1994 732 2062 evenit,
774 1989 935 2049 haud
972 1994 1252 2051 diuturna
1281 2015 1403 2052 esse
1427 2006 1637 2070 potest.
1725 1994 1916 2070 Igitur
1936 2008 2004 2054 ut
2029 1997 2174 2054 olim

309 2081 481 2155 plebe
515 2080 742 2147 valida,
784 2079 876 2134 vel
913 2100 1046 2135 cum
1083 2086 1285 2155 patres'
1310 2081 1634 2157 pollerent,
1676 2083 1971 2138 noscenda
2010 2082 2171 2155 vulgi

311 2177 521 2223 natura
558 2177 613 2221 et
644 2164 862 2241 quibus
888 2166 1083 2221 modis
1106 2178 1499 2241 temperanter
1519 2162 1869 2234 haberetur,
1910 2180 2174 2224 senatus-

371 2382 484 2428 CAP.
517 2382 589 2426 32.
656 2390 832 2425 veteres
869 2399 977 2439 pop.
1014 2385 1076 2428 R.
1113 2400 1207 2428 res.

319 2441 395 2486 Ob
436 2442 592 2486 locum
625 2441 664 2491 1,
692 2442 731 2483 1.
775 2440 1111 2484 Freinshemius
1165 2451 1206 2484 et

317 2498 518 2560 Ryckius
538 2497 788 2541 malebant:
836 2500 1002 2542 veteris
1015 2515 1125 2554 pop.
1147 2501 1208 2544 R.

317 2573 409 2601 res.
470 2555 558 2598 Sed
580 2555 641 2598 ibi
667 2563 873 2614 tempora
904 2556 1100 2609 diversa,
1136 2557 1210 2600 hic

265 2658 278 2664 ς
315 2632 387 2658 res
411 2614 610 2657 diversae
632 2612 713 2656 sibi
737 2612 935 2659 invicem
963 2630 1210 2673 opponun-

319 2682 408 2721 tur.

372 2731 520 2773 libero
539 2742 742 2782 egressu.
798 2727 1060 2786 Opponitur
1079 2731 1213 2772 labor

318 2789 366 2831 ίη
391 2794 512 2829 arto.
571 2785 779 2841 Namque
805 2802 875 2829 res
900 2802 1084 2844 magnae
1116 2803 1211 2830 non

318 2844 464 2889 solum
490 2843 678 2886 multam
702 2843 878 2887 dicendi
903 2845 1104 2901 copiam,
1135 2845 1212 2888 sed

319 2902 451 2946 etiam
493 2899 776 2945 occasionem
819 2901 1008 2958 pulchre
1044 2910 1089 2945 et
1131 2918 1209 2945 or·-

321 2967 422 3002 nate
483 2958 706 3003 scribendi
768 2959 1002 3015 praebent.

319 3016 495 3060 Achille
513 3032 608 3059 non
632 3015 763 3059 datur
787 3016 1029 3060 Homerus.

378 3074 428 3115 in
461 3081 583 3116 arto.
642 3072 720 3117 Sic
751 3074 851 3117 edd.
884 3073 933 3116 Li
969 3091 1002 3118 s.
1025 3090 1124 3132 sqq.
1156 3103 1214 3110 —-

320 3131 437 3174 Edd.
460 3130 672 3174 Beroald.
693 3129 838 3176 Rhen.
869 3131 925 3175 Al
963 3163 974 3174 .
997 3133 1046 3175 in
1068 3141 1214 3184 arom,

325 3188 400 3232 hic
420 3195 465 3240 et
487 3187 603 3230 alibi.

379 3252 546 3288 motus.

1103 2960 1214 3003 Sine

622 3244 797 3302 Lipsius
829 3245 1026 3290 coniecit
1059 3248 1216 3290 moni-

324 3311 417 3346 tus.
477 3300 681 3345 Probant
704 3303 1037 3348 Freinshemius
1062 3314 1105 3348 et
1127 3305 1213 3347 Er-

323 3357 731 3404 nestiusjnfelieem
747 3361 1069 3405 coniecturam.
1098 3362 1215 3405 Nam

324 3430 610 3471 magnarum
655 3418 827 3470 rerum‘
857 3421 1060 3462 monitus
1098 3422 1221 3462 oriri

323 3489 463 3516 nemo
505 3488 705 3531 unquam
737 3475 940 3518 audierit.
1008 3477 1216 3530 Magnae

325 3546 403 3573 res
440 3530 513 3574 hic
543 3546 636 3572 non
671 3540 773 3573 sunt
804 3534 1018 3587 wichtige
1045 3534 1214 3590 Ereio—

323 3589 469 3636 mkse,
509 3587 671 3643 grosse
705 3589 1101 3642 Begehenhm'tm,
1148 3594 1211 3635 uti

1280 2385 1432 2429 serunt
1464 2387 1734 2430 nostratium
1766 2387 2178 2446 interpretationes3
2208 2406 2210 2411 ’

1280 2443 1357 2486 sed
1389 2441 1546 2503 grosse
1566 2444 1758 2499 Dinge.
1775 2446 1986 2499 wichtige
2015 2446 2173 2500 Ange-

1279 2503 1576 2554 legenheiten.
1667 2504 1953 2557 Magnarum
2014 2517 2174 2546 rerum

1280 2565 1438 2601 motus
1478 2560 1698 2602 oriuntur
1745 2561 1787 2603 h.
1822 2577 1860 2602 e.
1900 2575 1950 2602 es·
1988 2564 2178 2603 werden

1280 2612 1438 2673 grosse
1454 2614 1609 2669 Dinge
1634 2618 1684 2658 in
1699 2617 1964 2671 Bewegung
1987 2625 2178 2671 gesetzt,

1282 2674 1488 2727 wichtige
1524 2676 1948 2729 Angelegenheiten
1990 2677 2180 2729 hringen

1283 2734 1440 2772 dauon
1465 2732 1539 2772 ab.
1599 2731 1651 2774 In
1679 2747 1773 2774 uno
1804 2733 1964 2776 liberto
1996 2733 2178 2789 eiusque
2220 2734 2222 2740 ’

1285 2786 1456 2831 artibus
1500 2803 1630 2847 saepe
1673 2790 1810 2834 totius
1850 2788 2023 2849 imperii
2063 2792 2178 2834 sal-us

1284 2846 1563 2891 volvebatur.
1780 2868 1785 2869 ⁷

1343 2900 1456 2947 CAP.
1477 2901 1549 2947 33.
1609 2906 1891 2950 consociata.
1951 2903 2063 2948 Cod.
2079 2904 2180 2948 MS.

1289 2963 1548 3013 consciata5
1594 2961 1694 3004 edd.
1738 2961 1938 3006 Beroald.
1980 2962 2178 3020 aliaeque

1287 3026 1396 3064 vett.
1438 3019 1706 3063 constituta.
1785 3020 1872 3064 lac.
1917 3018 2180 3064 Gronovius
2215 3041 2219 3045 ·

1289 3076 1513 3119 coniecit:
1552 3080 1859 3128 concinnatam
1891 3075 2102 3120 Gebauer
2131 3077 2178 3119 in

1289 3133 1392 3177 diss.
1428 3133 1483 3176 de
1516 3149 1608 3191 reg.
1633 3151 1701 3192 ap.
1727 3133 1883 3178 Germ.
1908 3149 2056 3176 nom.:
2087 3149 2175 3177 ex-

1287 3193 1482 3234 usciata.
1543 3190 1728 3249 Optime
1748 3191 1978 3234 Ernestius
2006 3200 2048 3235 et
2077 3200 2177 3250 post

1288 3265 1390 3291 eum
1416 3264 1572 3292 omnes
1595 3249 1696 3295 edd.
1721 3251 2000 3292 consociata.

1342 3313 1550 3351 natura..
1615 3305 1924 3350 Herrmannus
1958 3306 2055 3351 vult
2087 3321 2179 3349 na-

1288 3371 1444 3406 turam
1477 3363 1722 3422 locumque
1754 3361 1974 3408 construit
1998 3364 2087 3407 sic:
2129 3371 2178 3405 ut

1287 3421 1326 3462 ii
1347 3420 1510 3463 callidi
1540 3429 1573 3463 t.
1601 3430 1646 3463 et
1669 3438 1706 3469 s.
1741 3424 2074 3472 credebantur,
2103 3422 2180 3477 qui
2212 3443 2222 3484 ἱ

1287 3493 1351 3521 m.
1391 3480 1739 3532 perdidicerant
1787 3480 1897 3521 olim
1939 3483 2179 3521 noscenda

1287 3537 1452 3590 (neutr.
1486 3535 1646 3593 plum),
1690 3539 1818 3590 vulgi
1841 3543 2093 3585 naturam,
2134 3544 2178 3578 et
2212 3548 2222 3562 ³

1286 3595 1446 3647 quibus
1480 3609 1542 3636 m.
1582 3601 1614 3643 t,
1649 3596 1920 3640 haberetur,
1964 3601 2176 3636 senatus-
