2222 4030
566 245 743 308 LIB.
780 243 886 306 IV.
970 240 1168 306 CAP.
1203 244 1306 307 30.
1340 245 1443 307 31.
1806 249 1927 308 321

70 382 139 438 in
170 378 479 457 praecipiti
514 387 870 453 conquestus
902 383 1074 431 esset:
1129 373 1535 435 subverterent
1567 376 1765 453 potius
1797 376 1932 437 iura

70 487 249 543 quam
283 465 552 524 custodes
582 481 790 518 eorum
814 469 1172 517 amoverent.
1258 455 1359 515 Sic
1386 461 1706 533 delatoreS,
1743 482 1929 538 genus

67 548 387 608 hominum
406 547 645 626 publico
671 545 847 602 exitio
872 554 1168 620 repertum
1193 552 1250 598 et
1270 545 1478 617 poenis
1502 547 1743 623 quidem
1769 569 1932 606 nun.

70 657 250 714 quam
275 635 414 692 satis
440 631 787 699 coercitum,
829 649 937 704 per
959 627 1222 705 praemia
1247 627 1651 692 eliciebantur.
1950 684 1955 689 .

237 716 463 778 XXXI.
546 714 661 773 His
691 726 814 772 tam
847 714 1111 771 adsiduis
1140 724 1378 789 tamque
1417 718 1652 773 maestis
1698 720 1931 778 modica

68 806 292 864 laetitia
331 801 713 870 interiicitur,
756 800 918 878 quod
942 797 1010 859 C.
1032 797 1376 857 Cominium
1419 800 1675 876 equitem
1703 802 1932 862 Roma..

67 912 216 949 num
237 888 515 967 probrosi
544 887 612 943 in
644 905 704 942 se
741 885 1020 943 carminis
1054 882 1390 942 convictum
1414 881 1628 942 Caesar
1659 890 1934 963 precibus

66 975 296 1045 fratris,
334 974 439 1052 qui
471 983 708 1030 senator
736 981 888 1040 erat,
931 969 1234 1028 concessit.
1320 965 1458 1042 Quo
1492 971 1678 1044 magis
1710 973 1933 1032 mirum

68 1058 429 1130 habebatur,
468 1077 721 1133 gnarum
742 1055 1061 1112 meliorum
1092 1066 1149 1112 et
1185 1074 1334 1132 quae
1366 1055 1523 1112 fama
1561 1057 1934 1128 clementiam

69 1156 440 1224 sequeretur,
482 1142 744 1201 tristiora
780 1140 978 1200 malle.
1063 1159 1256 1217 neque
1294 1139 1453 1196 enim
1491 1143 1762 1200 socordia
1795 1165 1934 1220 pec-

67 1234 269 1301 cabat,
320 1250 431 1286 nec
475 1228 775 1286 occultum
800 1233 938 1296 cst,
985 1227 1226 1302 quando
1264 1245 1332 1282 ex
1362 1226 1635 1299 veritate,
1692 1231 1933 1306 quando

66 1317 416 1376 adumbrata
439 1314 660 1371 laetitia
691 1313 844 1369 facta
869 1312 1295 1386 imperatorum
1321 1311 1708 1374 celebrentur.
1748 1360 1749 1363 η
1785 1315 1936 1392 quin

67 1404 194 1479 ipse
223 1399 583 1475 compositus
619 1397 765 1454 alias
798 1408 855 1454 et
878 1397 1042 1453 velut
1064 1395 1451 1454 eluctantium
1474 1398 1794 1457 verborum
1837 1420 1936 1458 so—

66 1488 251 1547 lutius
291 1483 742 1562 promptiusque
779 1481 1193 1558 eloquebatur,
1251 1482 1526 1559 quotiens
1574 1485 1935 1548 subveniret.

0 1575 25 1660 J·
66 1569 152 1632 At
182 1571 252 1633 P.
287 1570 548 1630 Suilium
590 1580 962 1646 quaestorem
1011 1567 1315 1644 quondam
1359 1565 1734 1641 Germanici,
1800 1592 1938 1630 cum

66 1659 238 1718 Italia
278 1667 577 1714 arceretur
615 1654 919 1711 convictus
950 1652 1266 1729 pecuniam
1300 1653 1379 1709 ob
1404 1673 1530 1709 rem
1558 1654 1961 1729 iudicandam

66 1745 313 1821 cepisse,
379 1740 779 1798 amovendum
818 1739 886 1795 in
924 1737 1182 1795 insulam
1229 1738 1458 1796 censuit
1491 1750 1655 1798 tanta
1693 1753 1941 1800 conten—

65 1831 229 1890 tione
261 1827 479 1897 animi,
529 1837 599 1883 ut
632 1837 688 1883 et
720 1825 975 1882 iurando
1015 1823 1407 1897 obstringeret
1438 1843 1469 1880 e
1499 1845 1565 1882 re
1597 1826 1838 1902 publica
1874 1828 1940 1885 id

66 1936 207 1976 esse.
305 1912 489 1987 Quod
534 1931 739 1987 aspere
772 1920 1076 1986 acceptum
1113 1910 1188 1965 ad
1221 1928 1497 1985 praesens
1533 1931 1670 1968 mox
1710 1912 1776 1968 in
1806 1913 1941 1972 lau-

66 2003 200 2060 dem
246 1998 425 2056 vertit
471 2016 731 2072 regresso
770 1994 990 2054 Suilio:
1055 2015 1234 2071 quem
1280 1994 1434 2052 vidit
1483 2015 1731 2073 sequens
1781 2010 1967 2056 aetas«

63 2097 536 2165 praepotentem,
579 2082 850 2139 venalem
877 2092 933 2138 et
957 2078 1199 2138 Claudii
1224 2078 1511 2156 principis
1546 2082 1805 2140 amicitia
1832 2085 1941 2142 diu

62 2190 372 2250 prospere,
414 2188 724 2245 nunquam
758 2167 911 2223 bene
942 2186 1134 2225 usum.
1220 2162 1451 2221 Eadem
1484 2186 1678 2241 poena
1720 2167 1787 2224 in
1822 2167 1940 2227 Ca—

64 2270 193 2316 tum
218 2254 513 2314 Firmium
535 2264 867 2310 senatorem
895 2251 1201 2321 statuitur,
1245 2261 1530 2327 tanquam
1556 2252 1721 2321 falsis
1752 2255 1940 2312 maie-

64 2343 230 2402 statis
267 2339 620 2399 criminibus
656 2358 920 2396 sororem
952 2332 1270 2413 petivisset.
1356 2331 1569 2406 Catus,
1611 2349 1678 2396 ut
1710 2341 1936 2411 rettuli,

61 2427 360 2487 Libonem
397 2425 684 2482 inlexerat
732 2422 1000 2492 insidiis,
1052 2421 1270 2478 deinde
1314 2420 1538 2479 indicio
1584 2425 1936 2499 perculerat.

64 2513 192 2571 eius
223 2531 437 2590 operae
473 2529 707 2567 memor
729 2506 1037 2578 TiberiuS,
1081 2508 1183 2563 sed
1218 2506 1334 2563 alia
1371 2509 1795 2582 praetendens,
1839 2531 1939 2568 ex-

156 245 212 283 Ᾰ.
227 240 281 281 U.
300 245 382 283 777.

156 292 210 328 Δ.
225 288 272 326 C.
316 289 379 323 24.

122 2757 239 2804 CAl’.
274 2755 348 2801 81.
427 2754 644 2799 Suilae‘um.
723 2752 802 2797 Sic
854 2752 961 2797 edd.
1036 2751 1311 2796 Rhen.A1d.
1336 2751 1516 2811 Micyll.
1547 2757 1936 2801 ammonendum.

62 2817 185 2877 Lips.
207 2831 309 2875 sqq.
356 2812 478 2857 Vett.
502 2810 852 2856 edd.Su1·111·um.
898 2809 961 2855 cf.

63 2873 208 2921 ovid.
240 2889 291 2917 ex
318 2871 452 2915 Pont.
486 2869 529 2920 4,
552 2870 594 2923 8,
619 2871 657 2913 1.
716 2874 965 2912 arceretur

60 2933 108 2978 h.
142 2948 181 2976 e.
215 2946 319 2976 cum
352 2936 586 2972 censerent
617 2943 722 2970 eum
757 2941 851 2971 esse
883 2941 959 2969 ar-

62 2989 277 3036 cendum.
335 2986 395 3032 cf.
423 2994 519 3029 not.
543 2984 599 3030 ad
621 2983 663 3037 3,
687 2984 754 3028 17.

120 3062 176 3104 ob
213 3073 316 3102 rem
347 3057 667 3101 iudicandam.
740 3053 817 3099 Sic
852 3053 959 3099 cod.

60 3118 165 3165 MS.
197 3115 298 3161 edd.
334 3123 446 3159 ven.
480 3130 581 3173 sqq.
661 3110 840 3156 Deinde
880 3126 960 3170 per

60 3176 283 3222 Piehenae
319 3172 424 3218 edit.
463 3170 707 3230 inrepserat
750 3171 807 3211 ob
855 3184 959 3211 rem

63 3236 342 3280 indotatam,
384 3229 507 3289 quod
535 3227 734 3272 defendit
761 3225 959 3287 Ryckius

63 3287 372 3336 auctoritatis?
409 3302 556 3338 narus,
589 3302 675 3354 qua
701 3285 858 3329 nititur
882 3283 961 3325 iu-

60 3349 333 3393 dicandam.

62 3405 226 3451 novius
252 3419 349 3463 sqq.

122 3476 308 3532 cepisse.
366 3473 443 3517 Sic
471 3470 574 3515 edd.
600 3471 744 3515 Rben.
772 3485 876 3536 sqq..
905 3496 959 3505 -

64 3533 179 3578 Edd.
198 3533 300 3577 Ber.
324 3531 425 3575 Alc.
449 3529 678 3581 coepisse,
710 3529 876 3584 vulgar·
913 3526 958 3570 in

65 3591 150 3636 inis
165 3589 289 3635 editt.
316 3587 436 3631 vitio.
499 3586 607 3630 Mox
630 3586 731 3630 edd.
746 3585 845 3627 Ber.
862 3582 959 3629 Alc.

149 3657 393 3708 Tunes
423 3652 466 3705 I.

415 3344 493 3388 loc
514 3342 702 3388 restituit
726 3343 816 3387 lac.
834 3340 956 3385 Gro-
983 3386 989 3390 ,

1035 2810 1149 2854 Edd.
1174 2808 1294 2870 Lips.
1320 2826 1421 2870 sqq.
1442 2814 1776 2857 amovendum.

1092 2894 1403 2949 obstringeret
1436 2908 1461 2935 e
1488 2908 1540 2937 re
1555 2909 1606 2948 p.
1629 2895 1678 2938 id
1697 2909 1812 2940 esse.
1874 2895 1935 2941 cs.

1034 2960 1129 2997 not.
1151 2951 1206 2995 ad
1235 2953 1273 3003 1,
1299 2951 1369 2995 14.

1087 3030 1140 3065 ue
1166 3022 1339 3065 rettuli.
1400 3021 1460 3067 cs.
1479 3022 1523 3072 2,
1545 3021 1603 3067 27
1631 3038 1730 3083 sqq.
1827 3031 1830 3035 “

1090 3093 1278 3136 indicio.
1355 3092 1416 3135 Ex
1464 3093 1781 3138 emendatione
1814 3094 1936 3139 Ver-

1034 3150 1190 3219 transs,
1243 3166 1377 3209 quam
1421 3165 1632 3209 recepere
1667 3150 1936 3254 Htw-sqq.

1031 3209 1148 3252 Md.
1183 3206 1286 3251 Ber.
1314 3207 1411 3252 Ate.
1436 3207 1578 3253 Rhen.
1611 3209 1718 3253 ΑΜ.
1752 3209 1879 3270 Micy
1921 3242 1933 3254 .

1035 3267 1227 3317 iudicio,
1260 3265 1332 3309 vu!
1366 3264 1432 3310 ari
1464 3264 1584 3310 vitio.
1647 3266 1711 3312 cf.
1746 3274 1842 3311 not.
1877 3268 1934 3312 ad

1035 3324 1147 3367 nist.
1174 3325 1213 3374 1,
1234 3322 1277 3367 8.
1385 3338 1427 3368 n.
1457 3323 1523 3376 14,
1546 3323 1616 3368 50.

1084 3409 1365 3462 perculerat.
1455 3405 1512 3450 Η.

1033 3472 1269 3510 everterat.
1343 3463 1405 3508 cf.
1424 3464 1669 3509 Suet-'sib-
1699 3465 1827 3510 c.55.
1857 3481 1931 3509 oe-

1033 3532 1184 3574 tems,
1214 3522 1365 3587 alium
1398 3523 1500 3566 alta
1532 3526 1591 3565 de
1621 3537 1789 3573 causa,
1815 3538 1931 3579 per-

1032 3580 1162 3625 culit-

1406 3643 1460 3698 X

1570 3423 1609 3450 e.
1661 3406 1933 3466 perdiderat.
