2222 4030
185 2445 200 2485 l

270 199 392 260 384
933 190 1448 278 ANNALIUM
1816 192 2036 230 A·U··⁷8⁵·

1815 238 1868 275 A.
1882 237 1937 273 C.
1973 239 2033 273 32.

267 351 303 388 a
346 325 708 395 coniunctiS,
762 323 983 381 amicos
1025 325 1101 381 ab
1145 322 1391 403 ignotis,
1443 323 1590 400 quid
1631 342 1842 403 repens
1887 340 1990 386 aut
2018 349 2122 386 ve-

267 425 478 473 tustate
509 411 851 468 obscurum:
892 408 1141 485 perinde
1173 408 1239 463 in
1271 407 1403 464 foro
1421 453 1438 477 ‚
1480 409 1546 465 in
1581 411 1854 469 convivio
1890 433 2123 491 quaqua

268 502 342 556 de
377 517 443 554 re
474 495 659 554 locuti
693 494 1142 563 incusabantur,
1191 503 1260 550 ut
1299 492 1432 568 quis
1466 496 1812 570 praevenire
1859 508 1914 555 et
1955 518 2124 555 reum

269 584 564 642 destinare
597 590 900 656 properat,
955 597 1091 655 pars
1125 577 1201 634 ad
1247 578 1578 637 subsidium
1612 581 1732 651 sui,
1790 582 1992 657 plures
2027 583 2126 640 in—
2173 565 2175 567 V

265 669 404 726 secti
459 666 627 743 quasi
667 665 1003 722 valetudine
1049 674 1107 719 et
1162 675 1450 724 contactu,
1563 664 1682 724 Sed
1722 665 2028 725 Minucius
2070 680 2156 726 et-

268 753 556 812 Servaeus
579 750 841 808 damnati
863 747 1160 804 indicibus
1183 767 1488 810 accessere.
1571 752 1861 829 tractique
1892 764 2030 810 sunt
2062 754 2128 810 in

268 858 468 896 casum
505 835 759 894 eundem
795 832 982 891 Iulius
1007 827 1326 890 Africanus
1354 855 1384 890 e
1410 832 1690 892 Santonis
1716 835 1947 896 Gallica
1983 839 2131 895 civi-

269 935 418 994 tate,
469 916 640 980 Seius
675 918 1040 994 Quadratus:
1093 917 1386 991 originem
1423 939 1550 975 non
1584 922 1837 996 repperi.
1936 943 2130 1001 neque

270 1029 403 1066 sum
437 1006 679 1082 ignarus
726 1025 758 1060 a
805 1003 1100 1079 plerisque
1134 1002 1518 1079 scriptoribus
1553 1005 1768 1064 omissa
1803 1001 2134 1065 multorum

268 1093 531 1171 pericula
566 1103 623 1148 et
655 1108 903 1165 poenaS,
946 1088 1094 1145 dum
1128 1088 1297 1164 copia
1318 1088 1597 1147 fatiscunt
1633 1102 1766 1162 aut,
1810 1112 1960 1169 quae
1990 1093 2133 1170 ipsis

2213 394 2222 465 ,ιι-ομ...

269 1179 459 1235 nimia
484 1188 541 1235 et
563 1186 783 1232 maesta
813 1174 1078 1245 fuerant,
1121 1193 1196 1229 ne
1230 1175 1364 1250 pari
1398 1174 1593 1232 taedio
1631 1176 1885 1235 lecturos
1920 1178 2135 1236 adfice-
2219 1237 2222 1245 ,

271 1275 438 1334 rent,
479 1271 776 1320 verentur.
863 1259 1038 1316 nobis
1058 1258 1339 1344 pleraque
1368 1260 1547 1335 digna
1573 1261 1814 1336 cognitu
1843 1263 2136 1321 obvenere

271 1347 612 1428 quanquam
639 1345 714 1402 ab
742 1343 874 1401 aliis
901 1344 1278 1406 incelebrata.

440 1428 610 1490 VIII.
672 1429 827 1488 Nam
874 1450 941 1487 ea
985 1432 1355 1507 tempestate,
1419 1451 1536 1508 qua
1576 1430 1781 1490 Seiani
1815 1433 2138 1491 amicitiam
2214 1431 2222 1499 J

272 1519 450 1577 ceteri
481 1517 630 1573 falso
671 1527 980 1585 exuerant,
1020 1534 1198 1573 ausus
1223 1527 1309 1573 est
1347 1536 1522 1593 eques
1553 1514 1867 1576 Romanus
1902 1516 1991 1579 M.
2018 1517 2140 1577 Te·-

270 1605 499 1662 rentius
528 1602 607 1659 ob
633 1600 695 1658 id
721 1621 855 1658 reus
887 1601 1162 1677 amplecti
1199 1601 1275 1658 ad
1307 1597 1468 1659 hunc
1498 1603 1748 1660 modum
1777 1604 1938 1680 apud
1970 1623 2141 1661 sena—

270 1702 401 1748 tum
427 1687 744 1745 ordiendo:
802 1684 1154 1756 „Fortunae
1187 1687 1431 1764 quidem
1467 1707 1631 1744 meae
1665 1688 1911 1746 fortasse
1941 1689 2142 1747 minus

271 1773 589 1850 „expediat
612 1791 926 1847 agnoscere
956 1771 1181 1830 crimen
1218 1793 1397 1850 quam
1432 1772 1712 1836 abnuere.
1794 1775 1898 1832 sed
1928 1786 2143 1834 utcun-

333 2007 521 2049 repens.
580 1991 659 2036 Sic
691 1991 794 2036 cod.
822 1991 926 2035 MS.
963 1991 1066 2034 edd.
1090 1991 1176 2034 Be·
1248 1990 1465 2050 invenies!
1495 1991 1542 2059 in
1581 1991 1686 2036 edd.
1723 1992 1819 2038 aliis
1860 1993 2144 2053 quibusdam.

275 2050 421 2096 roald.
460 2050 560 2095 Alc.
600 2048 803 2092 Rhenan.
841 2065 940 2116 sqq..
1020 2049 1079 2093 Et
1118 2065 1177 2092 ne
1250 2049 1421 2092 Veram
1454 2057 1730 2108 scripturum
1765 2067 2010 2110 reposuere
2029 2051 2147 2096 Nau·

278 2125 384 2152 cum
437 2108 639 2151 Iucundo
681 2107 931 2150 Veronensi
979 2106 1178 2164 corrigas
1251 2105 1403 2159 detus,
1434 2106 1784 2161 Liinemannus,
1811 2107 2056 2153 Bekkerus.

276 2180 458 2216 recens,
489 2172 648 2209 cavent
670 2165 870 2222 exempla
891 2163 999 2207 infr.
1022 2166 1087 2216 11,
1103 2166 1176 2207 24.
1837 2167 1839 2169 ’

277 2238 373 2266 non
394 2255 404 2266 .
423 2254 434 2264 .
450 2254 461 2265 .
481 2236 653 2277 repens
666 2255 678 2272 ‚
709 2225 793 2263 sed
824 2223 983 2273 priori
1004 2224 1177 2277 populo

265 2281 544 2338 factitatum
574 2286 672 2330 est5
716 2280 783 2329 15,
805 2279 877 2321 68.
916 2286 1179 2322 accesserat

278 2351 448 2393 repens
480 2351 642 2379 causa.
700 2335 813 2378 Hist.
839 2332 880 2386 4,
900 2335 973 2378 25.
1008 2350 1180 2390 repens

273 2394 491 2452 perfidia.
534 2393 711 2449 ⁴Nequ³e
743 2401 830 2441 est,
864 2392 988 2452 quod
1018 2393 1067 2435 in
1097 2393 1182 2436 hac

279 2467 390 2496 voce
411 2451 719 2503 offendamus3
744 2450 889 2492 immo
917 2457 1178 2494 accuratum

278 2509 359 2557 hic
398 2508 669 2566 scriptorem
710 2506 1052 2563 cognoscimus,
1105 2506 1183 2565 qui

282 2566 520 2625 diligenter
542 2564 755 2608 discernit
777 2577 942 2606 recens
964 2563 1009 2607 h.
1033 2581 1072 2608 e.
1098 2579 1185 2607 usu

280 2621 899 2739 ζῗῗυέἶῇξζήίἓὲζὲἱῇῖα-ῐζ),
933 2629 1188 2737 ἓξιρὶῖρῖἲ
1256 2648 1378 2702 „vult
1396 2647 1619 2706 originem
1643 2649 1905 2716 calamitatis
1923 2650 2126 2694 eorum?

281 2744 381 2782 tum'
404 2738 476 2784 vel
500 2737 672 2781 factum.
703 2737 979 2793 (nouveau).
1312 2734 1374 2761 ¹²⁶
1394 2719 1524 2788 Ραῗί·
1583 2719 1699 2771 Sunt
1726 2719 1826 2787 ΨΜ·
1858 2737 1971 2778 quae
1993 2719 2158 2788 habffnf

337 2803 585 2851 properat..
624 2795 807 2837 Frustra
832 2793 1054 2838 lacessunt
1077 2809 1184 2838 con,
1256 2793 1337 2821 nec
1362 2790 1483 2830 part.
1519 2773 1637 2848 [Sed
1664 2778 1794 2821 locus
1826 2778 2035 2847 cohaeret
2069 2794 2157 2823 Sic:

282 2854 481 2897 iiciendo
508 2860 700 2907 poterat
733 2851 916 2908 (Lips.),
952 2865 1186 2907 propera·
1256 2842 1341 2879 θαι
1375 2841 1625 2884 veremur,
1666 2849 1727 2877 ηε
1757 2850 1872 2890 pasl
1893 2836 2157 2903 ···’‘⁰f²fif⁴{‘

282 2911 623 2966 hat(Mu1-et.)‚
658 2917 946 2964 properarat
977 2909 1186 2965 (Heius.).
1256 2899 1384 2941 ''em‘’
1432 2906 1550 2948 quae
1577 2923 1590 2935 ·
1615 2924 1627 2935 ·
1655 2923 1667 2934 ·
1685 2892 1914 2961 sufrant2
1986 2891 2157 2959 Sl¹f¹¹l¹s

283 2969 402 3011 Nam
443 2975 485 3010 et
527 2968 722 3011 verbum
762 2966 932 3009 iustum
978 2974 1044 3010 est
1091 2966 1188 3023 (qui
1257 2951 1388 3009 plane
1412 2949 1723 2992 membrorum
1748 2966 1947 2997 inversm
1966 2959 2032 2995 est
2048 2950 2157 2994 infr.

285 3015 382 3068 vult
402 3024 674 3085 praevenire,
703 3024 740 3067 is
759 3027 988 3082 properat)
1011 3032 1054 3067 et
1077 3033 1187 3067 tem·
1263 3008 1331 3075 123
1355 3008 1398 3050 2·
1437 3014 1484 3054 εἰ·
1500 3006 1730 3062 familiae
1751 3040 1763 3051 ·
1781 3040 1792 3050 ·
1808 3040 1820 3052 ·
1847 3023 1984 3063 ‘luae-
2042 3008 2159 3052 Vide

285 3099 374 3142 pus*
391 3097 602 3140 praesens
625 3081 674 3124 in
695 3083 772 3124 tali
796 3089 1005 3124 con-textu
1028 3081 1189 3124 Tacito
1261 3067 1324 3110 lbl
1348 3072 1446 3108 ¹¹0¹·

287 3139 646 3184 usitatissimum.
698 3139 810 3181 Vide
828 3154 931 3180 mox
938 3139 1191 3195 fatiscunt.
1321 3136 1434 3180 CAP.
1457 3135 1497 3177 8.
1529 3137 1764 3190 amplecti.
1825 3136 2034 3179 Heinsius
2058 3135 2157 3178 fru-

289 3198 350 3242 cf.
375 3205 469 3240 not.
492 3196 547 3239 ad
567 3195 679 3239 Hist.
706 3195 746 3247 3,
765 3198 831 3238 10.
861 3197 943 3239 sub
970 3213 1011 3239 v,
1036 3210 1192 3250 asper·
1265 3202 1354 3237 stra
1381 3200 1535 3248 auget:
1560 3196 1729 3249 palam
1753 3196 1986 3248 amplecti.
2048 3193 2159 3238 Ver-

288 3263 472 3297 namur
482 3286 494 3305 ,
524 3253 579 3296 ad
603 3254 693 3296 An.
718 3255 759 3303 Ξ,
782 3251 855 3296 23.
882 3255 964 3298 sub
989 3269 1030 3297 v,
1051 3268 1190 3307 prae·
1264 3252 1374 3294 bum
1421 3251 1517 3293 sine
1562 3250 1777 3295 adverbio
1824 3250 2006 3294 sufficit.
2086 3252 2161 3294 Ad

289 3313 564 3366 cipitantur.
635 3310 918 3354 Praecedens
948 3313 1192 3354 incumbo·
1267 3307 1520 3351 orationem
1562 3307 1760 3359 Terentii
1800 3309 1973 3365 Lipsius
2030 3309 2161 3365 aptis-

292 3377 368 3411 τω·
388 3370 584 3411 multum
609 3369 758 3416 abest,
790 3376 839 3410 ut
863 3368 1066 3427 requirat
1083 3383 1193 3422 pro-
1266 3366 1378 3408 sime
1421 3365 1576 3409 excitat
1614 3363 1741 3408 Curt.
1772 3365 1814 3419 7,
1852 3369 1892 3409 1.
1958 3365 2014 3409 cf.
2048 3366 2157 3409 ibid.

289 3429 490 3480 perabat
513 3425 585 3469 vel
604 3434 913 3479 properarat.
1266 3423 1307 3474 6,
1333 3426 1400 3466 10.

349 3490 576 3525 contactu.
640 3483 723 3526 Ed.
758 3481 917 3526 Oberl.
952 3498 1192 3540 operarum
1324 3493 1590 3535 agnoscere.
1658 3479 1774 3524 Edd.
1813 3480 2022 3523 Beroald.
2059 3480 2159 3524 Alc.

296 3556 447 3584 errore
481 3548 746 3592 contractu,
795 3541 916 3597 quod
956 3541 1192 3599 repetitum
1266 3537 1467 3584 Rhenan.
1492 3537 1594 3582 Ald.
1622 3553 1721 3598 sqq.
1748 3541 2015 3583 adnoscere.
2073 3536 2162 3581 Sed

1310 2177 1536 2221 indicibus
1579 2192 1824 2223 accessere.
1907 2179 1976 2224 Ut
2023 2195 2146 2238 supr.

1253 2251 1292 2280 c.
1312 2234 1355 2278 3.
1379 2234 1414 2278 f.
1448 2235 1748 2280 Paconianus.

1309 2305 1540 2360 originem
1563 2320 1658 2347 non
1683 2298 1878 2363 repperi.
1936 2306 2015 2351 Sic
2047 2306 2149 2350 edd.

1252 2363 1464 2407 Beroald.
1486 2364 1590 2407 Alc.
1614 2363 1818 2408 Rhenan.
1845 2381 1946 2423 sqq.
1977 2380 2151 2408 omnes.

1253 2420 1351 2463 Nec
1385 2436 1499 2476 opus
1532 2428 1597 2464 est
1638 2422 1980 2466 emendatione:
2024 2422 2154 2466 cuius

1255 2491 1326 2520 or.
1340 2491 1439 2519 non
1458 2491 1519 2528 r.,
1553 2493 1687 2533 quam
1707 2495 1729 2521 e
1747 2479 2010 2523 cod.Ursini
2032 2477 2153 2521 adfe-

1254 2541 1379 2578 runt.
1451 2532 1662 2578 Ceterum
1695 2537 1922 2590 originem
1953 2533 2153 2592 intellige

1257 2590 1492 2648 Quadrati,
1514 2591 1554 2635 h.
1571 2608 1607 2634 e.
1622 2593 1742 2635 unde
1756 2601 1882 2636 ortus
1895 2592 1965 2637 sit.
1992 2592 2155 2636 Kiessl.
