2222 4030
142 238 198 326 ἐς
210 237 264 318 ’ἐζ
281 233 367 318 ⁷22:

660 233 836 296 LIB.
862 231 917 295 Ι.
988 228 1185 294 CAP.
1225 234 1319 311 19.
1475 297 1477 299 ,

227 369 396 432 XIX.
479 362 891 441 Adgerebatur
931 357 1329 435 nihilominus
1372 381 1635 439 caespeS,
1688 362 1923 440 iamque

1737 193 1756 217 ὁ

1841 236 1923 298 89

58 458 284 537 pectori
319 474 509 531 usque
546 436 914 519 adcreverat,
967 467 1103 505 cum
1139 447 1379 506 tandem
1421 448 1748 521 pervicacia
1785 448 1928 505 victi

61 546 360 620 inceptum
398 557 665 597 omlsere.

769 533 1044 603 Blaesus,
1098 532 1287 589 multa
1326 532 1563 589 dicendi
1601 544 1756 604 arte,
1800 553 1926 612 non

59 651 167 708 per
201 626 552 685 seditionem
590 633 647 679 et
680 621 885 678 turbas
918 616 1207 675 desideria
1230 615 1492 672 militum
1517 619 1592 674 ad
1615 617 1927 676 Caesarem

60 714 304 772 ferenda
330 710 440 769 ait:
483 727 676 783 neque
706 716 933 762 veteres
967 703 1042 760 ab
1080 701 1538 777 imperatoribus
1573 703 1780 777 priscis
1818 723 1927 760 ne-

60 819 176 876 que
207 798 365 873 ipsos
398 814 432 850 a
468 792 610 849 divo
632 787 900 866 Augusto
931 800 1052 846 tam
1076 807 1234 844 nova
1268 786 1568 862 petivisse:
1622 801 1678 845 et
1716 809 1930 863 parum

61 885 127 941 in
149 894 410 957 tempore
432 877 782 952 incipientes
804 873 1088 951 principis
1110 891 1279 929 curas
1307 871 1561 930 onerari.
1636 871 1704 929 Si
1731 884 1927 936 tamen

60 969 371 1028 tenderent
395 964 460 1019 in
488 982 628 1038 pace
654 973 906 1030 tentare,
950 978 1098 1036 quae
1126 977 1201 1013 ne
1236 956 1500 1013 civilium
1530 955 1771 1032 quidem
1795 959 1927 1015 bel-

59 1056 259 1112 lorum
298 1051 551 1107 victores
592 1044 1120 1123 expostulaverint,
1164 1063 1270 1100 cur
1311 1053 1517 1099 contra
1551 1062 1780 1098 morem
1819 1043 1931 1100 ob-

63 1137 284 1216 sequii,
346 1146 553 1193 contra
582 1134 672 1191 fas
707 1130 1055 1207 disciplinae
1090 1128 1215 1185 vim
1248 1126 1655 1185 meditentur?
1724 1127 1930 1185 decer-

118 1345 232 1394 CAP.
257 1344 325 1389 19.
383 1342 720 1398 Adgerebatur.
774 1341 894 1384 Vett.
916 1347 961 1384 et

63 1412 252 1450 reoentt.
276 1400 380 1446 edd.
410 1401 744 1455 aggerebatur,
780 1407 960 1457 praeter

62 1463 343 1509 Nandetum,
383 1459 460 1518 qui
492 1457 656 1502 edidit:
696 1458 962 1511 adgereba-

63 1530 155 1565 ων.
197 1518 258 1563 cs.
274 1519 319 1567 2,
341 1516 408 1560 5⁷.
430 1516 472 1564 3,
491 1516 562 1560 67.
612 1514 734 1559 Num
754 1528 960 1568 aggera-

61 1580 239 1623 batur?
275 1574 335 1621 cf.
357 1591 397 1619 c.
415 1574 472 1618 61
495 1582 539 1616 et
560 1571 631 1616 63.

118 1663 305 1717 iamque
321 1659 502 1711 pectori·
516 1672 674 1713 usque.
733 1655 847 1700 Cod.
859 1656 963 1700 MS.

62 1729 163 1767 test.
185 1720 277 1763 lac.
298 1715 535 1761 Gronovio
561 1716 742 1770 pectori
765 1715 963 1771 eiusque,

63 1778 186 1824 unde
218 1774 295 1818 ille
330 1773 463 1819 facin
505 1774 855 1828 pectoribusque
891 1772 962 1815 vel

59 1833 240 1894 pectori
266 1840 313 1876 ee
350 1846 495 1887 usque
535 1834 744 1879 ada-ev..
790 1830 962 1889 impro-

64 1896 201 1939 bante
255 1887 574 1948 Wopkensio.
672 1887 790 1931 Vett.
858 1887 961 1931 edd.

65 1952 241 2007 vulgata
313 1946 466 1989 serunt
488 1977 502 1995 ,
586 1944 686 2003 quis
757 1945 962 2000 adquies-

67 2010 226 2056 cimus„
313 2003 501 2047 Pectora·
535 2002 702 2062 pendet
734 2015 767 2045 'e
822 2002 960 2045 verbo

65 2070 368 2114 σᾱενευεναε,
428 2068 471 2103 et
514 2058 632 2103 solet
683 2059 750 2103 sic
795 2058 963 2102 Noster

66 2119 289 2169 eiusmodi
312 2119 444 2163 verba
468 2133 642 2178 ponere
677 2132 779 2161 cum
812 2115 960 2159 dativo

66 2197 151 2243 pro
173 2182 238 2222 ad
262 2194 302 2222 c.
322 2193 441 2226 acc..
469 2183 519 2219 ut
537 2178 791 2219 admovere
815 2172 964 2224 14‚53.

54 2242 298 2294 ‚odrepere
327 2239 367 2287 1,
384 2234 457 2277 74.
506 2233 548 2284 3.
578 2233 649 2277 50.
713 2232 772 2277 cf.
804 2231 963 2274 Bams-

55 2297 200 2342 born.
218 2310 284 2354 gr.
305 2292 383 2336 lat.
409 2307 456 2359 p.
474 2292 577 2335 220.
634 2289 861 2334 Particula
883 2305 965 2333 us-

65 2369 157 2413 que
188 2365 285 2395 non
327 2358 440 2408 regit
480 2364 634 2393 casum
677 2347 966 2407 peculiarem,

67 2411 146 2457 sed
169 2409 301 2453 variis
323 2406 618 2451 construendi
645 2406 792 2451 modis
813 2422 859 2449 se
891 2406 967 2450 ad-

69 2467 343 2516 commodat.
389 2462 694 2523 coniungitur
715 2480 818 2508 cum
839 2480 966 2523 prae·

68 2524 372 2589 positionibus
403 2525 491 2574 ad,
531 2524 606 2571 ιἠ.
636 2523 723 2573 ab,
756 2536 819 2564 ex
851 2520 966 2564 aliis-

70 2600 158 2645 que
203 2581 389 2625 vocibus
440 2587 484 2623 et
526 2578 966 2628 constructionibus,

68 2656 166 2687 non
189 2648 237 2684 nt
261 2645 384 2697 regat
406 2654 584 2689 casum,
613 2637 692 2682 sed
715 2645 764 2680 ut
784 2652 966 2681 sensum

60 2697 273 2744 «intendat
294 2705 426 2755 atque
448 2694 655 2739 illustret.

70 2797 182 2885 211³?
172 2778 684 2883 ffifff‘ssbstsslssffss
731 2778 847 2880 {³1³³
889 2780 968 2838 ‘¹¹¹³

643 2869 655 2880 0
788 2853 853 2897 ΡΩ.

125 2938 215 2979 per·
232 2923 511 2967 seditionem
531 2928 576 2964 et
598 2922 775 2965 turbas.
822 2921 968 2980 Syno-

75 2997 225 3043 nyma.
285 2979 345 3024 cs.
373 2978 490 3023 nou»
522 2994 564 3038 p.
586 2979 629 3023 7.

134 3065 399 3117 incipientes
430 3064 654 3118 pn‘ncapts
684 3076 837 3107 curas.
896 3061 974 3106 Sic

77 3122 182 3168 edd.
209 3130 311 3165 veu.
332 3130 374 3165 et
396 3129 582 3163 recenti.
606 3138 630 3163 e
662 3120 763 3165 cod.
787 3119 886 3163 MS.
917 3144 975 3152 —

75 3177 306 3226 Acidalio·
319 3177 539 3225 coniecit=
559 3179 831 3231 incipientis.
865 3177 974 3223 Fru-

76 3245 183 3283 stra.
237 3235 470 3291 Principis
511 3250 654 3279 curae
688 3244 753 3279 est
787 3252 868 3278 vox
902 3253 976 3278 au-

80 3293 165 3339 lica
193 3310 275 3353 pro
336 3292 449 3337 rinei
485 3301 574 3337 atu.
642 3293 700 3338 cs.
724 3292 840 3336 Ptin.
862 3292 976 3337 Pan·

80 3368 203 3410 egyr.
231 3368 268 3394 c.
348 3385 358 3395 .
426 3349 547 3393 linc
591 3351 865 3418 Incipient&
902 3366 975 3406 pr.

79 3425 119 3454 e.
140 3408 395 3467 significant
415 3407 598 3453 initium
619 3408 860 3469 pnncip'u,
892 3425 978 3452 nec

81 3476 211 3526 putes
231 3466 278 3510 in
303 3480 526 3511 curarum
547 3482 657 3511 voce
685 3467 974 3526 praecipuam

82 3524 305 3570 enemim
347 3532 423 3570 aut
466 3524 705 3569 notionem
746 3523 978 3583 angustia-

83 3598 199 3626 rum.

1091 1346 1291 1384 tentare.
1350 1337 1427 1383 Sic
1458 1336 1662 1382 Rhenan.
1691 1351 1813 1396 sqq.>
1847 1336 1931 1390 Ed.

1034 1397 1241 1441 Beroaid.
1257 1405 1524 1451 temptare,
1787 1394 1797 1405 “

1030 1455 1247 1513 frequens
1268 1463 1334 1498 est
1356 1455 1405 1498 in
1427 1462 1531 1498 vett.
1553 1453 1583 1497 li
1619 1452 1695 1496 ris.

1088 1514 1385 1556 meditentur.
1475 1511 1554 1555 Sic
1593 1509 1698 1554 edd.
1738 1517 1843 1554 vett.
1888 1517 1934 1552 et

1032 1586 1085 1629 sq
1119 1602 1129 1612 .
1151 1585 1293 1627 usque
1314 1569 1368 1613 ad
1393 1568 1675 1617 Emanium,
1706 1566 1783 1627 qui
1814 1565 1933 1611 male

1035 1629 1090 1673 de
1123 1636 1217 1670 erat
1259 1628 1613 1670 medicarentur
1651 1626 1710 1669 ob
1741 1641 1934 1684 praece-

1034 1686 1144 1730 dens
1176 1689 1436 1728 tenderent.
1494 1683 1712 1727 Veterem
1743 1681 1831 1727 scri
1866 1690 1933 1724 tu-

1032 1758 1130 1786 ram
1154 1740 1571 1787 reduxitWolfius.
1612 1739 1769 1784 Recte.
1861 1755 1933 1782 am

1035 1798 1352 1845 coniunctivus
1423 1797 1712 1858 imperfecti,
1799 1812 1935 1856 quem

1035 1857 1315 1917 grammatici
1359 1856 1485 1899 latini
1537 1864 1727 1908 vocant,
1761 1855 1934 1907 ‘exacte

1034 1914 1277 1974 respondet
1311 1914 1510 1974 optativo
1542 1913 1814 1973 praesentis,
1857 1911 1935 1970 qui

1034 1981 1099 2018 est
1134 1971 1252 2031 apud
1286 1970 1511 2023 Graecos,
1558 1979 1690 2037 atque
1725 1968 1936 2030 exprimit

1033 2031 1107 2081 id,
1137 2028 1261 2087 quod
1291 2028 1388 2071 fieri
1415 2044 1545 2086 posse
1568 2027 1729 2085 ahquis
1754 2026 1933 2086 cogitat,

1034 2104 1092 2132 an
1123 2101 1276 2130 revera
1309 2086 1408 2137 fiat,
1439 2085 1666 2129 incertum
1691 2083 1947 2143 relinquitg.

1036 2152 1195 2189 contra
1215 2141 1462 2201 praesentis
1486 2141 1826 2194 coniunctivus,
1857 2142 1936 2200 qui

1036 2210 1082 2246 et
1130 2201 1225 2260 ipse
1281 2199 1428 2243 eidem
1468 2199 1612 2243 modo
1651 2198 1937 2244 Graeoorum‘

1036 2276 1118 2320 par
1142 2267 1230 2307 est,
1263 2273 1356 2301 non
1378 2257 1547 2317 pendet
1572 2273 1623 2300 ex
1655 2272 1782 2301 mera
1815 2257 1936 2317 eogi-

1036 2317 1230 2369 tatione,
1289 2315 1367 2359 sed
1417 2331 1569 2361 revera
1619 2313 1791 2373 aliquid
1838 2313 1937 2359 fieri

1038 2390 1170 2435 posse
1206 2372 1328 2417 dicit.
1379 2372 1510 2416 Hine
1537 2371 1731 2420 Tacitus,
1755 2372 1938 2417 scribit:

1038 2433 1097 2478 Si
1155 2440 1318 2475 tamen
1382 2433 1648 2480 tenderent3
1714 2429 1938 2489 cogitatur

1039 2490 1161 2534 enim
1194 2488 1293 2532 fieri
1331 2504 1487 2547 posse,
1529 2496 1579 2531 ut
1617 2487 1829 2540 tendantg
1879 2503 1938 2531 an

1038 2564 1194 2592 revera
1235 2546 1400 2590 facturi·
1441 2545 1555 2598 sint,
1608 2544 1728 2590 huie·
1756 2545 1939 2603 quidem

1039 2606 1211 2649 formae
1244 2616 1336 2647 ima
1361 2603 1492 2647 inest.
1560 2601 1643 2646 Sin
1670 2602 1940 2661 scripsissetz

1038 2665 1083 2707 εἰ
1110 2671 1272 2707 tamen
1304 2665 1524 2713 tendant,
1562 2667 1659 2703 tum
1684 2675 1843 2704 sensus
1875 2676 1939 2706 es-

1041 2730 1129 2774 set,
1178 2735 1254 2763 eos
1286 2734 1439 2763 revera
1472 2718 1558 2762 iam
1600 2717 1800 2761 tendere.
1878 2716 1941 2762 At

1041 2795 1124 2839 per
1156 2776 1275 2821 hanc
1307 2776 1500 2819 sormam
1536 2781 1656 2818 totus
1696 2772 1831 2827 locus
1863 2775 1940 2819 ab·
1981 2783 1988 2797 ’

1042 2835 1205 2879 surdus
1234 2832 1460 2876 evaderet.
1517 2833 1581 2875 lta
1615 2839 1768 2876 tamen
1793 2829 1875 2875 inf.
1895 2833 1941 2880 2.

1043 2895 1084 2936 5.
1114 2894 1159 2935 si
1183 2904 1317 2934 mane
1347 2891 1574 2938 meretur,
1610 2887 1717 2933 ibid.
1739 2905 1780 2937 c.
1804 2889 1872 2933 12.
1904 2892 1949 2935 si

1042 2950 1198 2993 concio
1239 2954 1440 2991 vocetur.
1528 2947 1634 2991 Non
1674 2945 1799 2991 enim
1828 2946 1942 2992 Ger·

1044 3004 1253 3051 manicus
1281 3005 1480 3048 incertus
1503 3012 1592 3057 est,
1631 3019 1688 3048 an
1719 3020 1851 3049 mare·
1874 3005 1941 3049 in-

1045 3062 1180 3115 trari,
1209 3077 1266 3105 an
1302 3062 1467 3106 concio
1495 3061 1644 3107 vocari
1668 3061 1835 3122 possib,
1860 3063 1941 3107 sed

1046 3137 1143 3165 rem
1168 3136 1223 3163 co
1257 3118 1357 3171 itat,
1387 3135 1503 3179 quae
1533 3132 1686 3164 revera
1717 3118 1816 3164 fieri
1839 3135 1943 3181 pos·

1046 3178 1116 3223 sit.
1176 3178 1214 3221 Α
1237 3176 1313 3222 iud
1345 3175 1476 3237 plane
1507 3184 1597 3222 ests
1636 3177 1840 3222 simut-e
1862 3179 1944 3222 ιἠ-

1048 3243 1280 3287 lrareeur,
1357 3236 1402 3278 εἰ
1460 3236 1616 3279 concio
1682 3242 1943 3279 vocaretur.

1046 3293 1087 3337 Τ
1091 3310 1166 3336 uin
1200 3292 1325 3337 enim
1356 3307 1427 3336 res
1461 3291 1692 3336 exhibetur
1730 3301 1943 3351 tanquam

1049 3368 1098 3396 ex
1131 3365 1254 3395 mera
1292 3348 1575 3417 cogitatione·
1601 3349 1807 3419 pendens
1820 3382 1849 3400 ,.
1870 3367 1944 3395 ve·

1047 3424 1175 3458 rum.
1205 3423 1263 3452 an
1286 3407 1381 3451 fieri
1406 3407 1576 3468 possit,
1599 3415 1783 3453 luceria.
1824 3406 1947 3452 Hinc

1049 3463 1173 3525 quod
1206 3464 1438 3510 Emestius
1474 3466 1736 3523 scripserat:
1776 3478 1867 3509 σω·
1888 3493 1947 3503 --

1048 3523 1422 3575 meditarentur,
1462 3522 1596 3582 plane
1628 3521 1837 3566 turbabat
1874 3538 1945 3579 ge-

1048 3579 1237 3628 aninam
1259 3580 1349 3627 loci
1374 3578 1600 3626 rationem
1654 3586 1788 3639 atque
1810 3579 1947 3626 medi-

1597 1411 1678 1438 uae
1709 1403 1932 1455 scriptura
2000 1397 2004 1413 '
