2222 4030
1829 21 1889 75 ’.Α

144 157 373 243 ὶῑῐᾶᾝ

562 162 736 226 LIB.
773 161 879 225 lV.
953 159 1148 226 CAP.
1183 166 1275 227 16.
1313 167 1409 228 17.
1435 170 1451 179 ‘
1798 169 1923 231 509

58 291 148 352 hil
178 294 486 352 demutari.
541 293 642 349 sed
677 293 792 349 lata
822 292 946 362 lex,
988 311 1104 369 qua
1135 291 1435 354 flaminica
1456 287 1679 367 Dialis,
1721 289 1920 357 sacro-4

56 399 190 437 rum
215 400 386 437 causa
410 381 475 436 in
499 388 783 454 potestate
807 376 951 446 viri,
991 371 1175 434 cetera
1200 380 1533 453 promiscuo
1561 382 1919 453 feminarum

1 434 5 531 i
54 464 187 522 iure
211 477 424 539 ageret.
463 476 521 522 et
542 463 697 519 filius
710 462 1316 539 Maluginensispatri
1338 466 1631 526 suffectus,
1716 466 1914 547 thue

0 544 4 641 J
52 550 323 624 glisceret
354 548 617 624 dignatio
655 549 1022 604 sacerdotum
1057 559 1229 626 atque
1260 548 1403 624 ipsis
1430 553 1760 628 promptior
1782 555 1915 612 ani—

0 643 3 764 s
51 655 184 692 mus
216 636 369 693 foret
400 637 476 692 ad
510 633 887 708 capessendas
910 633 1319 704 caerimoniaS,
1363 634 1660 694 decretum
1685 635 1914 696 Corne-

0 769 1 772 ,
51 721 165 777 liae
184 721 436 794 virgini,
476 738 624 796 quae
648 718 715 773 in
735 718 932 775 locum
944 718 1213 776 Scantiae
1232 719 1597 796 capiebatur,
1638 720 1762 784 HS.
1776 723 1910 785 XX.

0 799 25 872 ῗ’
49 817 110 861 et
142 807 415 882 quotiens
439 800 707 878 Augusta
742 799 1039 861 theatrum
1071 804 1400 876 introisset,
1453 816 1521 862 ut
1553 807 1718 863 sedes
1753 810 1910 867 inter

0 892 1 899 ’
48 887 375 949 Vestalium
401 890 746 949 consideret.

214 1058 412 1121 XVII.
478 1057 758 1118 Cornelio
801 1055 1091 1134 Cethego,
1156 1058 1405 1117 Visellio
1444 1055 1716 1118 Varrone
1762 1083 1905 1125 coss,

42 1146 351 1221 pontifices
378 1166 700 1222 eorumque
730 1146 994 1220 exemplo
1026 1146 1204 1203 ceteri
1227 1146 1583 1217 sacerdoteS,
1630 1148 1766 1204 cum
1794 1169 1903 1223 pro

42 1231 449 1288 incolumitate
485 1231 775 1306 principis
812 1242 950 1287 vota
988 1231 1377 1306 susciperent,
1419 1228 1720 1289 Neronem
1754 1254 1905 1310 quo—

41 1336 156 1393 que
184 1327 241 1372 et
267 1314 529 1374 Drusum
552 1316 763 1373 iisdem
785 1316 899 1371 diis
924 1317 1438 1386 commendavere,
1492 1337 1619 1374 non
1650 1313 1773 1375 tam
1809 1331 1921 1375 ca-‘

40 1402 212 1459 ritate
252 1401 535 1458 iuvenum
571 1422 749 1478 quam
786 1401 1151 1458 adulatione:
1197 1422 1347 1478 quae
1366 1403 1633 1460 moribus
1657 1425 1907 1479 corrup-

38 1486 114 1544 tis
147 1487 392 1564 perinde
432 1507 674 1562 anceps,
718 1487 768 1543 si
803 1487 970 1543 nulla
1004 1498 1061 1543 et
1083 1487 1192 1544 ubi
1218 1487 1403 1544 nimia
1430 1499 1532 1547 est.
1615 1487 1766 1546 Nam
1794 1487 1905 1546 Ti—

37 1571 239 1630 berius
279 1568 438 1629 haud
474 1593 739 1649 unquam
776 1572 981 1629 domui
1006 1570 1348 1629 Germanici
1373 1574 1567 1644 mitis,
1610 1586 1738 1632 tum
1759 1594 1901 1632 vero

36 1658 277 1735 aequari
307 1659 708 1716 adulescentes
736 1669 997 1715 senectae
1031 1679 1168 1715 suae
1206 1658 1586 1735 impatienter
1615 1659 1901 1718 indoluit:

0 1768 5 1795 2
34 1745 364 1821 accitosque
398 1745 704 1821 pontifices
741 1755 1155 1820 percunctatus
1190 1756 1302 1815 est,
1344 1765 1492 1802 num
1529 1745 1593 1802 id
1627 1745 1901 1823 precibus

33 1824 399 1906 Agrippinae
421 1841 523 1886 aut
541 1830 722 1886 minis
742 1830 1105 1888 tribuissent.
1190 1827 1272 1888 Et
1295 1830 1387 1886 illi
1409 1830 1678 1908 quidem,
1710 1850 1902 1908 quan-

0 1947 4 1971 ι
33 1935 213 1993 quam
238 1917 571 1974 abnuerent
588 1962 604 1986 ‚
628 1914 862 1972 modice
883 1915 1177 1991 perstricti
1203 1911 1449 1991 (etenim
1471 1936 1607 1992 pars
1631 1935 1845 1991 magna
1871 1938 1903 1974 e

0 2027 3 2051 ι
29 2002 385 2078 propinquis
423 2002 606 2077 ipsius
642 2013 745 2058 aut
776 2002 1067 2078 primores
1096 2001 1347 2058 civitatis
1373 1999 1596 2081 erant):
1624 2014 1901 2059 >ceterum

0 2132 9 2139 ..
26 2085 97 2149 in
115 2080 322 2172 senatu
348 2088 618 2145 oratione
637 2087 874 2144 monuit
898 2087 962 2142 in
990 2098 1319 2162 posterum,
1363 2107 1440 2143 ne
1481 2087 1615 2164 quis
1647 2087 1902 2145 mobiles·

29 2173 496 2231 adulescentium
525 2174 757 2230 animos
790 2173 1178 2248 praematuris
1210 2168 1543 2230 honoribus
1579 2173 1653 2229 ad
1691 2187 1900 2248 super-

28 2257 190 2315 biam
214 2260 546 2318 extolleret.
634 2256 898 2316 Instabat
934 2258 1152 2334 quippe
1190 2257 1440 2316 Seianus
1475 2258 1898 2335 incusabatque

27 2343 327 2400 diductam
364 2345 659 2401 civitatem
691 2356 758 2402 ut
793 2344 954 2400 civili
987 2344 1172 2421 bello;
1229 2363 1349 2399 esse
1393 2343 1498 2420 qui
1536 2363 1595 2399 se
1637 2344 1908 2418 partium-

26 2422 391 2505 Agrippinae
423 2441 664 2500 vocent,
703 2450 769 2486 ac
803 2429 868 2484 ni
903 2429 1238 2499 resistatur,
1281 2429 1407 2485 fore
1440 2428 1657 2504 pluris:
1703 2449 1896 2506 neque

24 2513 190 2572 aliud
210 2514 504 2589 gliscentis
526 2515 853 2573 discordiae
875 2515 1205 2571 remedium
1226 2535 1411 2591 quam·
1427 2514 1478 2570 si
1497 2533 1654 2572 unus
1675 2514 1894 2571 alterve

23 2600 277 2663 maxime
302 2601 562 2676 prompti
590 2602 1091 2659 subverterentur.

81 2855 253 2891 cetera.
313 2844 370 2890 τὰ
405 2845 454 2891 δὲ
489 2845 620 2891 ἄλλα.
693 2846 754 2892 es.
784 2848 918 2891 ssuu-

21 2920 179 2953 mann.
202 2904 283 2949 Gr.
309 2908 338 2960 §
381 2903 474 2950 137.
508 2922 549 2963 p.
574 2905 672 2948 581.

22 2964 285 3068 ..διεβίίιιι
342 2963 412 3007 De
432 2962 644 3022 particula
670 2970 714 3007 et
735 2962 795 3007 cf.
820 2971 916 3006 not.

101 3023 141 3076 1,
169 3023 235 3064 11.

79 3095 216 3135 tedes
235 3094 359 3135 inter·
383 3092 663 3135 Vestalium.
726 3090 798 3135 De
822 3092 919 3150 qui·

20 3148 107 3196 bus
138 3150 315 3194 sedibus
347 3149 406 3193 cf.
431 3149 620 3193 sueton.
647 3150 755 3193 Oct.
782 3165 820 3193 c.
844 3149 916 3191 44.

20 3205 230 3311 εειηυιῃ
256 3208 375 3263 quod
399 3206 607 3250 Tiberius
630 3224 763 3266 supra
784 3208 827 3259 2,
848 3207 919 3250 86.

62 3266 198 3310 onieii
226 3266 445 3324 Agrippae
471 3265 629 3318 filiam,
661 3266 763 3323 quia
790 3265 833 3308 in
857 3266 919 3308 lo·

21 3339 126 3370 mm
154 3322 323 3367 Occiae
353 3339 447 3366 non
472 3321 618 3366 fuerat
641 3332 767 3382 capta
784 3355 795 3374 ,
835 3322 918 3366 de-

22 3381 111 3427 des
133 3381 384 3426 sestertium
409 3380 513 3426 dote
543 3381 711 3425 solatus
743 3389 833 3430 est,
863 3381 915 3424 ad

23 3436 221 3483 Vestales
246 3454 336 3481 non
365 3437 586 3506 pertinen
614 3439 736 3499 quod
760 3448 917 3483 contra

23 3493 275 3542 &uestium
299 3497 465 3542 scribo.

1048 2846 1161 2891 CM).
1192 2847 1260 2891 17.
1298 2847 1509 2891 mobiles.
1571 2814 1888 2907 chystdssokoa,

989 2903 1234 2959 εὐκίνητοι.
1296 2904 1367 2948 Ad
1400 2904 1489 2950 hoc
1518 2913 1653 2964 caput
1687 2902 1891 2969 cf.‚Sue3-

991 2973 1086 3008 ton.
1110 2962 1211 3008 Tib.
1237 2980 1278 3007 c.
1304 2962 1376 3007 54.
1846 3005 1848 3007 ,

1048 3036 1443 3077 subverterentur.
1483 3032 1888 3091 ApudErnestium

991 3102 1253 3151 temporum
1291 3090 1403 3135 ratio
1439 3090 1658 3136 desiderat
1689 3094 1890 3150 subver-

992 3157 1168 3193 tantur.
1232 3147 1531 3208 Wopkensio
1564 3147 1638 3194 hic
1670 3158 1734 3195 est
1765 3159 1889 3199 sueta

993 3217 1247 3266 temporum
1282 3206 1494 3265 enallage.
1553 3205 1625 3250 Tu
1647 3222 1760 3253 vero
1782 3216 1889 3268 puta

990 3268 1370 3308 subverterentur
1389 3278 1482 3308 esse
1505 3265 1781 3323 optativum,
1811 3265 1890 3326 qui

992 3340 1039 3366 cx
1068 3339 1251 3381 graecae
1274 3322 1586 3381 grammatices
1609 3323 1782 3367 ratione
1814 3323 1890 3377 hic

990 3380 1250 3439 requiritur.
1330 3378 1444 3425 Nam
1488 3396 1539 3425 ea
1574 3396 1645 3425 res
1680 3397 1729 3424 ex
1765 3396 1890 3425 mera

989 3438 1261 3494 rogitatione
1298 3435 1446 3482 Seiani
1489 3445 1598 3483 tunc
1649 3438 1885 3497 pendebat.

988 3488 1170 3541 csluot.
1194 3496 1250 3542 ad
1277 3498 1316 3549 1,
1337 3495 1407 3541 19.
