2222 4030
1790 168 1842 206 A.
1862 168 1914 207 U.
1930 169 2001 203 779

227 171 368 252 ἲ348
922 166 1428 230 ANNALIUM
1788 211 1841 247 5,
1864 213 1912 248 C,
1954 197 2015 248 252

406 296 569 360 LIX.
620 293 710 356 Ae
741 298 891 356 forte
923 298 1045 357 illis
1079 299 1288 356 diebus
1323 299 1588 356 oblatum
1619 297 1857 359 Caesari
1890 324 2102 380 anceps

238 387 567 464 periculum
592 383 753 441 auxit
774 404 924 441 vana
945 385 1201 442 rumoris
1223 384 1612 460 praebuitque
1636 386 1750 460 ipsi
1771 389 2098 459 materiem,

238 493 344 529 cur
366 470 656 527 amicitiae
679 470 1153 544 constantiaeque
1168 467 1373 524 Seiani
1393 470 1578 542 magis
1602 471 1826 531 fideret.
1879 471 2098 531 Vesce-

237 558 458 614 bantur
488 556 554 611 in
593 554 770 623 villa,
809 554 906 611 cui
930 553 1284 610 vocabulum
1310 553 1671 629 Speluncae,
1718 577 1880 613 mare
1905 556 2098 615 Amu-

236 643 473 698 clanum
504 641 658 696 inter
683 637 1120 713 Fundanosque
1154 650 1384 693 montes
1411 639 1612 697 nativo
1636 640 1702 695 in
1727 661 1921 716 specu.
1975 643 2098 700 eius

237 746 307 784 os
341 727 519 802 lapsis
556 734 794 799 repente
833 724 981 779 saxis
1016 722 1217 779 obruit
1250 724 1536 799 quosdam
1571 725 1903 783 ministros:
1956 723 2097 784 hinc

235 822 428 868 metus
460 810 525 866 in
549 829 752 866 omnes
779 820 834 865 et
860 809 996 880 fuga
1027 827 1264 876 eorum,
1319 809 1425 884 qui
1461 810 1803 867 convivium
1837 813 2097 869 celebra-

230 898 396 955 bant.
483 893 730 953 Seianus
767 912 920 966 genu
954 892 1239 968 vultuque
1276 905 1332 949 et
1363 894 1641 950 manibus
1675 915 1849 970 super
1883 894 2096 953 Caesa-

230 1001 358 1038 rem
382 999 693 1055 suspensus
721 977 994 1052 opposuit
1033 996 1152 1033 sese
1186 976 1618 1049 incidentibuS,
1673 991 1848 1056 atque
1886 977 2095 1039 habitu

223 1066 336 1124 tali
358 1076 622 1142 repertus
647 1075 729 1119 est
751 1083 782 1117 a
809 1061 1097 1119 militibus
1113 1108 1131 1131 ,
1175 1063 1279 1138 qui
1298 1062 1560 1119 subsidio
1584 1077 1888 1124 venerant.
1958 1065 2096 1122 Ma-

228 1152 323 1209 ior
347 1171 415 1208 ex
442 1170 537 1207 eo:
587 1161 643 1205 et
663 1167 1002 1223 quanquam
1025 1146 1264 1203 exitiosa
1289 1149 1585 1218 suaderet,
1629 1161 1697 1206 ut
1720 1170 1845 1206 non
1869 1151 1960 1206 sui
1987 1171 2096 1206 an-

225 1237 359 1294 xius
386 1257 519 1293 cum
542 1230 655 1290 fide
691 1232 1057 1291 audiebatur.
1143 1231 1672 1310 Adsimulabatque
1707 1235 1918 1291 iudicis
1954 1256 2092 1311 par-

227 1333 316 1380 tes
336 1321 612 1378 adversus
630 1316 974 1374 Germanici
996 1318 1234 1393 stirpem
1248 1364 1263 1387 ,
1290 1318 1541 1375 subditis
1565 1319 1668 1396 qui
1693 1332 2094 1377 accusatorum

225 1407 470 1464 nomina
517 1403 874 1461 sustinerent
914 1403 1282 1479 maximeque
1325 1403 1752 1461 insectarentur
1793 1404 2092 1462 Neronem

222 1492 560 1569 proximum
585 1487 938 1545 successioni
962 1500 1016 1546 et
1040 1508 1380 1566 quanquam
1404 1489 1666 1546 modesta
1696 1489 1937 1547 iuventa
1963 1491 2091 1566 ple—

226 1595 476 1653 rumque
510 1585 739 1643 tamen,
783 1573 927 1650 quid
964 1574 1029 1628 in
1060 1573 1525 1653 praesentiarum
1554 1575 1938 1645 conduceret,
1983 1577 2092 1632 ob-

222 1663 426 1731 litum,
485 1660 628 1717 dum
659 1679 691 1715 a
722 1658 949 1715 libertis
977 1670 1034 1715 et
1066 1659 1379 1715 clientibus
1414 1659 1758 1734 apiscendae
1793 1662 2092 1735 potentiae

219 1746 490 1824 properis
538 1744 977 1814 exstimulatur,
1056 1756 1123 1802 ut
1172 1756 1430 1801 erectum
1480 1755 1535 1801 et
1579 1746 1859 1803 fidentem
1904 1747 2091 1802 animi

221 1833 577 1890 ostenderet:
621 1830 773 1886 velle
801 1830 863 1886 id
890 1830 1179 1905 populum
1205 1828 1576 1899 Romanum,
1620 1851 1832 1906 cupere
1871 1832 2090 1888 exerci-

220 1930 339 1976 tus:
392 1935 582 1994 neque
610 1935 892 1973 ausurum
922 1926 1126 1971 contra
1155 1914 1467 1984 Seianum,
1522 1915 1627 1991 qui
1662 1936 1822 1972 nunc
1859 1917 2092 1992 patien—

203 2004 362 2061 ‘tiam
388 2003 542 2059 senis
571 2012 627 2058 et
655 2001 963 2075 segnitiam
989 2000 1220 2057 iuvenis
1245 2000 1406 2057 iuxta
1432 2001 1693 2060 insultet.

294 2122 304 2145 κ
387 2086 517 2146 LX.
560 2085 721 2144 Haec
759 2098 933 2163 atque
968 2085 1106 2142 talia
1141 2085 1408 2143 audienti
1429 2081 1584 2141 nihil
1610 2086 1851 2162 quidem
1874 2105 2089 2160 pravae

220 2173 620 2247 cogitationis:
676 2173 779 2228 sed
818 2171 1119 2228 interdum
1151 2190 1323 2227 voces
1359 2172 1757 2246 procedebant
1781 2182 2089 2228 contuma-

218 2278 314 2316 ces
335 2269 392 2315 et
412 2257 808 2325 inconsultae,
837 2276 982 2332 quas
1004 2256 1259 2331 adpositi
1282 2258 1549 2313 custodes
1574 2267 1837 2331 exceptas
1859 2267 2087 2313 auctas-

217 2364 334 2421 que
367 2364 502 2401 cum
536 2343 833 2399 deferrent
866 2361 1057 2417 neque
1081 2340 1307 2397 Neroni
1335 2342 1650 2398 defendere
1678 2343 1949 2411 daretur,
1993 2342 2087 2397 di-

211 2448 415 2494 versae
451 2428 694 2504 insuper
729 2425 1196 2483 sollicitudinum
1241 2427 1467 2482 formae
1508 2427 1872 2485 oriebantur.
1947 2446 2088 2483 nam

273 2563 388 2619 CAR.
404 2573 473 2618 59.
504 2587 638 2615 mare
651 2572 982 2615 Amuclanum.
1035 2549 1123 2613 Sic.

215 2633 288 2682 ed.
305 2632 515 2684 Rhenan.
539 2647 639 2688 sqq.
700 2630 833 2672 Mare
854 2629 1114 2670 amficlam‘t

215 2691 288 2735 ed.
312 2691 419 2733 Ber.
432 2689 898 2732 Mareamundanum
923 2684 993 2728 ed.
1009 2683 1111 2727 Ale.

272 2748 437 2794 iudicis
481 2753 684 2801 partes.⁴
755 2744 830 2787 Sic
870 2742 974 2787 cod.
1013 2740 1114 2785 MS.

213 2805 322 2849 edd.
346 2813 447 2848 vett.
507 2803 630 2846 Male
659 2800 936 2846 recentiores
966 2799 1113 2842 edito-

215 2878 290 2913 res
343 2870 529 2908 auctore
581 2859 807 2903 Oberlino
864 2857 918 2901 ad
969 2873 1113 2899 unum

213 2935 374 2965 omnes
395 2927 662 2976 receperunt
686 2915 856 2966 Mureti
886 2915 1114 2958 coniectu-

215 2992 337 3023 ram:
379 2977 560 3022 indicis.
620 2976 734 3018 Nam
765 2974 933 3016 indicis
967 2979 1115 3030 partes

214 3050 311 3082 non
342 3034 532 3077 debehat
561 3034 855 3080 adsimulare
879 3030 923 3073 h.
947 3046 985 3086 e:
1009 3045 1112 3086 spe-

215 3093 334 3136 ciem
369 3090 529 3132 indicis
563 3107 671 3147 prae
705 3105 750 3132 se
781 3088 920 3135 serre,
972 3101 1113 3143 quum

215 3148 330 3192 alius
351 3157 488 3199 essen
508 3149 583 3190 sed
607 3148 794 3190 debebat
818 3142 1112 3194 dissimulare,

216 3205 433 3264 quoniam
470 3205 652 3248 nolebat
691 3212 849 3246 auctor
891 3200 1108 3244 crimina-

215 3264 352 3306 tionis
379 3261 534 3305 videri.
595 3262 769 3303 Indicis
787 3268 952 3315 partes
976 3259 1111 3300 adsi-

217 3322 434 3367 mulabat
453 3319 498 3362 h.
515 3334 553 3361 e.
577 3318 877 3369 subornabat,
907 3316 980 3374 qui
998 3314 1113 3358 Ger-

214 3377 384 3425 manici
415 3378 598 3434 stirpem
631 3382 893 3418 accusarent
923 3376 1042 3431 apud
1066 3387 1112 3416 se

214 3444 258 3484 et
289 3434 522 3486 Tiberium
560 3434 637 3488 (ne
670 3441 797 3489 putes
833 3448 855 3474 a
890 3431 949 3474 ud
980 3446 1112 3473 sena-

217 3495 361 3550 tum),
391 3492 485 3550 ipse
505 3490 666 3540 deinde
688 3449 986 3534 cumTilierio
1007 3503 1115 3533 con·

1182 2569 1374 2614 sultabat
1411 2569 1467 2614 de
1509 2568 1778 2614 criminibus
1819 2576 1863 2612 et
1901 2577 2085 2628 rogatus

1183 2626 1450 2670 sententiam
1503 2627 1706 2676 dicebat,
1762 2636 1978 2684 tanquam
2029 2629 2082 2671 ab

1186 2684 1538 2742 omnipartiurn
1570 2685 1720 2727 studio
1754 2682 1943 2728 alienus.
2004 2684 2081 2727 Nil

1184 2742 1321 2800 igitur
1357 2757 1469 2800 opus
1505 2751 1569 2785 est
1607 2742 1868 2786 coniectura
1902 2741 2082 2791 Kritzii,

1186 2800 1262 2858 qui
1306 2799 1398 2841 vult
1436 2800 1786 2842 dissimulabat.
1861 2799 2080 2854 (Allgem.

1185 2858 1372 2902 schulz,
1397 2857 1522 2899 1830.
1556 2874 1626 2900 nr.
1655 2857 1740 2913 17.)

1242 2915 1293 2956 in
1342 2915 1742 2968 praesentiarum.
1838 2914 1894 2959 H.
1940 2931 1980 2958 e.
2033 2917 2083 2958 in

1181 2973 1452 3026 praesentia
1484 2986 1660 3014 rerum.
1721 2970 1779 3013 cf.
1810 2971 2081 3016 Ramshorn.

1188 3027 1269 3071 Gr.
1303 3033 1330 3083 §
1363 3028 1458 3071 150.
1494 3046 1538 3087 p.
1569 3029 1669 3072 290.
1700 3028 1806 3072 Not.
1832 3032 1872 3073 1.
1933 3030 2081 3074 Plaut.

1187 3086 1315 3143 Capt.
1346 3087 1387 3137 2,
1412 3085 1453 3137 3,
1477 3087 1546 3130 26.
1590 3086 1727 3146 Quod
1761 3086 1810 3128 in
1838 3101 1941 3129 rem
1970 3103 2080 3130 con-

1184 3143 1310 3186 ducit
1338 3151 1486 3188 tuam.

1245 3199 1357 3244 CAP.
1389 3201 1459 3244 60.
1514 3216 1634 3257 quas
1665 3232 1677 3244 .
1704 3232 1715 3245 .
1738 3233 1749 3245 .
1786 3202 2079 3248 oriebantur.

1184 3258 1307 3300 Inter
1340 3262 1536 3301 daretur
1571 3267 1615 3300 et
1648 3260 1861 3301 diversae
1897 3259 2080 3304 Tacitus

1185 3331 1313 3358 more
1364 3333 1446 3359 suo
1498 3323 1540 3357 et
1584 3332 1632 3358 ex
1672 3332 1756 3358 usu
1798 3315 2078 3361 Graecorum

1186 3372 1354 3416 omittit
1386 3390 1499 3432 quae
1534 3389 1557 3416 e
1588 3382 1794 3416 contextu
1818 3374 1947 3418 facile
1969 3391 2075 3432 pos-

1186 3439 1292 3474 sunt
1321 3430 1524 3488 intelligi.
1593 3430 1778 3475 Plenius
1812 3431 2079 3490 scripsisset:

1188 3503 1292 3531 cum
1323 3489 1564 3546 deferrent
1602 3503 1749 3546 neque
1769 3518 1783 3534 .
1799 3521 1812 3534 .
1828 3520 1840 3534 .
1861 3492 2075 3547 daretur,
