2222 4030
1840 203 1879 246 A.
1890 229 1901 243 .
1913 188 1966 244 u'.
1984 206 2068 244 m.

1843 250 1896 286 A.
1915 249 1964 286 c,
2005 253 2077 287 21:

289 211 414 270 262
951 158 1467 270 ANNALNJM
1522 268 1532 279 ,,

292 339 485 414 tisque
524 336 875 401 inlustribus
915 335 1159 412 seminis
1205 356 1311 411 per
1360 336 1870 413 vaniloquentiam
1915 339 2151 414 legerat.

296 423 380 482 Ut
397 423 624 479 delator
647 421 892 492 exstitit,
934 423 1139 478 ceteris
1163 422 1237 477 ad
1266 421 1584 478 dicendum
1601 423 2010 486 testimonium
2049 446 2152 481 ex·-

295 508 514 564 territis
559 509 683 565 sola
702 505 942 575 Vitellia
979 503 1136 562 nihil
1162 525 1222 560 se
1248 506 1542 565 audivisse
1581 508 1963 568 adseveravit.
1992 566 1996 567 ⁷
2048 511 2152 566 sed

294 593 676 666 arguentibus
710 593 786 648 ad
825 593 1146 668 perniciem
1178 590 1312 665 plus
1346 591 1484 647 fidei
1516 591 1648 651 fuit.
1745 593 2151 671 sententiaque

291 675 523 735 Haterii
553 673 850 756 Agrippae
895 675 1153 733 consulis
1197 675 1487 750 designati
1530 676 1822 734 indictum
1860 699 1962 734 reo
2005 680 2152 736 ulti-

290 783 458 820 mum
487 760 858 839 supplicium.

458 846 529 908 L.
595 846 818 906 Contra
854 843 941 903 M.
977 842 1241 920 Lepidus
1291 845 1357 903 in
1403 842 1566 904 hunc
1617 848 1867 904 modum
1913 868 2151 906 exorsus

289 945 394 994 est.
477 932 601 1013 „Si
628 931 722 993 .Ρ.
748 930 1043 990 C.'unum
1072 931 1135 986 id
1169 942 1513 1007 spectamUS,
1555 934 1732 1008 quam
1759 933 1987 990 nefaria·
2008 954 2150 991 voce

288 1017 403 1090 „C.
437 1017 720 1077 Lutorius
754 1015 992 1073 Priscus
1036 1027 1296 1072 mentem
1336 1036 1502 1073 suam
1539 1027 1596 1074 et
1629 1037 1798 1073 aures
1834 1014 2151 1076 hominum

287 1150 322 1175 „
335 1104 648 1181 polluerit,
681 1122 873 1180 neque
901 1110 1095 1160 carc'er
1116 1121 1310 1179 neque
1334 1102 1606 1178 laqueuS,
1644 1095 1724 1158 'ne
1753 1103 1990 1159 serviles
2017 1103 2154 1180 qui-

287 1191 471 1261 „dem
515 1187 802 1259 cruciatus
837 1185 903 1243 in
949 1207 1085 1243 eum
1131 1187 1487 1246 suffecerint.
1586 1187 1679 1243 sin
1710 1187 1931 1264 flagitia
1969 1200 2026 1246 et
2063 1189 2155 1245 fa-

285 1276 535 1346 „cinora
573 1273 700 1330 sine
731 1272 910 1329 modo
941 1285 1108 1342 sunt,
1152 1272 1456 1349 suppliciis
1475 1292 1543 1329 ac
1566 1273 1843 1329 remediis
1867 1272 2154 1350 principis

289 1358 664 1431 „moderatio
716 1357 1126 1437 maiorumque
1173 1369 1228 1415 et
1269 1369 1461 1414 vestra
1506 1357 1769 1434 exempla
1808 1363 2156 1434 temperant,>

285 1457 390 1516 „et
422 1465 574 1501 vana
609 1465 643 1499 a
679 1443 956 1513 scelestiS‚
1000 1444 1154 1500 dicta
1188 1464 1221 1500 a
1253 1443 1555 1500 maleficiis
1587 1443 1896 1500 differunt:
1943 1455 2028 1501 est
2062 1444 2156 1500 lo-
2201 1487 2205 1500 .

289 1549 439 1601 „cus
462 1528 812 1598 sententiae,
853 1547 960 1604 per
986 1550 1163 1606 quam
1184 1549 1376 1606 neque
1411 1524 1552 1585 huic
1591 1529 1872 1585 delictum
1907 1529 2152 1605 impune

285 1616 405 1686 „sit
436 1626 492 1672 et
526 1634 636 1671 nos
663 1613 1005 1672 clementiae
1030 1615 1293 1672 simulac
1324 1613 1648 1672 severitatis
1673 1634 1798 1670 non
1832 1614 2150 1689 poeniteat.

282 1700 517 1778 „Saepe
574 1698 780 1757 audivi
831 1699 1163 1776 principem
1220 1710 1493 1756 nostrum
1543 1711 2030 1778 conquerentem,
2102 1700 2153 1756 si

286 1787 468 1866 „quis
500 1777 757 1861 *sumpta
812 1797 1003 1844 morte
1046 1784 1515 1843 misericordiam
1558 1784 1684 1842 eius
1737 1784 2153 1863 praevenisset.

342 2009 408 2052 od
434 2007 677 2051 dicendum
712 2015 747 2051 t.
781 2008 1043 2052 exterritis.
1117 2007 1178 2052 cf.
1249 2022 1401 2051 unum
1453 2007 1502 2050 id
1556 2013 1771 2059 spectant
1788 2019 1825 2053 :s
1865 2028 1948 2055 —,
2005 2020 2155 2063 neque

282 2075 377 2109 not.
400 2066 455 2110 ad
474 2067 516 2118 2,
536 2066 608 2109 62.
643 2066 726 2108 sub
750 2082 829 2111 vv.
857 2065 1180 2122 corruptisque

277 2124 422 2179 prim.
447 2127 512 2166 ad
530 2124 814 2167 societatem.

340 2208 656 2250 adseveravit.
717 2206 795 2250 Sic
832 2207 933 2253 edd.
966 2205 1177 2251 Beroald.

263 2263 427 2343 -Rhem
471 2281 568 2365 sqq.
639 2268 884 2309 adseuauit
927 2266 1030 2310 cod.
1074 2266 1178 2310 MS.

284 2321 345 2366 cf.
375 2331 472 2366 not.
495 2340 518 2365 a
572 2321 614 2374 2,
637 2323 705 2364 83.

341 2405 453 2450 ΟΑΡ.
476 2403 547 2448 50.
607 2407 680 2448 sin
697 2404 894 2463 flagitia
919 2437 1034 2450 .....
1061 2421 1182 2460 poe-

280 2465 442 2508 niteat.
513 2463 702 2506 Diversa
737 2462 1025 2507 distinetione
1058 2464 1180 2507 hune

284 2521 438 2565 locum
478 2521 632 2564 edunt.
706 2520 805 2575 ,Alii
836 2521 1037 2579 protasia
1075 2536 1180 2578 pro-

280 2578 433 2622 ferunt
455 2594 596 2636 usque
623 2578 676 2621 ad
706 2579 895 2621 verbum
929 2578 1181 2632 differunt,-

280 2635 456 2694 reliqua
490 2651 574 2694 pro
623 2635 806 2694 apodosi
849 2636 1044 2682 habent..
1101 2634 1181 2678 Sic

280 2693 484 2738 Rhenan.
521 2692 728 2739 Gronov.
759 2692 903 2752 Ryek.
937 2693 1011 2736 alii
1046 2709 1103 2736 ue
1137 2701 1181 2735 et

282 2767 430 2810 nuper
472 2750 792 2794 Liinemannus
846 2759 888 2793 et
930 2750 1026 2794 Bek
1060 2767 1177 2793 erus.

284 2808 536 2853 Oberlinus
578 2817 621 2852 et
663 2808 740 2866 qui
783 2824 887 2851 eum
931 2816 1180 2866 sequuntur

280 2875 386 2926 post
429 2867 652 2924 diffss'llmt
698 2865 856 2965 puncti
901 2875 1054 2908 notam
1095 2881 1180 2924 po-

281 2932 414 2968 nunt.
471 2927 532 2966 lta
558 2931 600 2967 et
622 2940 695 2966 ver
712 2939 752 2965 )a
777 2924 1070 2974 nostratium,
1102 2922 1180 2981 qui

274 2981 406 3025 hune
446 2981 598 3025 locum
634 2979 905 3024 Germanice
941 2990 1180 3025 couverte-

282 3046 414 3089 runt,
442 3039 492 3082 in
525 3039 635 3082 duas
664 3046 810 3096 partes
843 3039 1025 3081 abeunt.
1086 3038 1179 3080 Ae-

282 3105 435 3139 curate
459 3095 749 3139 consideratis
769 3095 858 3138 loci
883 3095 1083 3152 partibus
1105 3111 1179 3138 ne-

282 3168 362 3196 mo
392 3169 488 3195 non
522 3169 678 3195 vanam
711 3152 923 3196 Oberlini
958 3155 1180 3196 rationem

281 3209 466 3258 videbit.
525 3210 640 3253 Nam
672 3209 889 3268 particula
923 3211 996 3253 sin
1034 3211 1179 3266 requi·

283 3269 365 3319 rit,
393 3275 444 3310 ut
475 3267 519 3310 in
553 3267 636 3310 hac
660 3268 874 3310 orationis
899 3276 1025 3326 parte
1049 3283 1179 3326 quae·

285 3326 389 3370 dam
415 3324 626 3368 ‘dicantur
648 3324 852 3382 opposita
874 3326 1178 3382 praecedenti-

266 3383 382 3427 ·bus·
457 3383 524 3426 Ita
553 3382 734 3424 demum
766 3383 1006 3440 aequalitas
1037 3399 1178 3426 mem·

284 3431 477 3484 hudbum
500 3447 724 3487 servatur,
756 3455 868 3497 quae
895 3441 1013 3499 apud
1035 3439 1178 3484 Ober-

285 3497 431 3540 linum
480 3504 547 3540 est
595 3494 738 3539 nulla.
841 3497 904 3540 Ex
957 3498 1054 3540 eius
1102 3513 1177 3540 ra-

281 3554 405 3599 tione
457 3553 597 3602 verba
647 3553 900 3611 procedunt
957 3555 1023 3599 sic
1044 3572 1057 3599 :
1129 3555 1186 3600 Si

1252 2080 1437 2115 carcer,
1467 2079 1616 2122 neque
1643 2067 1838 2120 laqueus
1870 2091 1930 2100 --
1958 2064 2151 2118 suffece-

1250 2124 1368 2166 rint.
1430 2121 1720 2178 Sinflagitia
1748 2127 1792 2163 et
1809 2121 1857 2178 f.
1880 2122 1984 2165 sine
2006 2124 2151 2164 modo

1250 2187 1392 2230 sunt,
1461 2179 1700 2235 suppliciis
1752 2205 1812 2214 --·
1862 2186 2147 2233 temperant.

1254 2237 1385 2294 Quae
1416 2239 1624 2280 membra
1658 2235 1891 2294 quomodo
1926 2236 2010 2279 sibi
2034 2235 2152 2279 invi·

1218 2335 1222 2341 .
1254 2312 1351 2339 cem
1376 2295 1696 2354 respondeant,
1722 2309 1815 2336 non
1842 2293 1984 2336 video.
2030 2293 2149 2336 Con·
2220 2317 2222 2323 ·

1253 2362 1319 2396 tra
1343 2353 1512 2412 protasi
1537 2354 1583 2395 in
1608 2351 1752 2396 verbo
1771 2350 1996 2405 differunt
2027 2350 2151 2393 finita
2219 2366 2222 2378 ²

1931 2407 1996 2451 lta
2028 2410 2150 2450 enirn
2215 2415 2222 2466 j

1253 2483 1298 2510 se
1330 2468 1516 2510 habent:
1599 2470 1647 2507 in
1684 2466 1744 2521 (h.
1767 2482 1804 2509 e.
1829 2466 1864 2508 si
1890 2480 1984 2507 non
2007 2481 2149 2507 unum
2187 2466 2222 2519 'J

1252 2524 1364 2567 illud
1390 2532 1667 2582 spectamus,
1706 2523 1781 2566 sed
1806 2523 1860 2579 si)
1881 2522 2080 2577 flagitia
2106 2529 2151 2564 et
2217 2550 2220 2555 -

1239 2583 1470 2638 facinora
1499 2580 1719 2638 (quidem)
1742 2580 1844 2622 sine
1862 2585 2004 2622 modo
2025 2587 2149 2628 sunt,
2219 2580 2222 2585 ’

1252 2411 1406 2453 omnia
1437 2411 1551 2453 bene
1618 2408 1856 2452 rocedunt.

1250 2639 1487 2695 suppliciis
1514 2639 1660 2693 (vero)
1683 2645 1730 2679 et
1749 2638 1975 2679 remediis
1993 2651 2070 2692 pr.
2091 2661 2151 2670 —

1253 2702 1547 2750 temperant,
1581 2702 1626 2736 et
1659 2710 1786 2736 vana
1818 2718 1871 2728 —
1902 2695 2153 2749 differunt:

1257 2755 1370 2808 (turn
1405 2760 1609 2803 carcere,
1640 2751 1797 2810 laqueo
1825 2753 2152 2811 servilibusque
2219 2787 2222 2806 ,

1254 2810 1527 2854 cruciatibus
1560 2808 1753 2866 omissis)
1787 2816 1855 2852 est
1886 2812 2015 2852 locus
2044 2825 2150 2853 sen·
2216 2816 2218 2819 ’

1252 2872 1427 2910 tentiae
1454 2876 1541 2911 ete.
1602 2865 1872 2910 Germanice
1901 2868 1956 2910 ad
1988 2868 2149 2913 verbo-

1251 2942 1354 2968 rum
1379 2941 1583 2968 sensum:
1628 2924 1787 2966 Wnn
1810 2926 1921 2966 aber
1941 2924 2151 2980 (aufder
2216 2943 2218 2949 ’

1254 2983 1387 3025 einen
1415 2983 1561 3038 Seite)
1590 2983 1819 3027 Sohund-
1854 2985 1954 3022 und
1980 2983 2149 3024 [sebel-

1254 3044 1417 3084 thaten
1462 3040 1628 3094 (zwar)
1671 3041 1788 3081 alles
1825 3039 1964 3081 Maas
2006 3041 2147 3082 iiber-
2207 3038 2217 3044 ‘'

1253 3099 1496 3145 selenitem
1527 3097 1577 3138 in
1594 3096 1792 3151 Strasen
1813 3100 1909 3137 und
1921 3096 2151 3139 Schreck-

1252 3158 1440 3197 mitteln
1466 3156 1634 3208 jedoch
1655 3156 1736 3195 des
1759 3153 1956 3195 Fur-sien
1983 3154 2149 3196 Gnade

1253 3218 1354 3254 und
1374 3216 1460 3254 der
1479 3213 1529 3254 V
1525 3211 1751 3267 orsalaeren
1772 3214 1871 3251 und
1894 3225 2004 3253 euer
2026 3214 2147 3266 eige-
2203 3218 2213 3231 ”

1250 3285 1332 3312 nes
1354 3270 1561 3323 Beispiel
1583 3270 1668 3310 mit
1687 3265 1870 3320 Masicen
1891 3284 1950 3310 zu
1974 3268 2150 3313 Werke

1249 3330 1382 3382 geht,
1432 3329 1530 3367 und
1559 3326 1604 3367 T
1600 3325 1781 3367 horheit
1820 3339 1911 3367 von
1941 3327 1991 3368 V
1988 3329 2149 3369 erbre-
2220 3366 2222 3370 ,

1251 3387 1386 3436 chen,
1440 3384 1611 3426 Worte
1653 3398 1744 3424 von
1788 3383 1930 3424 bijsen
1966 3385 2012 3426 T
2005 3386 2149 3427 haten
2220 3379 2222 3405 ³

1251 3443 1349 3485 sich
1374 3440 1720 3484 unterseheiden
1729 3457 1746 3492 ,·
1773 3454 1825 3482 so
1843 3441 1978 3484 bleibt
1989 3441 2148 3486 Raum
2190 3479 2200 3487 ,

1241 3502 1335 3559 fiir
1360 3501 1434 3542 ein
1459 3498 1649 3541 Urtheil
1676 3506 1760 3540 ete.

1316 3555 1495 3599 audivi.
1559 3554 1618 3599 cf.
1651 3555 1694 3607 2,
1715 3552 1785 3597 31.
