2222 4030
1883 217 2107 302 2:273:
2174 285 2184 299 .
2219 280 2222 290 .

327 224 456 285 270
994 179 1552 283 ANNALIUM‘

323 376 537 437 pravas
564 353 820 412 aliorum
849 371 977 428 spes
997 353 1264 411 rebatur:
1309 349 1487 406 simul
1510 351 1827 411 modestiae
1851 352 2106 414 Neronis
2134 369 2192 417 et

326 463 464 502 suae
498 439 897 515 magnitudini
934 438 1166 496 fidebat.
1256 434 1392 507 Quo
1432 446 1574 492 tunc
1611 439 1875 513 exemplo
1913 439 2190 499 Tiberius
2220 478 2222 480 -

326 528 591 587 Drusum
616 544 875 582 summae
896 523 986 582 rei
1011 524 1312 590 admovet,
1360 540 1496 576 cum
1517 520 1803 579 incolumi
1831 521 2188 583 Germanico

324 615 625 687 integrum
657 609 811 667 inter
845 609 994 665 duos
1027 605 1314 662 iudicium
1347 606 1647 666 tenuisset.
1743 606 1862 664 Sed
1895 611 2189 687 principio

322 700 676 757 litterarum·
701 706 1011 753 veneratus
1055 691 1225 760 deOS,
1273 702 1343 748 ut
1377 691 1624 747 consilia
1654 712 1758 748 sua
1799 695 1888 751 rei
1921 697 2191 771 publicae

321 792 766 862 prosperarent,
807 777 1041 836 modica
1065 775 1140 832 de
1168 776 1436 833 moribus
1475 777 1863 836 adulescentis
1906 799 2098 857 neque
2127 782 2193 838 111

321 870 541 927 falsum
577 879 744 925 aucta
782 862 1038 922 rettulit:
1091 880 1213 917 esse
1248 861 1342 917 illi
1374 862 1686 935 coniugem
1715 874 1772 920 et
1805 876 1922 920 tres
1953 867 2215 937 11116103,

323 972 571 1032 eamque
611 956 857 1008 aetatem
904 965 1019 1024 qua
1054 945 1179 1021 ipse
1217 947 1520 1023 quondam
1556 966 1589 1003 a
1630 949 1770 1004 divo
1808 945 2076 1024 Augusto
2117 953 2194 1008 ad

309 1039 744 1117 capessendum
780 1031 895 1090 hoc
931 1051 1151 1088 munus
1183 1042 1424 1088 vocatus
1453 1031 1545 1091 sit.
1629 1031 1836 1109 Neque
1866 1055 2027 1093 nunc
2049 1057 2193 1111 pro—

312 1144 490 1203 pere,
532 1123 630 1180 sed
657 1140 762 1196 per
786 1129 916 1176 octo
940 1128 1340 1191 'annos-capto
1375 1117 1798 1191 experiment0‚
1848 1123 2191 1196 compressis

308 1208 739 1275 >seditionibuS,
788 1201 1127 1278 compositis
1151 1202 1351 1271 bellis,
1403 1199 1825 1279 triumphalem
1847 1216 1904 1262 et
1926 1206 2018 1262 bis
2043 1227 2189 1264 con-

320 1297 508 1354 sulem
533 1291 664 1349 noti
688 1290 909 1346 laboris
931 1287 1278 1364 participem
1303 1287 1475 1347 sumi.

488 1374 681 1438 LVII.
722 1373 1150 1450 Praeceperant
1183 1373 1399 1428 animis
1434 1372 1763 1430 orationem
1796 1388 2022 1451 patreS,
2067 1386 2217 1455 quo‘

319 1463 638 1544 quaesitior
662 1461 922 1518 adulatio
947 1459 1079 1520 fuit.
1133 1478 1241 1514 nec
1266 1469 1466 1515 tamen
1490 1470 1824 1534 repertum,
1867 1462 1985 1517 nisi
2010 1474 2077 1519 ut
2100 1466 2187 1520 ef-

316 1552 480 1627 figies
517 1547 889 1625 principum,
953 1564 1083 1601 aras
1123 1543 1334 1613 deum,
1389 1544 1610 1618 templa
1653 1555 1708 1601 et
1743 1567 1911 1603 arcus
1953 1548 2213 1626 aliaque*

319 1637 492 1694 solita
539 1642 871 1691 censerent:
935 1629 1054 1686 nisi
1098 1630 1259 1707 quod
1295 1627 1384 1689 M.
1422 1627 1661 1687 Silanus
1711 1651 1779 1688 ex
1828 1635 2185 1692 contumelia

314 1719 652 1781 consulatus
711 1713 1005 1775 honorem
1065 1715 1434 1795 principibus
1490 1715 1700 1790 petivit
1759 1717 2023 1795 dixitque
2072 1740 2183 1796 pro

315 1805 636 1875 sententia,
690 1815 759 1862 ut
790 1802 1044 1879 publicis
1075 1800 1395 1877 privatisve
1428 1800 1812 1859 monimentis
1848 1803 1924 1859 ad
1957 1825 2186 1863 memo-

302 1895 468 1955 riam
493 1903 830 1967 temporum
859 1908 986 1944 non
1016 1886 1329 1944 consulum
1352 1886 1598 1944 nomina
1624 1889 2183 1964 praescriberentur,

316 1981 419 2038 sed
455 1997 663 2035 eorum
700 1974 807 2053 qui
841 1971 1225 2032 tribuniciam
1251 1983 1599 2048 potestatem
1623 1985 1909 2047 gererent.
1995 1970 2078 2034 At
2103 1975 2183 2049 Q.

302 2062 594 2122 ‘Haterius
621 2082 756 2119 cum
781 2059 905 2117 eius
930 2058 1051 2116 diei
1078 2070 1311 2115 senatus
1347 2059 1613 2115 consulta
1642 2059 1833 2115 aureis
1868 2060 2079 2116 litteris
2109 2063 2182 2118 fi-

312 2151 504 2226 genda
539 2147 604 2204 in
641 2145 1177 2212 curia-censuisset,
1222 2143 1546 2201 deridiculo
1573 2143 1689 2202 fuit
1713 2164 1885 2202 senex
1908 2146 2178 2203 foedissi-

309 2255 443 2293 mae
469 2232 827 2292 adulationis
849 2242 1083 2290 tantum
1106 2230 1352 2287 infamia
1384 2248 1618 2290 usurus-

371 2402 488 2446 CAP.
522 2397 594 2441 57.
645 2397 742 2439 nisi
776 2402 853 2451 ut,
905 2392 1066 2446 ausser
1103 2399 1210 2437 clem
1284 2394 1376 2438 lta:
1426 2402 1477 2437 ut
1516 2397 1719 2450 vectigal
1744 2396 1875 2450 agris·
1908 2398 2009 2450 lege
2040 2397 2175 2440 Sem-

314 2459 430 2520 dass
458 2485 518 2494 --
547 2455 642 2498 nisi
663 2457 786 2511 quod
803 2486 815 2504 ‚
849 2455 920 2496 als
941 2466 1033 2495 nur
1052 2450 1178 2511 dass·
1276 2454 1452 2507 prom‘a
1473 2455 1635 2496 divisis
1655 2453 1968 2496 dividendisve
1988 2457 2176 2510 imposi-

373 2515 568 2570 publicis
613 2513 886 2566 privatisve.
977 2509 1054 2554 sie
1107 2509 1208 2552 cod.
1283 2518 1382 2551 tum
1400 2512 1531 2563 plebi
1550 2511 1891 2553 remitteretur.
2142 2524 2146 2527 ’
2218 2531 2222 2557 3

314 2576 420 2620 MS.
465 2572 566 2616 edd.
608 2570 816 2612 Beroald.
859 2567 1061 2611 Rhenan.
1106 2582 1205 2624 sqq.
1341 2569 1405 2610 Ac
1432 2566 1487 2624 Q.
1512 2568 1750 2610 Haterius.
1815 2567 1927 2611 Cod.
1949 2568 2049 2611 MS.
2074 2571 2174 2613 61-111.

313 2631 450 2678 Multi
485 2630 752 2686 interpretes
786 2642 840 2669 60
876 2624 1120 2673 inclinant,
1163 2633 1210 2666 ut

306 2690 564 2749 privatisve
586 2686 723 2727 velint
744 2682 907 2727 mutari
929 2682 975 2725 in
994 2682 1212 2736 privatis-

313 2746 401 2808 que
415 2766 430 2799 ;
467 2746 599 2805 plane
633 2742 765 2786 simili
796 2756 949 2784 errore
970 2740 1013 2788 2,
1034 2740 1106 2782 47.
1129 2754 1214 2781 vo-

311 2808 466 2853 lebant
499 2818 555 2845 ac
588 2815 670 2858 pro
704 2807 806 2842 aut.
879 2798 984 2840 Vid.
1020 2796 1082 2840 ibi
1116 2803 1210 2838 not.

311 2865 369 2908 Et
393 2862 467 2906 hic
490 2859 673 2919 quidem
701 2857 811 2900 illud
840 2870 894 2898 ve
926 2856 984 2898 ita
1019 2854 1134 2897 bene
1165 2869 1211 2897 se

310 2922 468 2970 habet,
499 2925 572 2970 ut,
610 2916 645 2960 si
671 2915 843 2971 vulgata
870 2912 1093 2970 scriptura
1113 2911 1208 2953 ser-

313 2987 384 3023 ret
418 2991 528 3034 que,
569 2974 663 3017 sine
699 2972 833 3014 dubio
857 2977 1109 3013 mutaturus
1138 2986 1210 3011 es—

314 3052 408 3082 sem
436 3035 483 3077 in
517 3047 588 3076 ve.
648 3029 855 3086 Namque
888 3027 1066 3070 Silanus
1098 3042 1208 3069 cen-

313 3094 436 3143 suit,
494 3099 545 3134 ut
594 3087 778 3132 nomina
818 3092 876 3122 -'-
921 3083 1210 3127 monimentis

314 3149 749 3211 praescriberentur:
792 3159 914 3201 quae.
932 3143 1212 3184 monimenta

315 3222 456 3267 quum
487 3203 668 3263 publica
700 3199 773 3246 vel
796 3200 965 3258 privata
989 3215 1082 3242 esse
1102 3214 1213 3256 pos-

314 3272 415 3310 sent
441 3263 556 3317 (tum
579 3259 698 3303 enim
720 3258 921 3301 nondum
944 3258 1084 3311 erant)
1100 3289 1112 3308 ,
1136 3256 1208 3298 de-

314 3322 431 3368 buit*
469 3317 655 3362 addere:
717 3316 910 3371 publicis
953 3314 1207 3371 privatisve

314 3381 360 3424 h.
393 3396 432 3422 6.
463 3373 735 3419 sive·forent
767 3372 946 3430 publica
983 3372 1071 3414 sive
1106 3372 1203 3429 pri-

315 3445 450 3481 vata.·
499 3432 671 3475 Eodem
706 3447 836 3472 sensu
869 3446 920 3471 ve
952 3429 1205 3486 frequenta-

298 3503 391 3537 'tur
412 3494 456 3536 in
477 3492 627 3548 legum
651 3488 817 3537 verbis,
848 3496 897 3529 ut
915 3487 1021 3530 varii
1043 3486 1203 3528 distin-

317 3559 512 3610 guantur
549 3561 700 3596 casus,
751 3543 805 3588 ad
841 3560 954 3601 quos
987 3552 1202 3602 spectant.

1279 2624 1491 2668 Beroald.
1510 2624 1715 2667 Rhenan.
1731 2624 1836 2667 Ald.
1860 2632 1998 2681 atque
2022 2627 2176 2669 Hate-

1284 2684 1410 2734 rius,·
1443 2682 1548 2726 inde
1572 2681 1746 2740 Lipsius
1767 2682 1897 2725 fecit:
1926 2691 1978 2725 at
1997 2684 2054 2742 Q.
2070 2685 2176 2727 Ha-
2220 2733 2222 2739 Ι

1285 2741 1444 2783 terius.
1502 2739 1659 2783 Recte.
1717 2739 1831 2782 Nam
1865 2741 1956 2783 duo
1985 2750 2089 2784 sunt
2118 2744 2174 2786 il-

1283 2797 1368 2840 lius
1391 2795 1545 2841 aetatis
1566 2796 1761 2848 Haterii,
1789 2796 1864 2839 hic
1881 2797 1937 2855 Q.
1954 2798 2178 2844 Haterius

1282 2854 1341 2899 εἰ
1376 2857 1415 2906 1,
1449 2854 1518 2898 13.
1569 2855 1611 2903 2,
1645 2853 1717 2898 33.
1761 2863 1804 2897 et
1842 2856 1906 2898 D.
1951 2855 2178 2901 Haterius

1283 2914 1491 2967 Agrippa
1522 2912 1581 2955 cf.
1612 2914 1647 2964 l,
1674 2913 1740 2954 17.
1776 2912 1818 2962 2,
1845 2913 1912 2955 51.
1945 2912 1986 2961 3,
2008 2914 2078 2957 49.
2104 2916 2173 2958 52.

1285 2969 1416 3024 Quos
1439 2979 1487 3012 ut
1509 2979 1715 3014 accurate
1740 2970 2046 3028 distingueret,
2069 2975 2176 3016 scri·
2219 2965 2222 3013 ἶ

1282 3036 1387 3085 ptor
1407 3028 1596 3070 debebat
1623 3027 1786 3070 addere
1809 3043 2100 3084 praenomen.
2218 3027 2222 3034 ⁴

1296 3086 1299 3089 ⁴
1345 3093 1530 3127 tantum
1564 3085 1766 3141 infamia
1798 3099 1977 3127 usurus.
2039 3087 2175 3130 Hein·
2220 3124 2222 3142 ,

1284 3143 1375 3186 sius
1423 3151 1689 3199 corruptum
1733 3142 1980 3198 suspicatus
2023 3143 2173 3187 locum

1283 3200 1548 3243 emendabat
1582 3206 1766 3240 tantum
1797 3199 1996 3254 infamia
2029 3217 2175 3244 ausu-
2216 3244 2222 3255 .-

1280 3272 1386 3307 rus,
1417 3272 1513 3298 non
1545 3256 1648 3298 satis
1681 3254 1886 3299 feliciter.
1947 3257 2176 3303 Erue-,tius
2215 3258 2222 3281 ¹·

1277 3313 1512 3359 vacillante
1552 3313 1664 3369 pede
1705 3313 1874 3354 incedit
1917 3331 2002 3358 nec
2051 3319 2176 3373 quid·
2220 3331 2222 3340 ·

1310 3386 1412 3412 113111
1444 3369 1556 3413 66111
1591 3371 1758 3413 statuit.
1822 3369 1914 3424 Qui
1949 3371 2089 3416 Taciti
2127 3375 2174 3416 li·
2216 3398 2219 3402 ·

1277 3387 1384 3472 gros
1438 3429 1485 3470 in
1539 3442 1796 3470 sermonem
1852 3426 2171 3473 Germanicum

1277 3494 1627 3535 converterunt,
1662 3485 2010 3528 hallucinantur.
2069 3488 2173 3530 Edi-

1276 3551 1431 3586 torum
1474 3542 1548 3585 alii
1587 3542 1808 3600 virgulam
1852 3553 2028 3599 ponunt
2075 3556 2174 3603 post
2216 3558 2220 3561 ’
