2222 4030
244 237 326 294 30

848 230 849 233 ’
910 225 1439 291 ANNALIUM

1788 199 1840 262 Α.
1857 223 1910 261 υ.
1928 225 2011 262 τστ.

1789 272 1841 306 A.
1860 270 1908 306 c.
1949 271 2012 306 ιιι.

239 375 612 443 promptum,
652 359 879 417 artibus
902 359 1149 433 egregiis
1175 370 1233 416 et
1256 358 1388 434 pari
1410 359 1567 415 fama
1590 356 1854 433 publice,
1895 366 2099 436 suspe-

240 453 450 510 etabat.

569 445 808 521 Quippe
851 439 1152 518 Augustus
1203 443 1492 518 supremis
1541 444 1912 500 sermonibus
1962 467 2099 502 cum

239 544 543 602 tractaret,
611 531 857 609 quinam
897 529 1143 604 adipisci
1185 528 1514 602 principem
1559 519 1757 584 locum
1797 530 2099 588 suffecturi

241 623 570 679 abnuerent
606 627 707 673 aut
745 616 998 690 impares
1027 614 1248 670 vellent
1277 613 1373 668 vel
1409 613 1590 668 iidem
1634 625 1873 688 possent
1903 605 2099 690 ⁵'cape--

240 717 516 782 remque,
558 698 649 760 Μ.
669 699 963 776 Lepidum
990 698 1216 754 dixerat
1249 712 1517 771 capacem
1543 700 1645 753 sed
1673 711 2099 774 aspernantem,

242 790 489 849 Gallum
527 782 807 846 Asinium
850 784 1092 841 avidum
1142 793 1198 839 et
1241 781 1564 852 minorem,
1624 781 1697 842 L.
1738 779 2098 841 Arruntium

238 897 366 933 non
390 873 702 948 indignum
731 880 815 940 et,
859 869 910 926 si
933 887 1098 925 casus
1121 867 1397 937 daretur3
1434 888 1735 927 ausurum.
1821 867 1910 925 De
1934 870 2098 945 prio-

237 962 405 1019 ribus
449 957 837 1023 consentitur:
902 974 1011 1030 pro
1060 947 1350 1010 Arruntio
1390 953 1638 1030 ,quidam
1675 951 1787 1016 Cn.
1818 952 2098 1012 Pisonem

234 1234 273 1280 Β
287 1171 771 1278 ρνῖὶηέριαῧ,ᾁαῖιξόυε
783 1169 989 1227 egregits.
1011 1167 1127 1270 Fidd.

235 1251 630 1346 ..ἳῖεὶωὲἓὲεςὴ-ἑ.
653 1245 1035 1342 ”sazawa
1048 1244 1130 1352 ζῖἕ

234 1367 281 1395 se
298 1357 487 1395 constat.
521 1347 730 1391 cf.Tacit.
744 1347 851 1403 Agr.
868 1361 906 1388 c.
918 1344 960 1388 3.
1006 1343 1129 1387 Hme

229 1414 505 1466 promptum
527 1405 766 1459 ingenium
777 1404 863 1449 An,
882 1401 1002 1454 1,23.
1051 1401 1129 1444 Sic

234 1474 278 1510 et
302 1465 393 1508 alii.
439 1463 534 1506 Cic.
558 1463 614 1505 ad
636 1463 758 1505 Fam.
780 1462 823 1512 2,
844 1460 912 1504 18.
933 1459 981 1503 in
997 1459 1150 1504 Verr..

234 1526 274 1576 1,
293 1523 336 1572 2,
361 1522 430 1566 14.
490 1520 649 1564 lustin.
681 1520 751 1570 22,
769 1519 814 1563 2.

286 1606 563 1663 parisarna.
622 1619 686 1646 sc.
709 1617 884 1661 magna.
945 1600 1129 1644 Publice

231 1665 278 1709 h.
316 1681 357 1708 e.
409 1663 530 1706 circa
580 1660 778 1719 egregias
825 1667 966 1711 artes,
1016 1675 1126 1717 quas

234 1720 468 1765 exercebat
498 1720 546 1761 in
575 1719 712 1761 rebus
739 1716 959 1783 publicis,
999 1725 1049 1758 ut
1078 1716 1126 1758 in

232 1787 414 1830 senatu,
445 1778 493 1819 in
515 1775 845 1834 magistratibus
869 1782 953 1818 etc.
995 1773 1126 1830 Quae

232 1853 374 1896 quum
402 1851 499 1878 non
531 1835 634 1877 satis
668 1842 789 1877 recte
825 1831 1128 1881 intellexisset,

230 1893 575 1938 Woltmannus
614 1890 791 1934 volebat
827 1888 1127 1947 distinguere:

231 1951 332 2054 pari
350 1951 481 2001 fama,
498 1948 682 2004 publice
693 1948 998 2001 suspectabat.
1032 1945 1127 1990 Sci-

251 2017 339 2053 icet
385 2008 433 2052 in
468 2008 649 2062 publice
690 2005 764 2047 ille
811 2001 1127 2061 pleonasmum

231 2084 326 2112 esse
352 2080 590 2126 perperam
615 2062 898 2120 opinabatur.

287 2152 364 2194 vel
384 2151 540 2192 iidem.
594 2146 709 2189 Edd.
733 2146 836 2188 Ber.
854 2143 997 2187 Rhen.
1021 2144 1127 2188 Ald.

226 2206 348 2269 Lips.
370 2224 437 2266 pr.
461 2208 535 2248 vel
554 2205 694 2247 idem.
768 2202 902 2260 Seqq.
928 2203 1030 2246 edd.
1054 2205 1129 2245 vel

230 2269 389 2310 iidem.
438 2263 594 2306 Recte.
642 2260 868 2302 Nimirum
896 2262 1016 2303 idem
1038 2275 1124 2318 pro

227 2327 368 2369 iidem
389 2319 561 2380 saepius
583 2319 790 2363 scribunt
812 2325 919 2363 vett.
945 2318 1066 2362 libri.

285 2406 351 2450 M.
399 2405 644 2459 Lepidum.
734 2402 887 2462 Lipsio
936 2410 1127 2444 auctore‘

229 2465 307 2522 (cf.
332 2464 424 2508 eius
445 2471 541 2507 not.
570 2462 625 2504 ad
639 2461 726 2504 An.
751 2460 790 2512 3,
805 2460 901 2514 35.)
926 2459 1123 2502 Pichena

229 2531 274 2567 et
297 2519 630 2566 Freinshemius
661 2526 820 2562 contra
845 2525 948 2560 vett.
979 2516 1123 2559 libros

229 2581 468 2626 ediderunt
512 2578 726 2620 Manium
771 2575 1023 2630 Lepidum,
1072 2581 1123 2616 ut

227 2637 289 2680 Le
325 2637 423 2680 idus
455 2635 574 2678 idem
600 2632 931 2691 intelligeretur
952 2632 1028 2689 qui
1057 2638 1124 2674 est

227 2696 277 2738 in
299 2711 338 2738 r.
370 2695 411 2747 3,
440 2694 537 2744 22.,
576 2691 762 2734 Manius
793 2690 925 2733 etiam
954 2688 1123 2732 dicere-

227 2750 304 2803 tur
335 2749 528 2808 Lepidus
558 2749 600 2802 3,
620 2746 691 2792 35.
715 2750 786 2792 50.
827 2748 869 2799 4,
887 2748 964 2790 20.
1016 2747 1056 2798 6,
1078 2746 1122 2788 5.

228 2810 300 2853 27.
363 2808 533 2852 Contra
555 2807 644 2851 An.
666 2805 708 2856 3,
729 2807 799 2850 32.
829 2804 869 2856 3,
894 2806 961 2847 11.
993 2804 1035 2856 4,
1052 2803 1121 2845 56.

227 2863 297 2910 illi
327 2880 519 2925 posuere
542 2865 770 2906 Marcum.
828 2860 1029 2920 Lipsium
1054 2878 1122 2904 er·

175 2962 177 2965 .
228 2940 350 2967 rasse
377 2921 530 2965 docuit
550 2922 778 2979 Rupertus
802 2921 920 2978 (epp.
939 2919 1122 2962 Reines.

229 2983 336 3038 60.).
420 2979 541 3021 Hine
589 2979 681 3021 loh.
731 2979 806 3022 Fr.
850 2976 1124 3027 Gronovius,

228 3039 269 3082 R
304 3037 430 3082 ckius
465 3051 561 3094 sqq.
599 3036 690 3079 suis
733 3034 845 3078 locis
885 3034 1125 3076 reddidere

228 3055 300 3139 My:
336 3096 585 3149 Lepidum,
625 3107 881 3158 quanquam
918 3091 1128 3133 nondum

230 3153 334 3197 satis
365 3151 448 3196 sibi
485 3156 692 3193 constant
724 3165 931 3194 vlrorum
969 3146 1126 3191 docto-

229 3205 644 3310 {53205321‘33525
648 3222 672 3248 ‘³
697 3205 818 3305 Ἐῗῗέ
837 3204 980 3305 ἓὲἕῖἒ
985 3204 1126 3304 ⁵5:113}

230 3331 318 3373 tat,
360 3323 484 3366 hunc
524 3319 766 3379 Lepidum,
808 3335 942 3376 quem
973 3321 1123 3377 Augu-

231 3390 324 3425 stus
365 3379 544 3437 imperii
581 3393 794 3435 capacem
835 3375 965 3423 dixit,
1015 3393 1123 3419 eun-

233 3435 452 3482 dem‘esse
479 3452 585 3480 cum
609 3450 687 3486 en,
717 3432 795 3492 qui
821 3433 1015 3476 moritur
1036 3435 1124 3477 An.

228 3497 280 3543 6,-
300 3496 370 3539 27.
405 3495 459 3537 de
499 3493 628 3537 cuius
674 3491 872 3548 potentia
918 3490 1123 3548 queritur

230 3551 359 3596 Cotta
380 3550 643 3596 Messallina
672 3551 714 3602 6,
735 3549 777 3593 5.
810 3547 937 3592 cuius
971 3547 1122 3597 laudes

1201 1168 1365 1214 Noster
1393 1165 1624 1226 praedicat
1652 1168 1695 1220 4,
1717 1166 1790 1210 20.
1854 1165 1979 1223 Quas
2006 1165 2097 1210 lau-

1203 1227 1281 1270 des
1321 1226 1359 1270 si
1391 1240 1625 1281 compares
1661 1240 1765 1268 cum
1794 1225 1944 1271 verbis
1973 1223 2094 1268 Vell.

1198 1286 1240 1337 2,
1261 1284 1358 1328 114.
1391 1283 1486 1339 (ubi
1510 1283 1578 1325 M.
1597 1282 1658 1325 Le
1694 1283 1819 1332 idus‘,
1850 1282 2020 1326 Tiberii
2046 1282 2096 1324 in

1198 1340 1323 1386 bello
1363 1339 1619 1384 Dalmatico
1662 1299 1858 1396 fegatus,
1907 1339 2097 1383 dicitur:

1198 1400 1271 1442 vir
1299 1398 1503 1441 nominis
1532 1413 1588 1439 ac
1606 1399 1841 1454 fortunae
1867 1398 2096 1440 Aemilio·-

1198 1472 1308 1500 rum
1334 1458 1607 1512 proximus:
1640 1469 1772 1510 quem
1797 1455 1844 1495 in
1867 1463 2096 1511 quantum

1200 1516 1299 1571 quis
1328 1521 1414 1556 aut
1445 1527 1710 1565 cognoscere
1734 1519 1817 1553 aut
1838 1514 2096 1566 intelligere

1192 1572 1372 1628 poluit,
1402 1573 1450 1613 in
1474 1578 1664 1612 tantum
1698 1571 1902 1611 miratur
1932 1584 1990 1611 ac
2019 1572 2096 1612 di-

1197 1632 1320 1683 ligit,
1350 1635 1680 1684 tantorumque
1693 1628 1962 1676 nominum,
1993 1629 2096 1684 qui-

1199 1689 1280 1730 bus
1315 1695 1444 1729 ortus
1473 1692 1566 1734 est,
1609 1693 1942 1727 ornamentum
1972 1685 2096 1727 iudi-

1198 1747 1305 1801 cat),
1335 1749 1530 1800 apparet,
1557 1741 1785 1784 Velleium
1811 1741 1864 1784 de
1886 1742 1975 1786 hoc
1995 1742 2093 1799 ipso

1198 1802 1301 1848 viro
1344 1799 1496 1858 loqui,
1547 1815 1681 1859 quem
1722 1807 1765 1840 et
1795 1798 1885 1842 Dio
1917 1800 1995 1851 56,
2027 1802 2095 1844 12.

1198 1858 1413 1902 Marcum
1445 1866 1594 1902 vocat.
1667 1855 1770 1899 Fuit
1800 1854 1878 1909 ille
1911 1857 2093 1900 Aemilii

1198 1915 1346 1959 Paulli
1390 1915 1589 1959 censoris
1631 1929 1735 1958 cum
1771 1913 1942 1957 Planco
1978 1931 2016 1957 a.
2048 1931 2093 1958 u.

1197 1974 1294 2018 731.
1332 1982 1375 2015 et
1409 1972 1648 2016 triumviro
1682 1970 1834 2014 fratris
1869 1970 2011 2020 filius,
2041 1972 2091 2014 L.

1197 2030 1379 2076 Aemilii
1401 2029 1550 2072 Paulli
1576 2045 1679 2073 cum
1701 2028 1751 2072 C.
1768 2027 1956 2071 Claudio
1970 2029 2092 2071 Mar-

1199 2088 1325 2133 cello‘
1341 2086 1538 2131 consulis
1561 2104 1597 2129 a.
1618 2085 1703 2128 703
1723 2102 1888 2144 nepos,
1931 2084 2093 2129 consul

1199 2163 1303 2190 cum
1324 2146 1373 2189 L.
1398 2144 1617 2188 Arruntio
1643 2159 1681 2186 a.
1695 2142 1794 2186 758.
1838 2142 1898 2186 cf.
1919 2143 2093 2203 Ruper-

1196 2213 1266 2247 tus
1290 2203 1319 2246 l.
1346 2202 1376 2245 l.
1436 2202 1508 2245 De
1538 2200 1698 2245 ceteris
1722 2200 1834 2246 locis
1855 2200 1975 2245 infra
2006 2201 2091 2245 dis·

1195 2260 1470 2322 putabimus.

1251 2332 1447 2374 avidum
1484 2337 1530 2373 et
1558 2330 1802 2372 minorem.
1881 2329 2091 2373 Muretus

1195 2389 1400 2434 volebat:
1452 2390 1667 2437 avidum,
1723 2390 1807 2431 sed
1845 2388 2091 2431 minorem.

1196 2446 1464 2491 Adsentitur
1486 2445 1699 2488 Pichena.
1748 2444 1980 2488 Ernestius
2000 2461 2092 2487 ma-

1196 2505 1296 2551 vult
1319 2511 1385 2552 at,
1415 2503 1537 2562 quod
1550 2502 1784 2546 Broterius
1806 2502 1944 2547 dedit.
1980 2502 2092 2544 Fru-

1196 2571 1300 2605 stra.
1361 2561 1476 2604 Nam
1505 2567 1710 2603 sexcenta
1741 2568 1846 2604 sunt
1881 2559 2094 2619 exempla,

1196 2635 1309 2678 quae
1351 2618 1511 2662 eodem
1549 2617 1688 2660 modo
1727 2616 1978 2676 simplicem
2017 2617 2092 2660 ha-

1193 2677 1304 2720 bent
1326 2674 1561 2733 copulam,
1594 2673 1756 2718 omissa
1777 2674 1995 2733 particula
2017 2674 2091 2716 ad-

1193 2734 1443 2783 versativa,
1473 2731 1577 2789 quia
1596 2731 1663 2775 vis
1681 2731 1962 2775 adversativa
1983 2730 2090 2790 ipsis

1194 2790 1341 2835 verbis
1395 2789 1536 2840 inest,
1595 2788 1816 2847 particula
1871 2788 2091 2846 ingratam

1193 2847 1447 2892 tarditatem
1469 2845 1683 2890 adferret.
1725 2845 1802 2889 Sic
1822 2845 1937 2890 Hist.
1961 2845 2001 2897 3,
2020 2845 2091 2888 56.

1193 2920 1278 2948 nec
1324 2909 1575 2961 quidquam
1625 2903 1719 2946 nisi
1754 2905 2000 2947 iucundum
2045 2909 2091 2945 et
2140 2937 2141 2946 ,

1195 2966 1459 3013 laesurum3
1498 2964 1541 3010 2,
1563 2961 1636 3002 46.
1670 2976 1966 3017 nequaquam
1991 2969 2091 3003 tre-

1196 3023 1329 3076 pidus
1350 3028 1395 3062 et
1420 3020 1598 3062 consilii
1611 3027 1762 3060 certus
1771 3034 1786 3068 ;
1819 3020 1906 3060 An.
1930 3018 1996 3069 15,
2015 3019 2088 3060 21.

1197 3078 1318 3119 Inde
1349 3079 1481 3118 initia
1512 3076 1871 3129 magistratuum
1899 3084 2089 3118 nostro-

1196 3149 1304 3176 rum
1337 3136 1533 3175 meliora
1552 3132 1731 3187 serme‚
1761 3140 1807 3174 et
1822 3132 1939 3189 finis
1960 3133 2091 3176 incli-

1196 3198 1306 3242 nat‚·
1336 3191 1376 3241 6,
1399 3192 1469 3232 21.
1493 3194 1754 3245 praescium
1776 3192 2088 3244 periculorum

1197 3256 1241 3290 et
1263 3251 1562 3298 incolumem3
1593 3246 1659 3298 13,
1675 3248 1746 3289 22.
1772 3249 1908 3303 Syria
1921 3247 1972 3290 P.
1986 3250 2090 3289 An-

1157 3312 1163 3319 “
1196 3305 1287 3347 teio
1308 3306 1567 3353 destinata,
1599 3311 1642 3345 et
1666 3305 1806 3346 variis
1830 3320 1947 3346 mox
1968 3306 2086 3347 arti-

1194 3364 1276 3404 bus
1319 3364 1497 3413 elusus3
1561 3360 1718 3405 Germ.
1753 3377 1794 3406 c.
1826 3362 1869 3404 4.
1911 3377 2090 3415 magna

1194 3435 1388 3520 ῖιέἔὲἑα
1437 3426 1483 3473 et
1523 3427 1716 3463 tantum
1758 3421 1823 3461 ad
1865 3419 2088 3475 impetum

1254 3547 1336 3593 Cn.
1351 3547 1582 3592 Pisonem.
1644 3546 1703 3591 ef.
1723 3529 1833 3591 infr.
1855 3547 1897 3601 2,
1916 3546 1974 3592 43
1986 3563 2085 3605 sqq.
