2222 4030
298 218 416 277 188

925 180 1479 294 '³³⁶²‘ANNA121UM

1838 227 1890 262 A.
1910 226 1961 263 U.
1979 227 2060 263 772.

1838 269 1890 306 A.
1911 270 1958 306 C.
2002 274 2062 306 19.

235 358 242 366 “
286 346 582 404 montium
607 347 848 430 eductae
876 352 1213 428 pyramides
1249 354 1565 410 certamine
1590 367 1646 412 et
1673 358 1885 434 opibus
1916 383 2144 437 regum:

285 432 563 508 lacusque
607 432 815 491 effossa
866 430 1079 506 humo,
1139 439 1553 510 superfluentis
1587 439 1714 498 Nili
1759 450 2145 522 receptacula:

283 528 460 592 atque
497 517 646 578 alibi
680 520 979 593 angustiae
1022 534 1078 578 et
1111 522 1408 595 profunda
1445 525 1695 583 altitudo
1732 532 1914 587 nullis
1944 533 2147 610 inqui-

281 603 545 658 rentium
596 604 796 679 spatiis
842 606 1240 680 penetrabilis,

1350 606 1511 666 Exin
1558 625 1804 670 ventum
1842 613 2147 693 Elephan—

280 686 451 742 tinen
489 708 556 743 ac
590 687 857 766 Syenen,
902 691 1152 747 claustra
1188 691 1333 748 olim
1365 692 1628 753 Romani
1663 699 1929 775 imperii,
1985 705 2145 780 quod

278 792 450 830 -nunc
469 773 719 833 rubrum
743 775 819 831 ad
845 796 1004 831 mare
1036 777 1295 852 patescit.
1476 782 1484 786 ’

281 989 508 1047 dicuntur,
533 1006 647 1048 quae
671 999 774 1035 sunt
805 990 1003 1048 dispersa
1028 1007 1176 1049 neque

279 1063 363 1091 suo
394 1046 499 1090 loco
526 1049 606 1093 fixa
642 1058 683 1092 et
717 1048 981 1092 constantia.
1044 1049 1103 1093 ef.
1138 1052 1176 1101 l,

206 1133 209 1143 f
278 1105 354 1165 βε.
383 1104 427 1158 ·s‚
450 1106 493 1148 2.
523 1108 564 1157 6,
588 1106 656 1148 44.

316 1209 590 1251 ,certamine
639 1215 686 1250 et
737 1208 915 1260 opibus.
1003 1205 1053 1249 ἓν
1096 1205 1175 1250 διὰ

277 1263 414 1309 δυοῖν
444 1274 485 1306 et
509 1264 580 1308 hic
606 1264 772 1306 invenit
793 1264 925 1306 Roth.
948 1280 992 1322 p.
1009 1266 1077 1306 50.
1099 1266 1175 1306 in-

276 1330 656 1380 terpretaturque:
689 1331 928 1365 certamen
949 1324 995 1363 ίη
1015 1325 1193 1378 ορίόιιὩ

266 1382 580 1422 ostentandis.

333 1481 549 1535 lacusque
585 1478 751 1532 effossa
788 1482 945 1524 humo.
1017 1479 1167 1523 intell.

264 1537 394 1586 ,lacus
427 1536 677 1586 Moeridis,
726 1537 781 1580 de
824 1555 914 1595 quo
948 1538 1167 1581 Herodot.

271 1597 314 1646 2,
337 1595 434 1637 149.
467 1591 536 1638 ὅτι
561 1594 609 1637 δὲ
629 1593 953 1652 χειροποίητός
974 1597 1065 1640 ἔστι
1093 1600 1170 1639 καὶ

273 1651 466 1723 ὀρυκτὴέ
503 1646 619 1705 αὐτὴ
643 1654 790 1707 δηλοῖ.
861 1654 997 1697 Mox:
1040 1653 1089 1698 τὸ
1116 1655 1168 1699 δὲ

264 1709 398 1767 -ὓδωρ
422 1726 472 1754 το
494 1710 545 1754 ἐν
566 1712 618 1783 τῇ
639 1715 778 1772 λίμνῃ
805 1710 1050 1769 afflaveris
1079 1714 1169 1769 μὲν

262 1767 356 1823 οὐκ
387 1768 506 1811 ἔστι·
558 1767 767 1827 ,ἄνυδρος
798 1768 888 1825 γὰρ
924 1769 978 1826 δὴ
1009 1771 1170 1819 δεινῶς

262 1827 366 1870 ’ἐστὶ
389 1823 563 1886 razim*
602 1828 654 1871 ἐκ
677 1829 757 1870 τοῦ
782 1829 952 1872 Νείλου
976 1827 1027 1872 δὲ
1051 1828 1168 1871 κατὰ

269 1881 476 1941 διώρυχα
500 1887 701 1939 ἐςῆκται·
747 1888 822 1928 καὶ
847 1885 893 1936 ἓξ
912 1887 1001 1943 μὲν
1017 1889 1168 1945 μῆνας

267 1943 358 1988 ἔσω
384 1944 472 2001 ῥέει
490 1945 535 1993 ἐς
554 1943 635 1999 τὴν
654 1945 837 2002 λίμνην,
872 1944 918 1995 ἓξ
940 1947 989 1989 δὲ
1014 1947 1167 2003 μῆνας

266 2001 352 2052 ἔξω
396 2002 442 2051 ἐς
484 2001 566 2046 τὸν
598 2005 770 2046 Νεῖλον
809 1995 952 2052 αὖτις.
1034 2003 1164 2058 Quae

267 2067 418 2103 exacte
442 2060 720 2117 respondent
742 2059 885 2103 Taciti
909 2061 1072 2104 verbis.

323 2159 442 2202 alibi
468 2163 712 2214 angustiae
743 2191 755 2202 .
777 2193 787 2203 .
812 2192 823 2203 .
852 2162 1162 2216 penetrobjla’s.

249 2218 475 2262 :Muretus
496 2225 537 2260 et
554 2216 752 2276 Ryckius
776 2218 884 2260 haec
904 2226 1063 2275 putant
1084 2235 1160 2261 re-

264 2275 437 2334 spicere
459 2275 513 2317 ad
535 2274 754 2318 Herodot.
781 2277 824 2323 2,
841 2277 912 2318 28.
948 2276 1021 2318 ubi
1044 2277 1160 2318 seri-

263 2340 369 2392 ptor
400 2332 563 2383 refert,
614 2331 778 2375 Saitam
817 2332 1045 2390 quendam
1077 2334 1161 2376 sibi

247 2405 488 2441 narrasse,
540 2389 695 2433 Nilum
741 2390 850 2433 oriri
895 2406 944 2444 ex
982 2391 1159 2434 duobus

261 2446 494 2490 montibus
514 2446 694 2504 Syenen
726 2448 843 2491 inter
870 2456 913 2490 et
934 2447 1160 2502 Elephan-

210 2541 218 2548 .
244 2504 401 2556 tinen,
434 2504 617 2562 eiusque
635 2504 696 2547 ibi
723 2503 873 2562 πηγάς
897 2521 989 2547 esse
1011 2502 1156 2560 ἀβύσ-

242 2576 394 2617 -σους,
434 2561 572 2620 idque
605 2571 835 2620 expertum
873 2579 966 2605 esse
995 2562 1155 2606 Psam-

242 2619 507 2664 „metichum
555 2635 723 2676 regem.
804 2621 1014 2663 πολλέων
1065 2619 1156 2678 γὰρ

257 2676 404 2722 αὐτὸν
442 2673 673 2734 χιλιάδων
719 2676 943 2734 ὀργυιέων
986 2674 1152 2728 πλεξά-

255 2750 404 2795 μενον
424 2732 568 2778 κάλον
585 2734 788 2779 κατεῖναι
810 2732 951 2795 ταύτῃ
973 2738 1050 2778 καὶ
1071 2735 1155 2779 οὐκ

208 2803 213 2814 “
256 2794 488 2845 ἐξικέσθαι
511 2794 556 2843 ἒς
576 2789 767 2847 βυσσόν.
831 2797 923 2838 lam
953 2793 1152 2837 fabulam

257 2851 312 2895 de
333 2851 424 2895 Nili
448 2851 650 2894 fontibus
672 2852 732 2895 ibi
762 2851 1027 2909 quaerendis
1059 2851 1151 2909 ipse

255 2908 512 2952 Herodotus
541 2909 675 2952 ridet.
746 2909 899 2968 Pergit
922 2924 1055 2952 vero:
1091 2906 1153 2958 ὠς

240 2967 338 3023 ἐμὲ
380 2969 646 3010 κατανοέειν
689 2968 820 3016 δίνας
854 2965 978 3016 τινὰς
1010 2964 1151 3027 ταύτῃ

240 3020 422 3083 ,ἐρύσας
482 3023 671 3081 ἰσχυρὰς
720 3028 798 3069 καὶ
851 3026 1150 3083 παλιῤῥοίην·

238 3086 335 3129 ιοὶα
355 3082 407 3126 δὲ
429 3081 712 3139 ἐμβαλόντος
732 3084 813 3127 τοῦ
841 3081 1007 3132 ὓδατος
1031 3088 1151 3126 τοῖσι.

253 3137 434 3197 οὔρεσι,
489 3138 555 3198 μὴ
599 3141 833 3185 δύνασθαι
879 3143 1152 3197 κατιεμένην

240 3203 668 3257 ,καταπειρητηρίην
706 3200 752 3250 ἐς
801 3198 975 3256 βυσσὸν
1015 3201 1148 3242 ἰέναι.

240 3256 321 3300 ‚Et‘
345 3256 432 3299 tale
463 3255 572 3313 quid
612 3257 789 3301 subesse
823 3257 968 3301 Saitae
1004 3257 1148 3299 verbis

254 3313 401 3357 Taciti
425 3312 550 3356 loeus
581 3314 717 3357 etiam
746 3315 876 3358 nobis
900 3314 1148 3373 persuadet.

237 3371 371 3414 .Nam
395 3370 644 3425 angustiae
673 3371 930 3416 referendae
961 3380 1066 3415 sunt
1095 3371 1149 3421 ad

256 3427 483 3472 montium
526 3427 804 3471 mentionem
849 3430 964 3487 apud
1000 3428 1148 3472 Hero-

238 3485 416 3528 dotum
440 3484 650 3536 obviam;
682 3486 928 3540 profunda
952 3487 1150 3528 altitudo

255 3540 403 3587 ests&
436 3539 642 3598 ἄβυσσον
651 3559 667 3596 ,·
718 3544 858 3589 verba
890 3543 1036 3587 nullis
1068 3541 1150 3586 in-

1249 986 1535 1049 qut‘i'entium
1557 1003 1719 1054 spatiis
1735 1006 2047 1057 penetrabilis,
2077 1006 2142 1048 in-

1246 1060 1647 1109 terpretamentum
1703 1077 1837 1103 suum
1899 1061 2141 1109 inveniunt

1246 1109 1294 1151 in
1318 1115 1420 1155 loco
1444 1113 1689 1160 Herodoti:
1725 1119 1933 1166 πολλέων
1964 1119 2055 1178 γὰρ
2085 1149 2144 1157 --

1247 1167 1292 1216 ἒς
1315 1168 1506 1224 βυσσόν.
1569 1171 1623 1214 Et
1649 1173 1836 1218 fortasse
1861 1176 2024 1220 Noster
2048 1178 2140 1220 He-

1246 1227 1460 1270 rodotum
1490 1240 1592 1273 ante
1615 1230 1773 1274 oculos
1794 1234 1970 1285 habuit,
2002 1251 2140 1292 quum

1245 1283 1355 1344 haec
1375 1287 1607 1331 scriberet.
1666 1289 1770 1331 Non
1793 1293 1895 1334 satis
1913 1301 2031 1335 recte
2055 1293 2138 1352 igi-

1245 1348 1319 1383 tur
1347 1343 1602 1388 Ernestium
1646 1356 1802 1389 contra
1832 1349 2063 1392 Muretum
2101 1359 2142 1393 et

1244 1398 1467 1457 Ryckium
1513 1402 1756 1461 disputasse
1807 1415 1934 1462 puto.
2023 1407 2137 1450 Nam

1246 1459 1364 1514 quod
1385 1459 1642 1503 Herodotus
1662 1461 1754 1517 ipse
1776 1463 1893 1506 ridet
1914 1465 2138 1508 narratio-

1243 1531 1347 1557 nem
1372 1517 1476 1567 viri,
1510 1515 1554 1559 id
1577 1518 1758 1576 respicit
1785 1520 1841 1563 ad
1861 1520 2059 1564 fabulam
2086 1522 2139 1564 de

1242 1572 1448 1617 fontibus
1471 1574 1561 1616 Nili
1593 1575 1655 1617 ibi
1688 1578 1980 1630 quaerendis;
2018 1579 2139 1622 addit

1243 1647 1380 1680 vero,
1420 1631 1503 1675 sibi
1527 1633 1670 1676 videri
1699 1634 2012 1692 intelligendas
2045 1653 2138 1680 esse

1243 1689 1375 1738 δίνας
1403 1688 1528 1739 τινὰς
1556 1698 1640 1732 ete.
1701 1690 1798 1734 Nec
1830 1693 2023 1752 denique
2056 1696 2137 1737 ob-

1241 1755 1350 1797 stat,
1400 1748 1522 1805 quod
1567 1747 1751 1790 Tacitus
1791 1751 1959 1808 pergit:
2007 1753 2138 1794 Exin

1241 1812 1433 1846 ventum
1471 1805 1632 1860 Eleplz.
1688 1814 1774 1848 etc.
1863 1798 1978 1851 Nam
2030 1809 2133 1854 licet

1239 1862 1486 1920 Aegyptius
1525 1863 1679 1906 locum
1714 1862 1842 1906 illum
1878 1876 2015 1923 ponat
2048 1882 2134 1924 με·

1239 1919 1349 1970 ταξύ
1385 1916 1563 1974 Συήνης
1606 1935 1653 1963 τε
1687 1923 1763 1963 καὶ
1789 1921 2132 1979 Ἐλεφαντίνης,

1238 1994 1391 2021 nonne
1417 1977 1714 2022 Germanicus
1735 1980 2000 2037 potuitNilo
2024 1984 2133 2026 sub-

1236 2035 1364 2086 vehi,
1390 2043 1440 2077 ut
1461 2035 1656 2094 primum
1683 2035 1794 2079 illud
1818 2037 1908 2081 Nili
1932 2039 2132 2083 miracu-

1236 2092 1331 2136 lum
1355 2094 1570 2159 aspiceret
1595 2100 1637 2134 et
1655 2092 1815 2136 deinde
1839 2110 1954 2139 nave
1969 2104 2127 2154 'egres-—

1235 2167 1310 2194 sus
1343 2150 1482 2203 adiret
1513 2166 1623 2209 quas
1646 2149 1810 2194 Noster
1840 2150 1949 2196 dicit
1982 2155 2132 2205 urbes,

1233 2206 1568 2266 Elephantinen
1606 2207 1830 2265 superiori
1868 2210 1969 2254 loco
2003 2213 2129 2269 posi-

1234 2274 1350 2317 tam,
1397 2264 1502 2308 inde
1532 2263 1723 2308 inferius
1753 2268 1878 2310 sitam
1917 2266 2131 2323 Syenen?

1236 2324 1448 2367 Ceterum
1495 2321 1603 2366 baec
1643 2322 1734 2366 Nili
1779 2324 1994 2369 miracula
2036 2327 2130 2372 sine

1235 2380 1374 2423 dubio
1397 2379 1624 2437 pertinent
1645 2380 1697 2423 ad
1720 2390 1961 2426 cataractas
1986 2384 2129 2427 mino·

1231 2455 1318 2486 req,
1336 2437 1451 2496 apud
1468 2454 1575 2493 quas
1587 2437 2128 2499 navioationisAegyptia·

1233 2512 1308 2538 cae
1332 2495 1448 2537 finis.
1490 2493 1608 2537 Plin.
1633 2494 1673 2544 5,
1729 2529 1736 2536 .
1798 2496 2007 2542 Heinsius
2033 2508 2126 2542 ten-

1229 2553 1372 2597 tabat:
1429 2552 1551 2593 nulli
1595 2553 1931 2608 inquirentium
1982 2558 2124 2608 satis;

1227 2608 1441 2668 Ruperti:
1478 2610 1624 2651 nullis
1655 2611 1990 2667 inquirentium
2021 2622 2125 2656 stu-

1227 2668 1337 2711 diis.
1413 2665 1635 2709 Dubitanti
1681 2667 1823 2720 enim,
1873 2685 1931 2712 an
1971 2674 2124 2725 spatia

1228 2724 1316 2768 dici
1349 2724 1522 2783 possint
1555 2723 1609 2766 de
1647 2741 1874 2769 mensura.
1947 2726 2037 2771 Sed
2069 2729 2124 2772 de

1261 2799 1420 2825 uanam
1447 2779 1531 2824 alia
1552 2798 1599 2823 re
1630 2784 1783 2834 spotia
1806 2784 2015 2834 dicentur
2035 2786 2124 2830 nisi

1225 2798 1278 2883 38
1302 2855 1510 2882 mensura
1530 2837 1616 2880 loci
1643 2849 1716 2882 aut
1742 2843 1986 2899 temporis?
2018 2843 2119 2888 Vid.

1224 2908 1280 2940 et.
1305 2897 1618 2939 IalmiiAnn.
1654 2897 1778 2941 1827.
1803 2898 1868 2949 ΙΙ,
1902 2905 1942 2943 1.
1977 2917 2021 2959 ρ.
2048 2901 2118 2947 74.

1222 2955 1296 2998 Ad
1337 2970 1498 2998 vocem
1537 2955 1680 2996 nullis
1723 2954 1923 3014 intellige
1966 2975 2118 3014 quon-

1224 3029 1366 3070 quam
1393 3011 1687 3065 longissimis.

1271 3084 1587 3139 penetrabilis.
1648 3081 1723 3126 Sic
1751 3084 1852 3127 edd.
1873 3084 1994 3144 Lips.
2020 3103 2114 3146 sqq.

1215 3141 1527 3197 penetrabiles
1549 3139 1651 3182 edd.
1677 3150 1778 3184 ante
1798 3141 1920 3201 Lips.
1940 3152 1983 3193 et
1997 3143 2116 3203 Lips.

1220 3199 1384 3257 prima.
2025 3200 2028 3205 Δ

1278 3258 1484 3297 claustra
1506 3287 1516 3297 .
1535 3286 1546 3298 .
1563 3286 1575 3298 .
1595 3256 1806 3310 patescit,
1875 3255 1951 3301 Sic
1984 3261 2115 3301 clau-

1220 3321 1323 3356 stra
1362 3313 1547 3366 imperii
1584 3312 1688 3355 dixit
1718 3311 1811 3356 Cic.
1843 3330 1927 3371 pro
1962 3315 2000 3358 F
2003 3315 2114 3361 lacc.

1221 3387 1262 3413 c.
1289 3369 1357 3412 13.
1408 3369 1633 3411 Etruriae
1654 3373 1858 3414 claustra
1871 3368 1964 3415 Liv.
1990 3373 2032 3421 9,
2045 3373 2114 3418 32.

1219 3427 1294 3470 Ad
1317 3427 1506 3469 rubrum
1534 3443 1654 3469 mare
1691 3425 1876 3485 (dequo
1902 3429 1993 3475 vid.
2018 3440 2112 3475 not.

1221 3486 1275 3528 ad
1298 3485 1363 3536 14,
1386 3483 1474 3538 25.)
1503 3484 1745 3543 imperium
1766 3486 1974 3587 grovexit
1994 3486 2110 3531 Tra—

1196 3581 1200 3583 ,
1219 3543 1363 3592 ianus.
1384 3580 1389 3584 .
1410 3540 1469 3585 cf.
1490 3539 1748 3601 Eutrop.‘8‚
