2222 4030
140 194 363 232 mmm

139 236 260 278 bc.
296 239 361 275 23.

640 196 817 260 LIB.
850 195 956 259 w.

1041 196 1237 262 CAP.
1275 199 1332 260 7.
1787 203 1922 263 299

59 333 350 392 retinebat
381 341 610 397 tamen,
659 328 850 386 donec
882 336 1074 387 morte
1104 321 1290 384 Drusi
1325 341 1737 405 verterentur:
1774 352 1919 392 nam

57 420 206 476 dnm
244 415 569 493 superfuit,
623 433 924 484 mansere,
973 411 1116 493 quia
1154 412 1405 471 Seianus
1446 416 1768 493 incipiente
1804 419 1920 477 ad-

57 502 176 563 huc
216 501 482 581 potentia
531 498 708 569 bonis
766 500 1029 558 consiliis
1077 509 1376 556 notescere
1421 503 1662 562 volebat
1711 514 1775 561 et
1819 503 1924 563 ul-

57 603 154 648 tor
199 589 576 646 metuebatur
628 604 755 641 non
807 586 1072 644 occultus
1123 583 1251 642 odii
1293 595 1350 640 et
1394 588 1599 645 crebro
1643 606 1920 666 querenS,

57 674 347 733 ineolumi
410 671 533 728 filio
600 670 936 728 adiutorem
999 669 1238 747 imperii
1302 669 1490 728 alium
1552 674 1787 733 vocari:
1828 707 1837 714 ·-
1861 687 1927 735 et.

59 773 350 839 quantum
401 774 733 833 superesse,
795 769 865 815 ut
906 757 1131 832 collega
1170 755 1443 814 dicatur?

56 845 333 905 minandi
400 862 532 918 spes
597 842 667 898 in
730 843 950 900 arduo:

1535 760 1759 834 primas
1809 761 1929 820 do-

1027 842 1138 901 uhi
1188 841 1270 899 sia
1320 840 1647 916 ingressuS‚
1722 847 1934 905 adesse.

58 931 255 988 studia
309 940 368 986 et
421 927 746 988 ministros.
842 939 1134 986 exstructa
1191 927 1314 987 iam
1372 939 1585 1004 sponte
1644 932 1933 1004 praefecti⁴

59 1028 273 1085 castra,
327 1016 496 1072 datos
538 1013 605 1069 in
637 1034 887 1072 manum
917 1014 1162 1072 milites:
1217 1012 1383 1071 cerni
1413 1012 1666 1088 effigiem
1699 1017 1823 1074 eius
1856 1017 1931 1074 in

57 1099 443 1160 monimentis
475 1097 587 1159 Cn.
623 1097 926 1177 Pompeii:
995 1116 1340 1158 communes
1375 1097 1480 1156 illi
1518 1119 1657 1159 cum
1697 1101 1930 1160 familia

58 1187 395 1248 Drusorum
413 1187 541 1243 fore
564 1198 823 1262 nepotes.
868 1187 1225 1262 precandam
1246 1179 1540 1263 posthaec
1557 1186 1928 1258 modestiam,
2015 1224 2024 1231 »

117 1409 328 1451 occultus
372 1406 482 1450 odii.
561 1405 641 1452 Sic
685 1406 787 1452 edd.
832 1406 955 1467 Lips.

59 1464 187 1510 Pieh.
219 1463 352 1508 Grut.
388 1483 408 1509 s
441 1481 487 1523 q.
555 1466 678 1508 ods‘t's
714 1466 815 1511 edd.
851 1465 957 1510 Ber.

59 1524 160 1569 Alc.
173 1523 322 1567 Rhen-
346 1480 451 1568 ΜΖ.
479 1522 660 1584 Micyu.

115 1597 250 1639 cerni
267 1595 472 1653 effigiem
493 1597 607 1639 eihs.
667 1595 729 1641 cs.
751 1595 795 1646 3,
814 1597 887 1642 72.
916 1605 960 1641 et

58 1660 155 1697 not.
178 1654 234 1697 ad
252 1654 296 1705 4,
316 1652 360 1696 3.

119 1725 440 1767 monimentis.
510 1723 588 1769 Sic
607 1723 710 1768 edd.
729 1722 834 1767 Ber.
860 1724 959 1769 Alc.

59 1789 106 1826 et
131 1790 322 1827 recentt.
343 1804 405 1816 —
462 1782 545 1827 Ed.
566 1782 713 1828 Rhen.
739 1799 839 1843 sqq.
864 1799 960 1827 mo·

57 1841 313 1884 narnensis.
372 1839 433 1886 ef.
458 1840 501 1895 3,
524 1841 597 1885 72.

118 1926 390 1956 communes
418 1940 477 1950 --
504 1921 708 1968 nepotes.
768 1913 961 1974 Respice

61 1969 117 2012 ad
139 1968 181 2021 3,
202 1969 276 2013 29.
297 1970 464 2013 collato
487 1972 614 2016 Suet.
642 1970 804 2016 Claud.
827 1987 868 2015 c.
889 1972 961 2016 27.

59 2026 153 2070 Dio
173 2028 244 2080 60,
265 2027 336 2071 32
395 2028 587 2074 obierat
618 2030 802 2089 quidem
826 2029 961 2074 Dru-

62 2100 136 2128 sus
169 2084 285 2129 filiae
306 2084 456 2153 Seiani
488 2085 757 2155 destinatus,
788 2104 893 2131 cum
921 2087 961 2132 ei

62 2144 837 2262 zffitfffftasssszfz‘ssydlzssz‘ssti‘
872 2162 960 2262 ‘2252

62 2255 272 2302 Tacitum
303 2269 476 2318 guttam
509 2261 704 2328 auississe
727 2277 751 2304 e
774 2261 962 2305 flumine

63 2313 223 2360 Lethes
258 2332 307 2359 ar
342 2318 431 2371 uit3
462 2326 506 2361 at
536 2335 650 2362 nure
686 2318 852 2364 oblitus
884 2328 964 2371 est,

65 2388 91 2415 a
123 2371 281 2439 Tacito
310 2334 445 2420 {asce
476 2375 615 2420 Drusi
650 2377 855 2446 querelas
891 2377 962 2421 di-

65 2438 194 2473 serus
225 2433 375 2476 verbis
403 2434 562 2478 referri
588 2435 644 2479 ad
670 2434 962 2492 incipientem

65 2486 211 2531 adbuc
222 2488 368 2533 Seiani
390 2491 641 2549 potentiam
654 2526 666 2546 ,
698 2492 773 2537 ubi
788 2491 966 2536 Claudii

17 2581 50 2610 .
66 2543 184 2588 filius
208 2546 253 2590 in
278 2548 387 2592 vivis
409 2558 524 2602 erat,
556 2559 599 2593 et
623 2550 772 2609 potuit
789 2549 967 2594 Drusus

63 2601 174 2670 haec
195 2605 323 2663 queri
346 2614 447 2649 ante
467 2608 692 2666 sponsalia
714 2610 787 2653 illa
804 2617 967 2653 etcum

68 2675 267 2718 primum
289 2663 530 2708 audivisset
552 2681 603 2711 ea
625 2683 720 2710 esse
743 2667 911 2710 sutura.

118 2736 408 2784 precandam
419 2737 656 2787 posthaec
670 2739 969 2780 modestiam.

69 2786 243 2858 Lipsius
288 2789 346 2832 ita
390 2790 557 2835 dictam
602 2796 766 2853 accipit
804 2798 967 2837 mode·

67 2855 233 2897 utam,
275 2848 398 2905 quasi
433 2848 487 2892 sit
519 2848 638 2893 inter
669 2852 798 2901 deas,
841 2867 967 2896 eam-

104 2920 158 2946 ne
194 2904 611 2965 interpretationem
658 2918 840 2953 strenue
886 2909 967 2951 de·

67 2921 216 3006 pendit
256 2962 590 3010 Freinshemius
633 2974 789 3010 contra
824 2966 855 3011 Ι.
892 2966 966 3010 Fr.

71 3019 382 3075 cronos-ium,
411 3021 487 3080 qui
516 3023 614 3067 vult
643 3024 828 3084 intelligi
861 3040 967 3068 mo-

69 3078 271 3121 destiam
334 3078 495 3123 edestri
526 3090 568 3125 et
594 3080 764 3140 vulgari
794 3082 970 3140 signifi-

72 3142 199 3187 catu,
231 3146 278 3179 nt
322 3152 431 3179 ocus
457 3138 718 3197 suppleatur
741 3139 828 3183 sic:
854 3155 967 3195 pre-

71 3196 275 3236 condam
308 3204 417 3249 pose
448 3197 560 3239 haec
592 3201 871 3241 modestiam
904 3214 967 3241 sc.

73 3248 241 3299 Seiani,
271 3251 342 3295 vel
360 3258 652 3303 precandam
677 3257 716 3307 (a
742 3255 843 3314 diis)
867 3272 967 3299 mn-

73 3307 276 3350 dentiam
301 3307 517 3368 (Seiano).
578 3311 692 3357 Cum
726 3312 969 3359 Gronovio

75 3363 241 3408 faciunt
270 3365 492 3424 Ryckius,
521 3369 780 3420 Ernestius,
814 3372 968 3415 Obm-

77 3419 156 3489 rm,-
178 3438 275 3483 sqq.
334 3424 463 3469 Stant
489 3428 544 3471 ab
566 3427 649 3473 hnc
677 3438 801 3488 parte
822 3429 970 3481 etiam,

74 3494 150 3579 gui
172 3483 426 3537 germanice
445 3483 586 3530 Taciti
609 3487 746 3531 libros
771 3487 968 3532 edidere.

111 3548 190 3581 unt
213 3547 382 3593 tamen,
417 3557 529 3599 quae
553 3542 778 3591 Gronovii
807 3542 969 3588 rationi

1028 1406 1336 1451 adversentur.
1388 1405 1504 1450 Nam
1525 1405 1724 1476 primum
1742 1405 1927 1455 durius-

1031 1464 1133 1509 cula
1164 1480 1271 1508 sane
1304 1471 1371 1507 est
1412 1464 1601 1508 omissio
1642 1466 1945 1523 pronominis

1031 1523 1078 1567 ei
1097 1521 1171 1569 vel
1191 1523 1313 1575 eius,
1340 1531 1483 1581 quum‘
1505 1539 1556 1568 ea
1581 1522 1830 1568 omissione
1851 1532 1928 1568 to-

1030 1590 1102 1626 tus
1135 1580 1263 1624 locus
1290 1582 1490 1623 incertus
1516 1579 1693 1625 evadat.
1751 1577 1933 1625 Deinde

1034 1637 1258 1685 concedes
1289 1653 1448 1706 parum
1481 1637 1584 1683 salis
1614 1638 1762 1683 inesse
1777 1640 1931 1685 verbis

1030 1715 1055 1742 e
1077 1696 1301 1743 Gronovii
1327 1696 1699 1753 interpretatione
1721 1696 1934 1757 acceptis.

1030 1754 1243 1813 Denique
1264 1753 1320 1797 ad
1344 1752 1475 1797 illum
1495 1770 1676 1798 sensum
1699 1754 1835 1799 verba
1849 1750 1932 1799 de'-

1031 1814 1202 1859 bebant
1245 1809 1464 1856 collocari
1506 1812 1596 1856 sict
1643 1812 1936 1856 modestiam

1026 1878 1137 1929 post
1163 1872 1280 1913 haec
1304 1873 1622 1925 precandam.
1685 1869 1811 1927 Quid
1847 1869 1858 1880 ’
1891 1870 1934 1914 i-

1031 1929 1140 1975 tur?
1180 1943 1294 1972 num
1324 1926 1379 1970 ad
1402 1925 1451 1970 Li
1485 1927 1538 1971 sii
1559 1925 1788 1972 rationem
1809 1943 1858 1972 re
1891 1925 1934 1971 i-

1033 1985 1217 2032 bimus?
1262 1985 1322 2029 At
1347 1983 1428 2028 dea
1508 1985 1677 2029 odestia
1700 1984 1819 2045 apud
1833 1984 1932 2029 Ro-

1033 2059 1193 2090 manos
1214 2041 1431 2087 inaudita.
1470 2042 1703 2088 Concedo.
1744 2042 1936 2103 Templa

1034 2112 1111 2149 aut
1134 2118 1234 2147 aras
1261 2099 1508 2145 modestiae
1539 2115 1816 2159 quemquam
1847 2117 1934 2160 po-

1035 2159 1175 2206 suisse
1212 2174 1309 2203 non
1343 2157 1544 2202 invenio.
1629 2157 1768 2216 Atqui
1799 2157 1848 2202 in
1877 2173 1935 2201 eo

1033 2219 1133 2279 ipso
1172 2214 1501 2276 lepidissimum
1534 2216 1782 2262 sententiae
1821 2232 1938 2262 aeu-

1035 2292 1141 2322 men
1162 2275 1291 2326 latet;
1318 2273 1500 2318 Drusus
1521 2274 1643 2317 enim
1667 2273 1775 2318 dicit
1791 2289 1935 2332 porro

1037 2332 1310 2404 precandam
1334 2347 1429 2376 esse
1451 2331 1748 2381 modestiam,
1774 2331 1839 2376 uti
1874 2331 1938 2375 dii

1034 2390 1245 2436 mvocari
1281 2389 1454 2440 solent,
1506 2397 1554 2432 ut
1588 2388 1777 2434 Seianus
1819 2405 1936 2434 con-

1036 2458 1186 2494 tentus
1206 2447 1285 2499 sit,
1316 2456 1458 2507 utque
1481 2447 1538 2491 ita
1562 2462 1647 2505 ope
1669 2446 1821 2491 divina
1842 2447 1939 2491 effi·

1039 2507 1207 2555 datur,
1237 2506 1361 2565 quod
1393 2520 1529 2564 supra
1548 2505 1668 2550 vires
1687 2504 1745 2548 sit
1772 2503 1940 2549 huma-

1039 2581 1135 2609 nas.
1196 2564 1285 2609 Sed
1309 2564 1419 2607 haec
1437 2563 1628 2623 quisque
1650 2578 1673 2605 e
1697 2576 1779 2605 suo
1801 2577 1937 2606 sensu

1040 2622 1222 2666 iudicet.
1314 2621 1366 2665 ld
1420 2627 1599 2665 tantum
1647 2618 1791 2670 addo,
1852 2634 1940 2664 usu

1041 2679 1255 2739 loquendi
1303 2678 1406 2723 salis
1450 2675 1760 2724 commendari
1802 2676 1940 2738 Lipsii

1041 2736 1476 2796 interpretationem.
1558 2733 1618 2779 cs.
1655 2734 1723 2785 15.
1758 2734 1827 2779 1⁷.
1858 2735 1941 2780 δίε

1041 2809 1218 2851 quoque
1239 2795 1468 2849 optimam
1491 2791 1756 2835 Fortunam
1783 2806 1937 2836 oran-

1040 2855 1178 2902 dam,
1211 2859 1263 2895 uc
1286 2860 1369 2896 etc.
1427 2849 1782 2911 Plin.Panegyr.
1810 2866 1851 2895 c.
1868 2850 1940 2895 86.

1035 2917 1344 2966 precatusque
1360 2909 1535 2952 maria.
1584 2906 1796 2952 Ceterum
1820 2923 1942 2959 cave,

1042 2984 1097 3011 ne
1131 2967 1361 3010 Romanos
1394 2975 1521 3026 putes
1564 2965 1680 3010 serio
1722 2964 1940 3024 cogitasse

1043 3026 1097 3069 de
1136 3025 1252 3068 veris
1294 3025 1372 3082 qui
1410 3023 1627 3068 dicuntur
1669 3022 1779 3073 diis,
1831 3037 1939 3067 cuni

1041 3099 1137 3126 aras
1174 3091 1248 3125 aut
1282 3081 1448 3141 templa
1474 3087 1718 3127 statuerent
1781 3079 1941 3125 uibus-

1042 3140 1143 3183 dam
1183 3139 1449 3192 virtutibus,
1498 3137 1637 3183 animi
1683 3137 1739 3182 ad
1763 3138 1940 3183 ectibus

1041 3205 1081 3240 et
1123 3197 1342 3242 eiusmodi
1386 3195 1644 3242 nominibus
1689 3193 1811 3249 aliis,
1862 3211 1937 3240 ea-

1074 3272 1130 3298 ue
1162 3257 1431 3300 invocarent
1463 3261 1514 3299 ut
1542 3253 1746 3299 numina.
1809 3251 1940 3298 Mera

1044 3270 1224 3357 iictione
1264 3313 1438 3375 poetica
1475 3312 1719 3357 utebantur
1760 3310 1807 3355 in
1850 3309 1943 3355 boo

1044 3387 1231 3438 genere,
1278 3378 1322 3415 et
1348 3387 1372 3416 e
1397 3370 1578 3415 fictione
1610 3368 1785 3428 poetica
1818 3368 1937 3428 apud

1044 3428 1144 3473 illos
1170 3427 1357 3473 omnino
1382 3444 1453 3474 res
1478 3427 1648 3472 divinae
1672 3426 1940 3484 pendebant.

1046 3486 1246 3543 Quaevis
1267 3503 1360 3540 res,
1390 3487 1437 3531 in
1492 3502 1546 3529 ua
1565 3484 1634 3529 vis
1657 3482 1772 3527 inest
1793 3481 1941 3527 maior

1042 3545 1212 3603 aliqua.
1258 3544 1323 3589 sic
1359 3502 1636 3603 appellatur,
1678 3550 1729 3585 ut
1763 3557 1812 3586 ea
1845 3539 1940 3599 ipsa

2098 562 2108 593 l
