<?xml version="1.0" encoding="UTF-8"?>
<!DOCTYPE html PUBLIC "-//W3C//DTD XHTML 1.0 Transitional//EN"
    "http://www.w3.org/TR/xhtml1/DTD/xhtml1-transitional.dtd">
<html xmlns="http://www.w3.org/1999/xhtml" xml:lang="en" lang="en">
 <head>
  <title>
</title>
<meta http-equiv="Content-Type" content="text/html;charset=utf-8" />
  <meta name='ocr-system' content='tesseract 3.04.00' />
  <meta name='ocr-capabilities' content='ocr_page ocr_carea ocr_par ocr_line ocrx_word'/>
</head>
<body>
  <div class='ocr_page' id='page_1' title='image "./operarecensuitet01taciuoft_0081.png"; bbox 0 0 2222 4030; ppageno 0'>
   <div class='ocr_carea' id='block_1_1' title="bbox 623 241 1901 376">
    <p class='ocr_par' dir='ltr' id='par_1_1' title="bbox 623 241 1901 376">
     <span class='ocr_line' id='line_1_1' title="bbox 623 241 1901 376; baseline -0.003 -28"><span class='ocrx_word' id='word_1_1' title='bbox 623 285 799 348; x_wconf 68' lang='grc' dir='ltr'>ΜΒ.</span> <span class='ocrx_word' id='word_1_2' title='bbox 837 283 884 349; x_wconf 93' lang='lat'>1.</span> <span class='ocrx_word' id='word_1_3' title='bbox 969 282 1182 376; x_wconf 71' lang='grc' dir='ltr'><strong>οᾼΡ..</strong></span> <span class='ocrx_word' id='word_1_4' title='bbox 1218 288 1316 347; x_wconf 79' lang='lat'>13.</span> <span class='ocrx_word' id='word_1_5' title='bbox 1508 285 1513 290; x_wconf 65' lang='grc'><strong>“</strong></span> <span class='ocrx_word' id='word_1_6' title='bbox 1771 241 1901 345; x_wconf 69' lang='lat'>‘31</span> 
     </span>
    </p>
   </div>
   <div class='ocr_carea' id='block_1_2' title="bbox 123 256 346 369">
    <p class='ocr_par' dir='ltr' id='par_1_2' title="bbox 123 256 346 369">
     <span class='ocr_line' id='line_1_2' title="bbox 124 256 346 324; baseline -0.014 0"><span class='ocrx_word' id='word_1_7' title='bbox 124 289 178 324; x_wconf 74' lang='lat' dir='ltr'>A.</span> <span class='ocrx_word' id='word_1_8' title='bbox 190 256 253 323; x_wconf 59' lang='lat' dir='ltr'>u.</span> <span class='ocrx_word' id='word_1_9' title='bbox 261 285 346 321; x_wconf 68' lang='grc' dir='ltr'>τω.</span> 
     </span>
     <span class='ocr_line' id='line_1_3' title="bbox 123 329 345 369; baseline -0.018 0"><span class='ocrx_word' id='word_1_10' title='bbox 123 335 180 369; x_wconf 68' lang='grc' dir='ltr'>Α.</span> <span class='ocrx_word' id='word_1_11' title='bbox 192 330 245 367; x_wconf 80' lang='lat' dir='ltr'>c,</span> <span class='ocrx_word' id='word_1_12' title='bbox 279 329 345 365; x_wconf 66' lang='grc' dir='ltr'>ιι.</span> 
     </span>
    </p>
   </div>
   <div class='ocr_carea' id='block_1_3' title="bbox 41 397 1977 494">
    <p class='ocr_par' dir='ltr' id='par_1_3' title="bbox 41 397 1977 494">
     <span class='ocr_line' id='line_1_4' title="bbox 41 397 1977 494; baseline -0.006 -12"><span class='ocrx_word' id='word_1_13' title='bbox 41 423 365 483; x_wconf 81' lang='lat' dir='ltr'>tradidere:</span> <span class='ocrx_word' id='word_1_14' title='bbox 408 426 732 494; x_wconf 81' lang='lat' dir='ltr'>omnesque</span> <span class='ocrx_word' id='word_1_15' title='bbox 757 425 992 493; x_wconf 88' lang='lat' dir='ltr'>praeter</span> <span class='ocrx_word' id='word_1_16' title='bbox 1013 411 1314 489; x_wconf 87' lang='lat' dir='ltr'>Lepidum</span> <span class='ocrx_word' id='word_1_17' title='bbox 1336 413 1517 472; x_wconf 85' lang='lat' dir='ltr'>variis</span> <span class='ocrx_word' id='word_1_18' title='bbox 1539 434 1680 474; x_wconf 83' lang='lat' dir='ltr'>mox</span> <span class='ocrx_word' id='word_1_19' title='bbox 1702 414 1908 479; x_wconf 80' lang='lat' dir='ltr'>crimi-</span> <span class='ocrx_word' id='word_1_20' title='bbox 1974 397 1977 399; x_wconf 65' lang='lat'>‚</span> 
     </span>
    </p>
   </div>
   <div class='ocr_carea' id='block_1_4' title="bbox 38 497 1909 1075">
    <p class='ocr_par' dir='ltr' id='par_1_4' title="bbox 38 497 1909 1075">
     <span class='ocr_line' id='line_1_5' title="bbox 39 497 1908 576; baseline -0.009 -11"><span class='ocrx_word' id='word_1_21' title='bbox 39 510 217 565; x_wconf 89' lang='lat' dir='ltr'>nibus</span> <span class='ocrx_word' id='word_1_22' title='bbox 241 517 502 566; x_wconf 82' lang='lat' dir='ltr'><strong>struente</strong></span> <span class='ocrx_word' id='word_1_23' title='bbox 524 501 772 560; x_wconf 87' lang='lat' dir='ltr'>Tiberio</span> <span class='ocrx_word' id='word_1_24' title='bbox 794 498 1182 558; x_wconf 83' lang='lat' dir='ltr'>circumventi</span> <span class='ocrx_word' id='word_1_25' title='bbox 1210 509 1370 558; x_wconf 86' lang='lat' dir='ltr'>sunt.</span> <span class='ocrx_word' id='word_1_26' title='bbox 1453 497 1655 558; x_wconf 91' lang='lat' dir='ltr'>Etiam</span> <span class='ocrx_word' id='word_1_27' title='bbox 1679 498 1759 576; x_wconf 81' lang='lat' dir='ltr'>Q,</span> <span class='ocrx_word' id='word_1_28' title='bbox 1775 498 1908 559; x_wconf 78' lang='lat' dir='ltr'>Ha..</span> 
     </span>
     <span class='ocr_line' id='line_1_6' title="bbox 38 573 1909 663; baseline -0.004 -12"><span class='ocrx_word' id='word_1_29' title='bbox 38 594 224 651; x_wconf 90' lang='lat' dir='ltr'>terius</span> <span class='ocrx_word' id='word_1_30' title='bbox 270 604 328 650; x_wconf 90' lang='lat' dir='ltr'>et</span> <span class='ocrx_word' id='word_1_31' title='bbox 368 589 705 648; x_wconf 84' lang='lat' dir='ltr'>Mamercus</span> <span class='ocrx_word' id='word_1_32' title='bbox 738 586 996 644; x_wconf 82' lang='lat' dir='ltr'>Scaurus</span> <span class='ocrx_word' id='word_1_33' title='bbox 1047 573 1407 660; x_wconf 72' lang='lat' dir='ltr'>suspicacem</span> <span class='ocrx_word' id='word_1_34' title='bbox 1452 587 1721 644; x_wconf 89' lang='lat' dir='ltr'>animum</span> <span class='ocrx_word' id='word_1_35' title='bbox 1767 605 1909 663; x_wconf 77' lang='lat' dir='ltr'>per-</span> 
     </span>
     <span class='ocr_line' id='line_1_7' title="bbox 40 667 1907 748; baseline -0.004 -12"><span class='ocrx_word' id='word_1_36' title='bbox 40 680 354 736; x_wconf 79' lang='lat' dir='ltr'>strinxere:</span> <span class='ocrx_word' id='word_1_37' title='bbox 398 673 705 747; x_wconf 85' lang='lat' dir='ltr'>Haterius,</span> <span class='ocrx_word' id='word_1_38' title='bbox 748 693 885 728; x_wconf 90' lang='lat' dir='ltr'>cum</span> <span class='ocrx_word' id='word_1_39' title='bbox 921 669 1187 738; x_wconf 78' lang='lat' dir='ltr'>dixisset,</span> <span class='ocrx_word' id='word_1_40' title='bbox 1244 667 1614 746; x_wconf 85' lang='lat' dir='ltr'>„Quousque</span> <span class='ocrx_word' id='word_1_41' title='bbox 1642 671 1907 748; x_wconf 89' lang='lat' dir='ltr'>patieris,</span> 
     </span>
     <span class='ocr_line' id='line_1_8' title="bbox 38 752 1907 836; baseline -0.003 -15"><span class='ocrx_word' id='word_1_42' title='bbox 38 762 315 832; x_wconf 87' lang='lat' dir='ltr'>„Caesar,</span> <span class='ocrx_word' id='word_1_43' title='bbox 352 780 479 816; x_wconf 92' lang='lat' dir='ltr'>non</span> <span class='ocrx_word' id='word_1_44' title='bbox 500 759 700 815; x_wconf 82' lang='lat' dir='ltr'>adesse</span> <span class='ocrx_word' id='word_1_45' title='bbox 719 769 894 833; x_wconf 89' lang='lat' dir='ltr'>caput</span> <span class='ocrx_word' id='word_1_46' title='bbox 918 756 1006 813; x_wconf 89' lang='lat' dir='ltr'>rei</span> <span class='ocrx_word' id='word_1_47' title='bbox 1028 752 1383 831; x_wconf 80' lang='lat' dir='ltr'>publicae‘?”</span> <span class='ocrx_word' id='word_1_48' title='bbox 1437 752 1722 827; x_wconf 70' lang='lat' dir='ltr'>Scaurm,</span> <span class='ocrx_word' id='word_1_49' title='bbox 1763 757 1907 836; x_wconf 87' lang='lat' dir='ltr'>quia</span> 
     </span>
     <span class='ocr_line' id='line_1_9' title="bbox 38 840 1907 920; baseline -0.003 -15"><span class='ocrx_word' id='word_1_50' title='bbox 38 849 291 916; x_wconf 78' lang='lat' dir='ltr'>dixerat,</span> <span class='ocrx_word' id='word_1_51' title='bbox 333 865 498 920; x_wconf 90' lang='lat' dir='ltr'>spem</span> <span class='ocrx_word' id='word_1_52' title='bbox 521 864 643 900; x_wconf 90' lang='lat' dir='ltr'>esse</span> <span class='ocrx_word' id='word_1_53' title='bbox 664 864 734 900; x_wconf 86' lang='lat' dir='ltr'>ex</span> <span class='ocrx_word' id='word_1_54' title='bbox 756 863 824 899; x_wconf 93' lang='lat' dir='ltr'>eo</span> <span class='ocrx_word' id='word_1_55' title='bbox 840 888 858 913; x_wconf 89' lang='lat'>‚</span> <span class='ocrx_word' id='word_1_56' title='bbox 897 861 1022 900; x_wconf 88' lang='lat' dir='ltr'>non</span> <span class='ocrx_word' id='word_1_57' title='bbox 1046 840 1255 897; x_wconf 89' lang='lat' dir='ltr'>inritas</span> <span class='ocrx_word' id='word_1_58' title='bbox 1279 841 1409 896; x_wconf 87' lang='lat' dir='ltr'>fore</span> <span class='ocrx_word' id='word_1_59' title='bbox 1431 851 1667 897; x_wconf 90' lang='lat' dir='ltr'>senatus</span> <span class='ocrx_word' id='word_1_60' title='bbox 1687 862 1907 917; x_wconf 80' lang='lat' dir='ltr'>preces,</span> 
     </span>
     <span class='ocr_line' id='line_1_10' title="bbox 38 925 1905 1011; baseline -0.003 -21"><span class='ocrx_word' id='word_1_61' title='bbox 38 934 199 1011; x_wconf 89' lang='lat' dir='ltr'>quod</span> <span class='ocrx_word' id='word_1_62' title='bbox 235 930 512 988; x_wconf 88' lang='lat' dir='ltr'>relationi</span> <span class='ocrx_word' id='word_1_63' title='bbox 548 929 859 986; x_wconf 88' lang='lat' dir='ltr'>consulum</span> <span class='ocrx_word' id='word_1_64' title='bbox 888 927 1018 984; x_wconf 89' lang='lat' dir='ltr'>iure</span> <span class='ocrx_word' id='word_1_65' title='bbox 1048 925 1403 983; x_wconf 84' lang='lat' dir='ltr'>tribuniciae</span> <span class='ocrx_word' id='word_1_66' title='bbox 1442 927 1748 1000; x_wconf 91' lang='lat' dir='ltr'>potestatis</span> <span class='ocrx_word' id='word_1_67' title='bbox 1777 947 1905 985; x_wconf 92' lang='lat' dir='ltr'>non</span> 
     </span>
     <span class='ocr_line' id='line_1_11' title="bbox 38 1010 1905 1075; baseline -0.003 0"><span class='ocrx_word' id='word_1_68' title='bbox 38 1017 471 1075; x_wconf 80' lang='lat' dir='ltr'>intercessisset.</span> <span class='ocrx_word' id='word_1_69' title='bbox 557 1013 633 1071; x_wconf 87' lang='lat' dir='ltr'>In</span> <span class='ocrx_word' id='word_1_70' title='bbox 663 1012 980 1071; x_wconf 88' lang='lat' dir='ltr'>Haterium</span> <span class='ocrx_word' id='word_1_71' title='bbox 1014 1011 1213 1069; x_wconf 87' lang='lat' dir='ltr'>statim</span> <span class='ocrx_word' id='word_1_72' title='bbox 1251 1011 1520 1068; x_wconf 90' lang='lat' dir='ltr'>invectus</span> <span class='ocrx_word' id='word_1_73' title='bbox 1560 1023 1674 1069; x_wconf 85' lang='lat' dir='ltr'>est:</span> <span class='ocrx_word' id='word_1_74' title='bbox 1717 1010 1905 1070; x_wconf 90' lang='lat' dir='ltr'>Scau-</span> 
     </span>
    </p>
   </div>
   <div class='ocr_carea' id='block_1_5' title="bbox 36 1095 1942 1175">
    <p class='ocr_par' dir='ltr' id='par_1_5' title="bbox 36 1095 1942 1175">
     <span class='ocr_line' id='line_1_12' title="bbox 36 1095 1942 1175; baseline -0.005 -13"><span class='ocrx_word' id='word_1_75' title='bbox 36 1125 204 1173; x_wconf 85' lang='lat' dir='ltr'>rum,</span> <span class='ocrx_word' id='word_1_76' title='bbox 272 1102 368 1160; x_wconf 91' lang='lat' dir='ltr'>cui</span> <span class='ocrx_word' id='word_1_77' title='bbox 414 1099 848 1175; x_wconf 82' lang='lat' dir='ltr'>implacabilius</span> <span class='ocrx_word' id='word_1_78' title='bbox 897 1098 1286 1167; x_wconf 85' lang='lat' dir='ltr'>irascebatur,</span> <span class='ocrx_word' id='word_1_79' title='bbox 1346 1095 1583 1153; x_wconf 90' lang='lat' dir='ltr'>silentio</span> <span class='ocrx_word' id='word_1_80' title='bbox 1630 1097 1903 1160; x_wconf 83' lang='lat' dir='ltr'>tramisit.</span> <span class='ocrx_word' id='word_1_81' title='bbox 1928 1134 1942 1153; x_wconf 42' lang='lat' dir='ltr'>x</span> 
     </span>
    </p>
   </div>
   <div class='ocr_carea' id='block_1_6' title="bbox 35 1181 1903 1264">
    <p class='ocr_par' dir='ltr' id='par_1_6' title="bbox 35 1181 1903 1264">
     <span class='ocr_line' id='line_1_13' title="bbox 35 1181 1903 1264; baseline -0.004 -17"><span class='ocrx_word' id='word_1_82' title='bbox 35 1191 337 1264; x_wconf 81' lang='lat' dir='ltr'>fessusque</span> <span class='ocrx_word' id='word_1_83' title='bbox 375 1187 630 1243; x_wconf 89' lang='lat' dir='ltr'>clamore</span> <span class='ocrx_word' id='word_1_84' title='bbox 664 1185 964 1254; x_wconf 88' lang='lat' dir='ltr'>omnium,</span> <span class='ocrx_word' id='word_1_85' title='bbox 1005 1181 1473 1260; x_wconf 81' lang='lat' dir='ltr'>expostulatione</span> <span class='ocrx_word' id='word_1_86' title='bbox 1513 1182 1903 1256; x_wconf 82' lang='lat' dir='ltr'>singulorum,</span> 
     </span>
    </p>
   </div>
   <div class='ocr_carea' id='block_1_7' title="bbox 35 1267 1930 1348">
    <p class='ocr_par' dir='ltr' id='par_1_7' title="bbox 35 1267 1930 1348">
     <span class='ocr_line' id='line_1_14' title="bbox 35 1267 1930 1348; baseline -0.004 -18"><span class='ocrx_word' id='word_1_87' title='bbox 35 1274 198 1330; x_wconf 80' lang='lat' dir='ltr'>flexit</span> <span class='ocrx_word' id='word_1_88' title='bbox 225 1272 538 1348; x_wconf 87' lang='lat' dir='ltr'>paulatim,</span> <span class='ocrx_word' id='word_1_89' title='bbox 580 1290 707 1327; x_wconf 92' lang='lat' dir='ltr'>non</span> <span class='ocrx_word' id='word_1_90' title='bbox 742 1282 811 1327; x_wconf 90' lang='lat' dir='ltr'>ut</span> <span class='ocrx_word' id='word_1_91' title='bbox 840 1270 1124 1327; x_wconf 84' lang='lat' dir='ltr'>fateretur</span> <span class='ocrx_word' id='word_1_92' title='bbox 1158 1267 1378 1343; x_wconf 91' lang='lat' dir='ltr'>suscipi</span> <span class='ocrx_word' id='word_1_93' title='bbox 1411 1287 1446 1324; x_wconf 91' lang='lat' dir='ltr'>a</span> <span class='ocrx_word' id='word_1_94' title='bbox 1476 1286 1536 1324; x_wconf 91' lang='lat' dir='ltr'>se</span> <span class='ocrx_word' id='word_1_95' title='bbox 1566 1267 1930 1343; x_wconf 77' lang='lat' dir='ltr'>imperium,-</span> 
     </span>
    </p>
   </div>
   <div class='ocr_carea' id='block_1_8' title="bbox 32 1350 1904 1859">
    <p class='ocr_par' dir='ltr' id='par_1_8' title="bbox 32 1350 1904 1859">
     <span class='ocr_line' id='line_1_15' title="bbox 36 1350 1903 1429; baseline -0.002 -14"><span class='ocrx_word' id='word_1_96' title='bbox 36 1359 137 1415; x_wconf 87' lang='lat' dir='ltr'>sed</span> <span class='ocrx_word' id='word_1_97' title='bbox 167 1369 234 1415; x_wconf 89' lang='lat' dir='ltr'>ut</span> <span class='ocrx_word' id='word_1_98' title='bbox 274 1375 486 1429; x_wconf 85' lang='lat' dir='ltr'>negare</span> <span class='ocrx_word' id='word_1_99' title='bbox 534 1367 591 1413; x_wconf 89' lang='lat' dir='ltr'>et</span> <span class='ocrx_word' id='word_1_100' title='bbox 633 1355 830 1428; x_wconf 86' lang='lat' dir='ltr'>rogari</span> <span class='ocrx_word' id='word_1_101' title='bbox 879 1350 1191 1414; x_wconf 85' lang='lat' dir='ltr'>desineret.</span> <span class='ocrx_word' id='word_1_102' title='bbox 1289 1352 1537 1412; x_wconf 86' lang='lat' dir='ltr'>Constat</span> <span class='ocrx_word' id='word_1_103' title='bbox 1570 1350 1903 1425; x_wconf 89' lang='lat' dir='ltr'>Haterium,</span> 
     </span>
     <span class='ocr_line' id='line_1_16' title="bbox 36 1438 1904 1518; baseline -0.002 -18"><span class='ocrx_word' id='word_1_104' title='bbox 36 1463 172 1500; x_wconf 88' lang='lat' dir='ltr'>cum</span> <span class='ocrx_word' id='word_1_105' title='bbox 203 1441 559 1518; x_wconf 85' lang='lat' dir='ltr'>deprecandi</span> <span class='ocrx_word' id='word_1_106' title='bbox 588 1460 760 1498; x_wconf 91' lang='lat' dir='ltr'>causa</span> <span class='ocrx_word' id='word_1_107' title='bbox 783 1439 1072 1515; x_wconf 89' lang='lat' dir='ltr'>palatium</span> <span class='ocrx_word' id='word_1_108' title='bbox 1106 1439 1407 1496; x_wconf 87' lang='lat' dir='ltr'>introisset</span> <span class='ocrx_word' id='word_1_109' title='bbox 1426 1438 1904 1517; x_wconf 88' lang='lat' dir='ltr'>ambulantisque</span> 
     </span>
     <span class='ocr_line' id='line_1_17' title="bbox 36 1523 1904 1601; baseline -0.002 -15"><span class='ocrx_word' id='word_1_110' title='bbox 36 1526 269 1586; x_wconf 83' lang='lat' dir='ltr'>Tiberii</span> <span class='ocrx_word' id='word_1_111' title='bbox 320 1546 509 1600; x_wconf 87' lang='lat' dir='ltr'>genua</span> <span class='ocrx_word' id='word_1_112' title='bbox 554 1526 1000 1595; x_wconf 86' lang='lat' dir='ltr'>advolveretur,</span> <span class='ocrx_word' id='word_1_113' title='bbox 1063 1545 1249 1601; x_wconf 90' lang='lat' dir='ltr'>prope</span> <span class='ocrx_word' id='word_1_114' title='bbox 1293 1545 1328 1581; x_wconf 91' lang='lat' dir='ltr'>a</span> <span class='ocrx_word' id='word_1_115' title='bbox 1376 1523 1669 1582; x_wconf 89' lang='lat' dir='ltr'>militibus</span> <span class='ocrx_word' id='word_1_116' title='bbox 1714 1523 1904 1591; x_wconf 55' lang='lat' dir='ltr'>inter.-</span> 
     </span>
     <span class='ocr_line' id='line_1_18' title="bbox 32 1609 1901 1690; baseline -0.002 -19"><span class='ocrx_word' id='word_1_117' title='bbox 32 1615 282 1682; x_wconf 81' lang='lat' dir='ltr'>fectum,</span> <span class='ocrx_word' id='word_1_118' title='bbox 325 1613 465 1690; x_wconf 90' lang='lat' dir='ltr'>quia</span> <span class='ocrx_word' id='word_1_119' title='bbox 490 1610 800 1681; x_wconf 89' lang='lat' dir='ltr'>Tiberius,</span> <span class='ocrx_word' id='word_1_120' title='bbox 842 1629 981 1668; x_wconf 88' lang='lat' dir='ltr'>casu</span> <span class='ocrx_word' id='word_1_121' title='bbox 1006 1630 1085 1667; x_wconf 93' lang='lat' dir='ltr'>an</span> <span class='ocrx_word' id='word_1_122' title='bbox 1109 1609 1388 1667; x_wconf 89' lang='lat' dir='ltr'>manibus</span> <span class='ocrx_word' id='word_1_123' title='bbox 1415 1610 1540 1667; x_wconf 91' lang='lat' dir='ltr'>eius</span> <span class='ocrx_word' id='word_1_124' title='bbox 1562 1609 1901 1686; x_wconf 85' lang='lat' dir='ltr'>impeditus,</span> 
     </span>
     <span class='ocr_line' id='line_1_19' title="bbox 32 1699 381 1774; baseline 0.003 -17"><span class='ocrx_word' id='word_1_125' title='bbox 32 1699 381 1774; x_wconf 85' lang='lat' dir='ltr'>prociderat.</span> 
     </span>
     <span class='ocr_line' id='line_1_20' title="bbox 32 1778 1901 1859; baseline -0.001 -20"><span class='ocrx_word' id='word_1_126' title='bbox 32 1782 163 1853; x_wconf 82' lang='lat' dir='ltr'>est,&#39;</span> <span class='ocrx_word' id='word_1_127' title='bbox 203 1785 391 1839; x_wconf 89' lang='lat' dir='ltr'>donec</span> <span class='ocrx_word' id='word_1_128' title='bbox 425 1782 704 1841; x_wconf 87' lang='lat' dir='ltr'>Haterius</span> <span class='ocrx_word' id='word_1_129' title='bbox 730 1778 1059 1856; x_wconf 84' lang='lat' dir='ltr'>Augustam</span> <span class='ocrx_word' id='word_1_130' title='bbox 1090 1791 1290 1840; x_wconf 89' lang='lat' dir='ltr'>oraret</span> <span class='ocrx_word' id='word_1_131' title='bbox 1326 1781 1569 1859; x_wconf 88' lang='lat' dir='ltr'>eiusque</span> <span class='ocrx_word' id='word_1_132' title='bbox 1601 1781 1901 1840; x_wconf 89' lang='lat' dir='ltr'>curatissi-</span> 
     </span>
    </p>
   </div>
   <div class='ocr_carea' id='block_1_9' title="bbox 31 1869 890 1944">
    <p class='ocr_par' dir='ltr' id='par_1_9' title="bbox 31 1869 890 1944">
     <span class='ocr_line' id='line_1_21' title="bbox 31 1869 890 1944; baseline 0.002 -19"><span class='ocrx_word' id='word_1_133' title='bbox 31 1869 144 1925; x_wconf 87' lang='lat' dir='ltr'>mis</span> <span class='ocrx_word' id='word_1_134' title='bbox 168 1869 443 1944; x_wconf 89' lang='lat' dir='ltr'>precibus</span> <span class='ocrx_word' id='word_1_135' title='bbox 468 1879 890 1944; x_wconf 84' lang='lat' dir='ltr'>protegeretur.</span> 
     </span>
    </p>
   </div>
   <div class='ocr_carea' id='block_1_10' title="bbox 490 1694 1928 1775">
    <p class='ocr_par' dir='ltr' id='par_1_10' title="bbox 490 1694 1928 1775">
     <span class='ocr_line' id='line_1_22' title="bbox 490 1694 1928 1775; baseline -0.001 -22"><span class='ocrx_word' id='word_1_136' title='bbox 490 1717 683 1775; x_wconf 91' lang='lat' dir='ltr'>neque</span> <span class='ocrx_word' id='word_1_137' title='bbox 724 1708 924 1755; x_wconf 88' lang='lat' dir='ltr'>tamen</span> <span class='ocrx_word' id='word_1_138' title='bbox 970 1695 1233 1771; x_wconf 85' lang='lat' dir='ltr'>periculo</span> <span class='ocrx_word' id='word_1_139' title='bbox 1275 1696 1410 1755; x_wconf 90' lang='lat' dir='ltr'>talis</span> <span class='ocrx_word' id='word_1_140' title='bbox 1445 1694 1564 1753; x_wconf 87' lang='lat' dir='ltr'>viri</span> <span class='ocrx_word' id='word_1_141' title='bbox 1597 1695 1928 1773; x_wconf 25' lang='lat' dir='ltr'>mitigatus*</span> 
     </span>
    </p>
   </div>
   <div class='ocr_carea' id='block_1_11' title="bbox 0 2015 928 2476">
    <p class='ocr_par' dir='ltr' id='par_1_11' title="bbox 0 2015 928 2422">
     <span class='ocr_line' id='line_1_23' title="bbox 87 2015 928 2065; baseline 0.004 -7"><span class='ocrx_word' id='word_1_142' title='bbox 87 2031 267 2060; x_wconf 77' lang='lat' dir='ltr'>omnes·</span> <span class='ocrx_word' id='word_1_143' title='bbox 338 2016 445 2060; x_wconf 84' lang='lat' dir='ltr'>Piso</span> <span class='ocrx_word' id='word_1_144' title='bbox 480 2015 589 2061; x_wconf 79' lang='lat' dir='ltr'>infr.</span> <span class='ocrx_word' id='word_1_145' title='bbox 623 2015 759 2065; x_wconf 80' lang='grc'><strong>3,·15.</strong></span> <span class='ocrx_word' id='word_1_146' title='bbox 821 2017 928 2061; x_wconf 83' lang='lat' dir='ltr'>Asi-</span> 
     </span>
     <span class='ocr_line' id='line_1_24' title="bbox 0 2073 927 2124; baseline 0.004 -8"><span class='ocrx_word' id='word_1_147' title='bbox 0 2084 14 2092; x_wconf 81' lang='lat'><strong>·</strong></span> <span class='ocrx_word' id='word_1_148' title='bbox 30 2073 131 2118; x_wconf 88' lang='lat' dir='ltr'>nius</span> <span class='ocrx_word' id='word_1_149' title='bbox 153 2073 313 2118; x_wconf 81' lang='lat' dir='ltr'>Gallus</span> <span class='ocrx_word' id='word_1_150' title='bbox 333 2076 375 2124; x_wconf 84' lang='grc'>6,</span> <span class='ocrx_word' id='word_1_151' title='bbox 395 2074 466 2119; x_wconf 77' lang='grc'>23.</span> <span class='ocrx_word' id='word_1_152' title='bbox 517 2075 765 2118; x_wconf 82' lang='lat' dir='ltr'>Arruntius</span> <span class='ocrx_word' id='word_1_153' title='bbox 791 2076 834 2124; x_wconf 89' lang='grc'>6,</span> <span class='ocrx_word' id='word_1_154' title='bbox 854 2076 927 2120; x_wconf 80' lang='grc'>48.</span> 
     </span>
     <span class='ocr_line' id='line_1_25' title="bbox 28 2131 926 2191; baseline 0.001 -16"><span class='ocrx_word' id='word_1_155' title='bbox 28 2132 144 2175; x_wconf 83' lang='lat' dir='ltr'>Nam</span> <span class='ocrx_word' id='word_1_156' title='bbox 174 2149 431 2191; x_wconf 79' lang='lat' dir='ltr'>quanquam</span> <span class='ocrx_word' id='word_1_157' title='bbox 468 2131 693 2176; x_wconf 86' lang='lat' dir='ltr'>incertum</span> <span class='ocrx_word' id='word_1_158' title='bbox 726 2132 926 2176; x_wconf 84' lang='lat' dir='ltr'>habeba-</span> 
     </span>
     <span class='ocr_line' id='line_1_26' title="bbox 29 2189 923 2249; baseline 0.002 -17"><span class='ocrx_word' id='word_1_159' title='bbox 29 2198 128 2242; x_wconf 87' lang='lat' dir='ltr'>tur,</span> <span class='ocrx_word' id='word_1_160' title='bbox 190 2199 352 2249; x_wconf 86' lang='lat' dir='ltr'>sponte</span> <span class='ocrx_word' id='word_1_161' title='bbox 394 2189 576 2234; x_wconf 79' lang='lat' dir='ltr'>Asinius</span> <span class='ocrx_word' id='word_1_162' title='bbox 619 2189 804 2239; x_wconf 83' lang='lat' dir='ltr'>Gallus,</span> <span class='ocrx_word' id='word_1_163' title='bbox 866 2206 923 2234; x_wconf 88' lang='lat' dir='ltr'>an</span> 
     </span>
     <span class='ocr_line' id='line_1_27' title="bbox 27 2245 924 2299; baseline 0.001 -9"><span class='ocrx_word' id='word_1_164' title='bbox 27 2246 291 2291; x_wconf 70' lang='lat' dir='ltr'>necessitate</span> <span class='ocrx_word' id='word_1_165' title='bbox 322 2245 591 2299; x_wconf 77' lang='lat' dir='ltr'>decesserit,</span> <span class='ocrx_word' id='word_1_166' title='bbox 637 2263 732 2291; x_wconf 89' lang='lat' dir='ltr'>non</span> <span class='ocrx_word' id='word_1_167' title='bbox 775 2255 924 2291; x_wconf 89' lang='lat' dir='ltr'>tamen</span> 
     </span>
     <span class='ocr_line' id='line_1_28' title="bbox 26 2303 923 2352; baseline 0 -4"><span class='ocrx_word' id='word_1_168' title='bbox 26 2304 252 2348; x_wconf 83' lang='lat' dir='ltr'>incertum</span> <span class='ocrx_word' id='word_1_169' title='bbox 284 2303 395 2352; x_wconf 83' lang='lat' dir='ltr'>suit,</span> <span class='ocrx_word' id='word_1_170' title='bbox 421 2320 478 2348; x_wconf 90' lang='lat' dir='ltr'>an</span> <span class='ocrx_word' id='word_1_171' title='bbox 511 2313 712 2350; x_wconf 82' lang='lat' dir='ltr'>struente</span> <span class='ocrx_word' id='word_1_172' title='bbox 735 2304 923 2349; x_wconf 88' lang='lat' dir='ltr'>Tiberio</span> 
     </span>
     <span class='ocr_line' id='line_1_29' title="bbox 28 2360 595 2422; baseline 0 -16"><span class='ocrx_word' id='word_1_173' title='bbox 28 2362 370 2406; x_wconf 82' lang='lat' dir='ltr'>circumventus</span> <span class='ocrx_word' id='word_1_174' title='bbox 392 2360 595 2422; x_wconf 86' lang='lat' dir='ltr'>perierit.</span> 
     </span>
    </p>

    <p class='ocr_par' dir='ltr' id='par_1_12' title="bbox 87 2421 922 2476">
     <span class='ocr_line' id='line_1_30' title="bbox 87 2421 922 2476; baseline 0.005 -15"><span class='ocrx_word' id='word_1_175' title='bbox 87 2434 185 2463; x_wconf 86' lang='lat' dir='ltr'>non</span> <span class='ocrx_word' id='word_1_176' title='bbox 225 2424 387 2463; x_wconf 84' lang='lat' dir='ltr'>adesse</span> <span class='ocrx_word' id='word_1_177' title='bbox 427 2428 570 2474; x_wconf 79' lang='lat' dir='ltr'>capue</span> <span class='ocrx_word' id='word_1_178' title='bbox 600 2421 674 2464; x_wconf 72' lang='lat' dir='ltr'>rei</span> <span class='ocrx_word' id='word_1_179' title='bbox 695 2422 922 2476; x_wconf 73' lang='lat' dir='ltr'>publicae.</span> 
     </span>
    </p>
   </div>
   <div class='ocr_carea' id='block_1_12' title="bbox 27 2474 922 2523">
    <p class='ocr_par' dir='ltr' id='par_1_13' title="bbox 27 2474 922 2523">
     <span class='ocr_line' id='line_1_31' title="bbox 27 2474 922 2523; baseline 0.002 -3"><span class='ocrx_word' id='word_1_180' title='bbox 27 2474 143 2521; x_wconf 86' lang='lat' dir='ltr'>cod.</span> <span class='ocrx_word' id='word_1_181' title='bbox 179 2477 279 2521; x_wconf 83' lang='lat' dir='ltr'>MS.</span> <span class='ocrx_word' id='word_1_182' title='bbox 316 2486 359 2520; x_wconf 91' lang='lat' dir='ltr'>et</span> <span class='ocrx_word' id='word_1_183' title='bbox 391 2475 495 2520; x_wconf 88' lang='lat' dir='ltr'>inde</span> <span class='ocrx_word' id='word_1_184' title='bbox 534 2485 638 2521; x_wconf 79' lang='lat' dir='ltr'>vett.</span> <span class='ocrx_word' id='word_1_185' title='bbox 679 2478 784 2523; x_wconf 84' lang='lat' dir='ltr'>edd.</span> <span class='ocrx_word' id='word_1_186' title='bbox 826 2494 922 2522; x_wconf 85' lang='lat' dir='ltr'>non</span> 
     </span>
    </p>
   </div>
   <div class='ocr_carea' id='block_1_13' title="bbox 24 2536 962 2589">
    <p class='ocr_par' dir='ltr' id='par_1_14' title="bbox 24 2536 962 2589">
     <span class='ocr_line' id='line_1_32' title="bbox 24 2536 962 2589; baseline 0.002 -11"><span class='ocrx_word' id='word_1_187' title='bbox 24 2537 188 2579; x_wconf 80' lang='lat' dir='ltr'>adesse</span> <span class='ocrx_word' id='word_1_188' title='bbox 215 2542 330 2589; x_wconf 79' lang='lat' dir='ltr'>aput</span> <span class='ocrx_word' id='word_1_189' title='bbox 357 2542 403 2578; x_wconf 87' lang='lat' dir='ltr'>te</span> <span class='ocrx_word' id='word_1_190' title='bbox 429 2536 742 2589; x_wconf 74' lang='lat' dir='ltr'>reipublicae.</span> <span class='ocrx_word' id='word_1_191' title='bbox 807 2537 923 2580; x_wconf 89' lang='lat' dir='ltr'>Rhe·</span> <span class='ocrx_word' id='word_1_192' title='bbox 958 2563 962 2566; x_wconf 92' lang='lat'><em>-</em></span> 
     </span>
    </p>
   </div>
   <div class='ocr_carea' id='block_1_14' title="bbox 23 2593 923 2934">
    <p class='ocr_par' dir='ltr' id='par_1_15' title="bbox 23 2593 923 2934">
     <span class='ocr_line' id='line_1_33' title="bbox 24 2593 922 2652; baseline 0.002 -16"><span class='ocrx_word' id='word_1_193' title='bbox 24 2606 173 2636; x_wconf 81' lang='lat' dir='ltr'>nanus</span> <span class='ocrx_word' id='word_1_194' title='bbox 206 2593 430 2642; x_wconf 84' lang='lat' dir='ltr'>coniecit,</span> <span class='ocrx_word' id='word_1_195' title='bbox 479 2609 592 2652; x_wconf 88' lang='lat' dir='ltr'>quae</span> <span class='ocrx_word' id='word_1_196' title='bbox 626 2610 752 2637; x_wconf 86' lang='lat' dir='ltr'>nunc</span> <span class='ocrx_word' id='word_1_197' title='bbox 784 2596 922 2638; x_wconf 85' lang='lat' dir='ltr'>edun·</span> 
     </span>
     <span class='ocr_line' id='line_1_34' title="bbox 24 2650 922 2709; baseline 0.001 -15"><span class='ocrx_word' id='word_1_198' title='bbox 24 2658 116 2694; x_wconf 79' lang='lat' dir='ltr'>tur.</span> <span class='ocrx_word' id='word_1_199' title='bbox 166 2650 417 2709; x_wconf 83' lang='lat' dir='ltr'>Supersunt</span> <span class='ocrx_word' id='word_1_200' title='bbox 440 2657 588 2694; x_wconf 86' lang='lat' dir='ltr'>tamen</span> <span class='ocrx_word' id='word_1_201' title='bbox 614 2657 656 2694; x_wconf 87' lang='lat' dir='ltr'>et</span> <span class='ocrx_word' id='word_1_202' title='bbox 677 2651 788 2695; x_wconf 89' lang='lat' dir='ltr'>aliae</span> <span class='ocrx_word' id='word_1_203' title='bbox 813 2668 922 2697; x_wconf 89' lang='lat' dir='ltr'>con-</span> 
     </span>
     <span class='ocr_line' id='line_1_35' title="bbox 24 2706 923 2767; baseline 0.002 -16"><span class='ocrx_word' id='word_1_204' title='bbox 24 2706 247 2759; x_wconf 84' lang='lat' dir='ltr'>iecturae,</span> <span class='ocrx_word' id='word_1_205' title='bbox 278 2716 325 2750; x_wconf 85' lang='lat' dir='ltr'>ut</span> <span class='ocrx_word' id='word_1_206' title='bbox 345 2707 505 2767; x_wconf 81' lang='lat' dir='ltr'>Lipsii=</span> <span class='ocrx_word' id='word_1_207' title='bbox 535 2723 633 2751; x_wconf 84' lang='lat' dir='ltr'>non</span> <span class='ocrx_word' id='word_1_208' title='bbox 660 2724 758 2754; x_wconf 77' lang='lat' dir='ltr'>esse</span> <span class='ocrx_word' id='word_1_209' title='bbox 782 2717 923 2765; x_wconf 78' lang='lat' dir='ltr'>eaput</span> 
     </span>
     <span class='ocr_line' id='line_1_36' title="bbox 24 2765 923 2823; baseline 0.004 -15"><span class='ocrx_word' id='word_1_210' title='bbox 24 2773 72 2808; x_wconf 88' lang='lat' dir='ltr'>te</span> <span class='ocrx_word' id='word_1_211' title='bbox 92 2765 166 2807; x_wconf 74' lang='lat' dir='ltr'>rei</span> <span class='ocrx_word' id='word_1_212' title='bbox 177 2780 228 2820; x_wconf 84' lang='lat' dir='ltr'>p.</span> <span class='ocrx_word' id='word_1_213' title='bbox 279 2765 531 2808; x_wconf 70' lang='lat' dir='ltr'>Vertraniiz</span> <span class='ocrx_word' id='word_1_214' title='bbox 552 2780 651 2808; x_wconf 82' lang='lat' dir='ltr'>non</span> <span class='ocrx_word' id='word_1_215' title='bbox 674 2782 773 2811; x_wconf 83' lang='lat' dir='ltr'>esse</span> <span class='ocrx_word' id='word_1_216' title='bbox 791 2771 923 2823; x_wconf 81' lang='lat' dir='ltr'>apud</span> 
     </span>
     <span class='ocr_line' id='line_1_37' title="bbox 25 2822 923 2879; baseline 0.004 -15"><span class='ocrx_word' id='word_1_217' title='bbox 25 2830 73 2864; x_wconf 83' lang='lat' dir='ltr'>te</span> <span class='ocrx_word' id='word_1_218' title='bbox 100 2830 238 2877; x_wconf 80' lang='lat' dir='ltr'>eaput</span> <span class='ocrx_word' id='word_1_219' title='bbox 265 2838 307 2867; x_wconf 87' lang='lat' dir='ltr'>r.</span> <span class='ocrx_word' id='word_1_220' title='bbox 367 2822 563 2867; x_wconf 86' lang='lat' dir='ltr'>Mureti:</span> <span class='ocrx_word' id='word_1_221' title='bbox 594 2827 751 2868; x_wconf 82' lang='lat' dir='ltr'>deesse</span> <span class='ocrx_word' id='word_1_222' title='bbox 783 2833 923 2879; x_wconf 80' lang='lat' dir='ltr'>capue</span> 
     </span>
     <span class='ocr_line' id='line_1_38' title="bbox 23 2879 923 2934; baseline 0.004 -13"><span class='ocrx_word' id='word_1_223' title='bbox 23 2879 97 2921; x_wconf 81' lang='lat' dir='ltr'>rei</span> <span class='ocrx_word' id='word_1_224' title='bbox 120 2893 168 2932; x_wconf 81' lang='grc' dir='ltr'>ρ.</span> <span class='ocrx_word' id='word_1_225' title='bbox 240 2879 369 2923; x_wconf 76' lang='lat' dir='ltr'>Ami:</span> <span class='ocrx_word' id='word_1_226' title='bbox 410 2894 507 2922; x_wconf 84' lang='lat' dir='ltr'>non</span> <span class='ocrx_word' id='word_1_227' title='bbox 533 2885 697 2925; x_wconf 81' lang='lat' dir='ltr'>adesse</span> <span class='ocrx_word' id='word_1_228' title='bbox 728 2886 854 2934; x_wconf 82' lang='lat' dir='ltr'>apud</span> <span class='ocrx_word' id='word_1_229' title='bbox 877 2890 923 2925; x_wconf 87' lang='lat' dir='ltr'>te</span> 
     </span>
    </p>
   </div>
   <div class='ocr_carea' id='block_1_15' title="bbox 23 2936 958 2989">
    <p class='ocr_par' dir='ltr' id='par_1_16' title="bbox 23 2936 958 2989">
     <span class='ocr_line' id='line_1_39' title="bbox 23 2936 958 2989; baseline 0.004 -11"><span class='ocrx_word' id='word_1_230' title='bbox 23 2949 125 2978; x_wconf 88' lang='lat' dir='ltr'>rem</span> <span class='ocrx_word' id='word_1_231' title='bbox 137 2937 384 2980; x_wconf 58' lang='lat' dir='ltr'>mahazam.</span> <span class='ocrx_word' id='word_1_232' title='bbox 409 2936 663 2981; x_wconf 81' lang='lat' dir='ltr'>Novissime</span> <span class='ocrx_word' id='word_1_233' title='bbox 677 2938 921 2982; x_wconf 71' lang='lat' dir='ltr'>liert-man·</span> <span class='ocrx_word' id='word_1_234' title='bbox 951 2982 958 2989; x_wconf 77' lang='grc'>,</span> 
     </span>
    </p>
   </div>
   <div class='ocr_carea' id='block_1_16' title="bbox 19 2993 922 3444">
    <p class='ocr_par' dir='ltr' id='par_1_17' title="bbox 19 2993 922 3213">
     <span class='ocr_line' id='line_1_40' title="bbox 22 2993 919 3053; baseline 0.003 -18"><span class='ocrx_word' id='word_1_235' title='bbox 22 3009 109 3035; x_wconf 85' lang='lat' dir='ltr'>nus</span> <span class='ocrx_word' id='word_1_236' title='bbox 133 2994 177 3036; x_wconf 90' lang='lat' dir='ltr'>in</span> <span class='ocrx_word' id='word_1_237' title='bbox 206 3003 298 3037; x_wconf 88' lang='lat' dir='ltr'>not.</span> <span class='ocrx_word' id='word_1_238' title='bbox 323 2994 377 3037; x_wconf 81' lang='lat' dir='ltr'>ad</span> <span class='ocrx_word' id='word_1_239' title='bbox 406 2993 447 3038; x_wconf 80' lang='lat' dir='ltr'>b.</span> <span class='ocrx_word' id='word_1_240' title='bbox 474 2994 502 3037; x_wconf 93' lang='grc' dir='ltr'>Ι.</span> <span class='ocrx_word' id='word_1_241' title='bbox 527 2996 789 3053; x_wconf 77' lang='lat' dir='ltr'>proposuit:</span> <span class='ocrx_word' id='word_1_242' title='bbox 822 3010 919 3038; x_wconf 77' lang='lat' dir='ltr'>nem</span> 
     </span>
     <span class='ocr_line' id='line_1_41' title="bbox 20 3051 922 3110; baseline 0 -15"><span class='ocrx_word' id='word_1_243' title='bbox 20 3055 186 3095; x_wconf 79' lang='lat' dir='ltr'>adesse</span> <span class='ocrx_word' id='word_1_244' title='bbox 213 3059 356 3105; x_wconf 81' lang='lat' dir='ltr'>capue</span> <span class='ocrx_word' id='word_1_245' title='bbox 378 3059 422 3093; x_wconf 83' lang='lat' dir='ltr'>te</span> <span class='ocrx_word' id='word_1_246' title='bbox 442 3054 774 3107; x_wconf 72' lang='lat' dir='ltr'>reipublicae?</span> <span class='ocrx_word' id='word_1_247' title='bbox 809 3051 922 3110; x_wconf 73' lang='lat' dir='ltr'>daſs</span> 
     </span>
     <span class='ocr_line' id='line_1_42' title="bbox 19 3109 919 3160; baseline 0.002 -9"><span class='ocrx_word' id='word_1_248' title='bbox 19 3110 86 3151; x_wconf 77' lang='lat' dir='ltr'>du</span> <span class='ocrx_word' id='word_1_249' title='bbox 116 3110 241 3151; x_wconf 71' lang='lat' dir='ltr'>m‘em</span> <span class='ocrx_word' id='word_1_250' title='bbox 272 3111 349 3151; x_wconf 77' lang='lat' dir='ltr'>als</span> <span class='ocrx_word' id='word_1_251' title='bbox 382 3109 547 3160; x_wconf 80' lang='lat' dir='ltr'>Haupt</span> <span class='ocrx_word' id='word_1_252' title='bbox 576 3113 658 3153; x_wconf 83' lang='lat' dir='ltr'>des</span> <span class='ocrx_word' id='word_1_253' title='bbox 676 3111 919 3155; x_wconf 81' lang='lat' dir='ltr'>·Geme1&#39;n-</span> 
     </span>
     <span class='ocr_line' id='line_1_43' title="bbox 20 3167 917 3213; baseline 0.003 -4"><span class='ocrx_word' id='word_1_254' title='bbox 20 3178 202 3209; x_wconf 79' lang='lat' dir='ltr'>wesens</span> <span class='ocrx_word' id='word_1_255' title='bbox 220 3167 318 3208; x_wconf 77' lang='lat' dir='ltr'>hier</span> <span class='ocrx_word' id='word_1_256' title='bbox 337 3170 647 3212; x_wconf 80' lang='lat' dir='ltr'>amvolmest?</span> <span class='ocrx_word' id='word_1_257' title='bbox 678 3167 721 3211; x_wconf 80' lang='lat' dir='ltr'>h.</span> <span class='ocrx_word' id='word_1_258' title='bbox 748 3185 787 3213; x_wconf 91' lang='lat' dir='ltr'>e.</span> <span class='ocrx_word' id='word_1_259' title='bbox 811 3168 917 3212; x_wconf 77' lang='lat' dir='ltr'>alibi</span> 
     </span>
    </p>

    <p class='ocr_par' dir='ltr' id='par_1_18' title="bbox 19 3222 920 3444">
     <span class='ocr_line' id='line_1_44' title="bbox 52 3222 920 3282; baseline 0.006 -17"><span class='ocrx_word' id='word_1_260' title='bbox 52 3222 273 3280; x_wconf 83' lang='lat' dir='ltr'>rincipem</span> <span class='ocrx_word' id='word_1_261' title='bbox 315 3223 431 3282; x_wconf 80' lang='lat' dir='ltr'>agis,</span> <span class='ocrx_word' id='word_1_262' title='bbox 481 3241 563 3269; x_wconf 90' lang='lat' dir='ltr'>cur</span> <span class='ocrx_word' id='word_1_263' title='bbox 600 3240 694 3269; x_wconf 87' lang='lat' dir='ltr'>non</span> <span class='ocrx_word' id='word_1_264' title='bbox 735 3234 776 3268; x_wconf 83' lang='lat' dir='ltr'>et</span> <span class='ocrx_word' id='word_1_265' title='bbox 810 3225 920 3271; x_wconf 77' lang='lat' dir='ltr'>hic?</span> 
     </span>
     <span class='ocr_line' id='line_1_45' title="bbox 19 3236 916 3335; baseline 0.007 -14"><span class='ocrx_word' id='word_1_266' title='bbox 19 3236 153 3335; x_wconf 50' lang='lat' dir='ltr'>auae</span> <span class='ocrx_word' id='word_1_267' title='bbox 193 3280 228 3323; x_wconf 86' lang='lat' dir='ltr'>si</span> <span class='ocrx_word' id='word_1_268' title='bbox 272 3279 478 3325; x_wconf 76' lang='lat' dir='ltr'>Haterius</span> <span class='ocrx_word' id='word_1_269' title='bbox 518 3283 651 3335; x_wconf 70' lang='lat' dir='ltr'>dixit,</span> <span class='ocrx_word' id='word_1_270' title='bbox 703 3283 916 3328; x_wconf 83' lang='lat' dir='ltr'>Tiberius</span> 
     </span>
     <span class='ocr_line' id='line_1_46' title="bbox 20 3335 916 3385; baseline 0.004 -5"><span class='ocrx_word' id='word_1_271' title='bbox 20 3335 138 3380; x_wconf 83' lang='lat' dir='ltr'>baud</span> <span class='ocrx_word' id='word_1_272' title='bbox 161 3336 296 3381; x_wconf 83' lang='lat' dir='ltr'>dubie</span> <span class='ocrx_word' id='word_1_273' title='bbox 317 3337 376 3380; x_wconf 85' lang='lat' dir='ltr'>ob</span> <span class='ocrx_word' id='word_1_274' title='bbox 399 3339 558 3383; x_wconf 83' lang='lat' dir='ltr'>malam</span> <span class='ocrx_word' id='word_1_275' title='bbox 583 3339 847 3384; x_wconf 78' lang='lat' dir='ltr'>latinitatem</span> <span class='ocrx_word' id='word_1_276' title='bbox 873 3349 916 3385; x_wconf 90' lang='lat' dir='ltr'>et</span> 
     </span>
     <span class='ocr_line' id='line_1_47' title="bbox 20 3391 915 3444; baseline 0.009 -8"><span class='ocrx_word' id='word_1_277' title='bbox 20 3391 296 3438; x_wconf 75' lang='lat' dir='ltr'>lorutionem</span> <span class='ocrx_word' id='word_1_278' title='bbox 339 3393 543 3441; x_wconf 72' lang='lat' dir='ltr'>invectus</span> <span class='ocrx_word' id='word_1_279' title='bbox 587 3398 730 3443; x_wconf 83' lang='lat' dir='ltr'>estin</span> <span class='ocrx_word' id='word_1_280' title='bbox 770 3398 915 3444; x_wconf 85' lang='lat' dir='ltr'>illum.</span> 
     </span>
    </p>
   </div>
   <div class='ocr_carea' id='block_1_17' title="bbox 20 3450 950 3503">
    <p class='ocr_par' dir='ltr' id='par_1_19' title="bbox 20 3450 950 3503">
     <span class='ocr_line' id='line_1_48' title="bbox 20 3450 950 3503; baseline 0.01 -9"><span class='ocrx_word' id='word_1_281' title='bbox 20 3450 204 3495; x_wconf 74' lang='lat' dir='ltr'>interim</span> <span class='ocrx_word' id='word_1_282' title='bbox 257 3452 301 3495; x_wconf 90' lang='lat' dir='ltr'>in</span> <span class='ocrx_word' id='word_1_283' title='bbox 346 3451 550 3499; x_wconf 69' lang='lat' dir='ltr'>Rhenani</span> <span class='ocrx_word' id='word_1_284' title='bbox 599 3455 950 3503; x_wconf 82' lang='lat' dir='ltr'>emendatione.</span> 
     </span>
    </p>
   </div>
   <div class='ocr_carea' id='block_1_18' title="bbox 17 3509 915 3684">
    <p class='ocr_par' dir='ltr' id='par_1_20' title="bbox 17 3509 915 3684">
     <span class='ocr_line' id='line_1_49' title="bbox 17 3509 915 3575; baseline 0.007 -24"><span class='ocrx_word' id='word_1_285' title='bbox 17 3509 367 3575; x_wconf 72' lang='lat' dir='ltr'>acquiescamus.</span> <span class='ocrx_word' id='word_1_286' title='bbox 427 3511 515 3555; x_wconf 85' lang='lat' dir='ltr'>lam</span> <span class='ocrx_word' id='word_1_287' title='bbox 549 3527 688 3563; x_wconf 80' lang='lat' dir='ltr'>vero,</span> <span class='ocrx_word' id='word_1_288' title='bbox 722 3530 807 3559; x_wconf 83' lang='lat' dir='ltr'>cur</span> <span class='ocrx_word' id='word_1_289' title='bbox 830 3514 915 3557; x_wconf 82' lang='lat' dir='ltr'>Ha·</span> 
     </span>
     <span class='ocr_line' id='line_1_50' title="bbox 17 3565 915 3633; baseline 0.009 -26"><span class='ocrx_word' id='word_1_290' title='bbox 17 3565 118 3631; x_wconf 55' lang='lat' dir='ltr'>tergi</span> <span class='ocrx_word' id='word_1_291' title='bbox 142 3566 281 3633; x_wconf 73' lang='lat' dir='ltr'>verba</span> <span class='ocrx_word' id='word_1_292' title='bbox 302 3567 580 3625; x_wconf 75' lang='lat' dir='ltr'>suspicacem</span> <span class='ocrx_word' id='word_1_293' title='bbox 595 3571 798 3614; x_wconf 86' lang='lat' dir='ltr'>animum</span> <span class='ocrx_word' id='word_1_294' title='bbox 813 3588 915 3631; x_wconf 86' lang='lat' dir='ltr'>per-</span> 
     </span>
     <span class='ocr_line' id='line_1_51' title="bbox 17 3626 912 3684; baseline 0.008 -20"><span class='ocrx_word' id='word_1_295' title='bbox 17 3629 299 3675; x_wconf 73' lang='lat' dir='ltr'>strinxerunt.</span> <span class='ocrx_word' id='word_1_296' title='bbox 330 3626 577 3684; x_wconf 77' lang='lat' dir='ltr'>quaeritur.</span> <span class='ocrx_word' id='word_1_297' title='bbox 612 3627 797 3674; x_wconf 85' lang='lat' dir='ltr'>Scilicet</span> <span class='ocrx_word' id='word_1_298' title='bbox 817 3645 912 3672; x_wconf 77' lang='lat' dir='ltr'>ver·</span> 
     </span>
    </p>
   </div>
   <div class='ocr_carea' id='block_1_19' title="bbox 985 2016 1896 3676">
    <p class='ocr_par' dir='ltr' id='par_1_21' title="bbox 985 2016 1896 3676">
     <span class='ocr_line' id='line_1_52' title="bbox 997 2016 1896 2076; baseline 0.001 -16"><span class='ocrx_word' id='word_1_299' title='bbox 997 2018 1054 2061; x_wconf 86' lang='lat' dir='ltr'>ba</span> <span class='ocrx_word' id='word_1_300' title='bbox 1075 2026 1180 2061; x_wconf 88' lang='lat' dir='ltr'>sunt</span> <span class='ocrx_word' id='word_1_301' title='bbox 1203 2018 1477 2076; x_wconf 85' lang='lat' dir='ltr'>impatientis</span> <span class='ocrx_word' id='word_1_302' title='bbox 1494 2023 1537 2061; x_wconf 89' lang='lat' dir='ltr'>et</span> <span class='ocrx_word' id='word_1_303' title='bbox 1553 2017 1748 2061; x_wconf 87' lang='lat' dir='ltr'>obscure</span> <span class='ocrx_word' id='word_1_304' title='bbox 1778 2016 1896 2061; x_wconf 86' lang='lat' dir='ltr'>idem</span> 
     </span>
     <span class='ocr_line' id='line_1_53' title="bbox 997 2074 1894 2133; baseline 0 -15"><span class='ocrx_word' id='word_1_305' title='bbox 997 2075 1283 2133; x_wconf 78' lang='lat' dir='ltr'>significant,</span> <span class='ocrx_word' id='word_1_306' title='bbox 1322 2075 1446 2133; x_wconf 87' lang='lat' dir='ltr'>quod</span> <span class='ocrx_word' id='word_1_307' title='bbox 1478 2092 1500 2118; x_wconf 86' lang='lat' dir='ltr'>a</span> <span class='ocrx_word' id='word_1_308' title='bbox 1536 2075 1597 2118; x_wconf 91' lang='lat' dir='ltr'>ud</span> <span class='ocrx_word' id='word_1_309' title='bbox 1629 2075 1755 2125; x_wconf 89' lang='lat' dir='ltr'>Suet.</span> <span class='ocrx_word' id='word_1_310' title='bbox 1790 2074 1894 2119; x_wconf 88' lang='lat' dir='ltr'>Tib.</span> 
     </span>
     <span class='ocr_line' id='line_1_54' title="bbox 998 2131 1896 2191; baseline 0.001 -15"><span class='ocrx_word' id='word_1_311' title='bbox 998 2149 1036 2176; x_wconf 88' lang='lat' dir='ltr'>c.</span> <span class='ocrx_word' id='word_1_312' title='bbox 1059 2134 1132 2176; x_wconf 76' lang='grc'>24.</span> <span class='ocrx_word' id='word_1_313' title='bbox 1156 2149 1272 2175; x_wconf 87' lang='lat' dir='ltr'>uuus</span> <span class='ocrx_word' id='word_1_314' title='bbox 1295 2132 1343 2175; x_wconf 88' lang='lat' dir='ltr'>in</span> <span class='ocrx_word' id='word_1_315' title='bbox 1370 2144 1494 2175; x_wconf 79' lang='lat' dir='ltr'>lumu</span> <span class='ocrx_word' id='word_1_316' title='bbox 1518 2141 1564 2176; x_wconf 88' lang='lat' dir='ltr'>tu</span> <span class='ocrx_word' id='word_1_317' title='bbox 1590 2131 1896 2191; x_wconf 84' lang='lat' dir='ltr'>proclamasse</span> 
     </span>
     <span class='ocr_line' id='line_1_55' title="bbox 998 2190 1896 2246; baseline 0.002 -13"><span class='ocrx_word' id='word_1_318' title='bbox 998 2190 1188 2233; x_wconf 81' lang='lat' dir='ltr'>dicitur=</span> <span class='ocrx_word' id='word_1_319' title='bbox 1238 2192 1335 2233; x_wconf 80' lang='lat' dir='ltr'>Aut</span> <span class='ocrx_word' id='word_1_320' title='bbox 1391 2198 1507 2246; x_wconf 78' lang='lat' dir='ltr'>agat</span> <span class='ocrx_word' id='word_1_321' title='bbox 1546 2199 1629 2233; x_wconf 83' lang='lat' dir='ltr'>out</span> <span class='ocrx_word' id='word_1_322' title='bbox 1681 2192 1896 2235; x_wconf 80' lang='lat' dir='ltr'>desistat.</span> 
     </span>
     <span class='ocr_line' id='line_1_56' title="bbox 995 2246 1896 2298; baseline 0 -7"><span class='ocrx_word' id='word_1_323' title='bbox 995 2248 1050 2291; x_wconf 84' lang='lat' dir='ltr'>Et</span> <span class='ocrx_word' id='word_1_324' title='bbox 1073 2247 1159 2291; x_wconf 87' lang='lat' dir='ltr'>nisi</span> <span class='ocrx_word' id='word_1_325' title='bbox 1181 2246 1342 2298; x_wconf 86' lang='lat' dir='ltr'>fallor,</span> <span class='ocrx_word' id='word_1_326' title='bbox 1365 2247 1573 2292; x_wconf 87' lang='lat' dir='ltr'>Haterius</span> <span class='ocrx_word' id='word_1_327' title='bbox 1595 2256 1753 2292; x_wconf 89' lang='lat' dir='ltr'>noster</span> <span class='ocrx_word' id='word_1_328' title='bbox 1773 2247 1896 2291; x_wconf 87' lang='lat' dir='ltr'>idem</span> 
     </span>
     <span class='ocr_line' id='line_1_57' title="bbox 993 2304 1896 2350; baseline 0.001 -2"><span class='ocrx_word' id='word_1_329' title='bbox 993 2305 1072 2349; x_wconf 88' lang='lat' dir='ltr'>ille</span> <span class='ocrx_word' id='word_1_330' title='bbox 1102 2314 1169 2350; x_wconf 87' lang='lat' dir='ltr'>est</span> <span class='ocrx_word' id='word_1_331' title='bbox 1199 2322 1317 2349; x_wconf 90' lang='lat' dir='ltr'>unus</span> <span class='ocrx_word' id='word_1_332' title='bbox 1349 2305 1572 2350; x_wconf 86' lang='lat' dir='ltr'>Suetonii.</span> <span class='ocrx_word' id='word_1_333' title='bbox 1647 2306 1698 2349; x_wconf 83' lang='lat' dir='ltr'>ln</span> <span class='ocrx_word' id='word_1_334' title='bbox 1731 2304 1896 2350; x_wconf 85' lang='lat' dir='ltr'>talibus</span> 
     </span>
     <span class='ocr_line' id='line_1_58' title="bbox 995 2361 1895 2423; baseline 0.001 -17"><span class='ocrx_word' id='word_1_335' title='bbox 995 2363 1118 2407; x_wconf 88' lang='lat' dir='ltr'>enim</span> <span class='ocrx_word' id='word_1_336' title='bbox 1150 2363 1286 2407; x_wconf 86' lang='lat' dir='ltr'>rebus</span> <span class='ocrx_word' id='word_1_337' title='bbox 1314 2363 1487 2407; x_wconf 79' lang='lat' dir='ltr'>variant</span> <span class='ocrx_word' id='word_1_338' title='bbox 1508 2362 1770 2423; x_wconf 79' lang='lat' dir='ltr'>scriptores.</span> <span class='ocrx_word' id='word_1_339' title='bbox 1831 2361 1895 2407; x_wconf 82' lang='lat' dir='ltr'>cf.</span> 
     </span>
     <span class='ocr_line' id='line_1_59' title="bbox 993 2422 1333 2468; baseline -0.003 -4"><span class='ocrx_word' id='word_1_340' title='bbox 993 2430 1091 2465; x_wconf 88' lang='lat' dir='ltr'>not.</span> <span class='ocrx_word' id='word_1_341' title='bbox 1117 2422 1171 2465; x_wconf 90' lang='lat' dir='ltr'>ad</span> <span class='ocrx_word' id='word_1_342' title='bbox 1195 2437 1232 2464; x_wconf 90' lang='lat' dir='ltr'>c.</span> <span class='ocrx_word' id='word_1_343' title='bbox 1258 2422 1302 2464; x_wconf 88' lang='lat'>6.</span> <span class='ocrx_word' id='word_1_344' title='bbox 1325 2463 1333 2468; x_wconf 79' lang='grc'>,</span> 
     </span>
     <span class='ocr_line' id='line_1_60' title="bbox 1050 2476 1895 2534; baseline 0.001 -12"><span class='ocrx_word' id='word_1_345' title='bbox 1050 2495 1206 2534; x_wconf 79' lang='lat' dir='ltr'>genua</span> <span class='ocrx_word' id='word_1_346' title='bbox 1230 2480 1575 2522; x_wconf 79' lang='lat' dir='ltr'>advolveretur.</span> <span class='ocrx_word' id='word_1_347' title='bbox 1626 2476 1895 2523; x_wconf 78' lang='lat' dir='ltr'>pellicerius</span> 
     </span>
     <span class='ocr_line' id='line_1_61' title="bbox 995 2535 1895 2638; baseline -0.003 -57"><span class='ocrx_word' id='word_1_348' title='bbox 995 2537 1112 2604; x_wconf 73' lang='lat' dir='ltr'>apud</span> <span class='ocrx_word' id='word_1_349' title='bbox 1141 2535 1416 2638; x_wconf 41' lang='grc' dir='ltr'>ί,ΒῖοίΞὲ-ἰιιδηὲι</span> <span class='ocrx_word' id='word_1_350' title='bbox 1437 2535 1644 2637; x_wconf 48' lang='grc' dir='ltr'>Νὸῗςὶκη</span> <span class='ocrx_word' id='word_1_351' title='bbox 1694 2537 1895 2637; x_wconf 60' lang='grc' dir='ltr'>ςειίἰύἴέ,</span> 
     </span>
     <span class='ocr_line' id='line_1_62' title="bbox 991 2595 1894 2704; baseline -0.002 -8"><span class='ocrx_word' id='word_1_352' title='bbox 991 2595 1137 2702; x_wconf 53' lang='lat'>3523?</span> <span class='ocrx_word' id='word_1_353' title='bbox 1163 2625 1278 2695; x_wconf 55' lang='grc' dir='ltr'>’5ὲά</span> <span class='ocrx_word' id='word_1_354' title='bbox 1304 2625 1468 2696; x_wconf 52' lang='lat' dir='ltr'>m.</span> <span class='ocrx_word' id='word_1_355' title='bbox 1492 2611 1625 2695; x_wconf 49' lang='lat'>..1¹:¹42</span> <span class='ocrx_word' id='word_1_356' title='bbox 1637 2610 1738 2695; x_wconf 58' lang='grc' dir='ltr'>ἷξες</span> <span class='ocrx_word' id='word_1_357' title='bbox 1757 2625 1803 2704; x_wconf 86' lang='lat'>6,’</span> <span class='ocrx_word' id='word_1_358' title='bbox 1818 2625 1894 2694; x_wconf 76' lang='lat'>493</span> 
     </span>
     <span class='ocr_line' id='line_1_63' title="bbox 994 2709 1894 2764; baseline -0.006 -9"><span class='ocrx_word' id='word_1_359' title='bbox 994 2710 1062 2764; x_wconf 88' lang='lat'>15,</span> <span class='ocrx_word' id='word_1_360' title='bbox 1080 2710 1152 2754; x_wconf 88' lang='lat'>71.</span> <span class='ocrx_word' id='word_1_361' title='bbox 1208 2709 1322 2753; x_wconf 84' lang='lat' dir='ltr'>Hist.</span> <span class='ocrx_word' id='word_1_362' title='bbox 1348 2710 1389 2762; x_wconf 85' lang='lat'>4,</span> <span class='ocrx_word' id='word_1_363' title='bbox 1409 2709 1481 2753; x_wconf 87' lang='lat'>81.</span> <span class='ocrx_word' id='word_1_364' title='bbox 1514 2724 1667 2764; x_wconf 77' lang='lat' dir='ltr'>genua</span> <span class='ocrx_word' id='word_1_365' title='bbox 1695 2709 1894 2761; x_wconf 70' lang='lat' dir='ltr'>advolvi,</span> 
     </span>
     <span class='ocr_line' id='line_1_64' title="bbox 993 2764 1892 2825; baseline -0.004 -12"><span class='ocrx_word' id='word_1_366' title='bbox 993 2768 1131 2813; x_wconf 82' lang='lat' dir='ltr'>medii</span> <span class='ocrx_word' id='word_1_367' title='bbox 1155 2766 1407 2825; x_wconf 74' lang='lat' dir='ltr'>significatu</span> <span class='ocrx_word' id='word_1_368' title='bbox 1428 2765 1601 2811; x_wconf 85' lang='lat' dir='ltr'>scribit.</span> <span class='ocrx_word' id='word_1_369' title='bbox 1636 2765 1714 2811; x_wconf 89' lang='lat' dir='ltr'>Sic</span> <span class='ocrx_word' id='word_1_370' title='bbox 1727 2764 1892 2810; x_wconf 90' lang='lat' dir='ltr'>Graeci</span> 
     </span>
     <span class='ocr_line' id='line_1_65' title="bbox 993 2820 1891 2882; baseline -0.001 -12"><span class='ocrx_word' id='word_1_371' title='bbox 993 2829 1292 2882; x_wconf 77' lang='grc' dir='ltr'><strong><em>προςκυνεῖν,</em></strong></span> <span class='ocrx_word' id='word_1_372' title='bbox 1331 2820 1738 2881; x_wconf 73' lang='grc' dir='ltr'><em>προςπτύσσεσθαι</em></span> <span class='ocrx_word' id='word_1_373' title='bbox 1770 2821 1891 2869; x_wconf 75' lang='grc' dir='ltr'><strong><em>τινά.</em></strong></span> 
     </span>
     <span class='ocr_line' id='line_1_66' title="bbox 994 2881 1892 2937; baseline 0 -11"><span class='ocrx_word' id='word_1_374' title='bbox 994 2882 1179 2927; x_wconf 86' lang='lat' dir='ltr'>Scilicet</span> <span class='ocrx_word' id='word_1_375' title='bbox 1215 2882 1403 2937; x_wconf 76' lang='lat' dir='ltr'>genibus</span> <span class='ocrx_word' id='word_1_376' title='bbox 1432 2881 1641 2935; x_wconf 75' lang='lat' dir='ltr'>advolvi,</span> <span class='ocrx_word' id='word_1_377' title='bbox 1691 2883 1892 2927; x_wconf 79' lang='lat' dir='ltr'>advolu-</span> 
     </span>
     <span class='ocr_line' id='line_1_67' title="bbox 994 2938 1890 3000; baseline 0 -17"><span class='ocrx_word' id='word_1_378' title='bbox 994 2950 1068 2983; x_wconf 82' lang='lat' dir='ltr'>tus</span> <span class='ocrx_word' id='word_1_379' title='bbox 1100 2938 1367 3000; x_wconf 80' lang='lat' dir='ltr'>simpliciter</span> <span class='ocrx_word' id='word_1_380' title='bbox 1400 2938 1570 2983; x_wconf 86' lang='lat' dir='ltr'>indicat</span> <span class='ocrx_word' id='word_1_381' title='bbox 1611 2946 1776 2984; x_wconf 87' lang='lat' dir='ltr'>statum</span> <span class='ocrx_word' id='word_1_382' title='bbox 1815 2938 1890 2985; x_wconf 79' lang='lat' dir='ltr'>vel</span> 
     </span>
     <span class='ocr_line' id='line_1_68' title="bbox 995 2995 1892 3055; baseline 0.002 -15"><span class='ocrx_word' id='word_1_383' title='bbox 995 2996 1172 3048; x_wconf 87' lang='lat' dir='ltr'>locum,</span> <span class='ocrx_word' id='word_1_384' title='bbox 1212 2997 1259 3039; x_wconf 82' lang='lat' dir='ltr'>in</span> <span class='ocrx_word' id='word_1_385' title='bbox 1294 3011 1385 3055; x_wconf 87' lang='lat' dir='ltr'>quo</span> <span class='ocrx_word' id='word_1_386' title='bbox 1410 2995 1510 3055; x_wconf 90' lang='lat' dir='ltr'>quis</span> <span class='ocrx_word' id='word_1_387' title='bbox 1541 3005 1767 3052; x_wconf 86' lang='lat' dir='ltr'>versatur;</span> <span class='ocrx_word' id='word_1_388' title='bbox 1803 3012 1892 3054; x_wconf 71' lang='lat' dir='ltr'>ge-</span> 
     </span>
     <span class='ocr_line' id='line_1_69' title="bbox 990 3056 1830 3114; baseline 0.002 -16"><span class='ocrx_word' id='word_1_389' title='bbox 990 3070 1086 3098; x_wconf 82' lang='lat' dir='ltr'>nua</span> <span class='ocrx_word' id='word_1_390' title='bbox 1107 3056 1299 3098; x_wconf 76' lang='lat' dir='ltr'>advolvi</span> <span class='ocrx_word' id='word_1_391' title='bbox 1317 3061 1379 3098; x_wconf 84' lang='lat' dir='ltr'>est</span> <span class='ocrx_word' id='word_1_392' title='bbox 1402 3070 1483 3114; x_wconf 90' lang='lat' dir='ltr'>per</span> <span class='ocrx_word' id='word_1_393' title='bbox 1508 3070 1654 3112; x_wconf 80' lang='lat' dir='ltr'>genua</span> <span class='ocrx_word' id='word_1_394' title='bbox 1683 3071 1830 3100; x_wconf 87' lang='lat' dir='ltr'>orare.</span> 
     </span>
     <span class='ocr_line' id='line_1_70' title="bbox 1040 3109 1888 3167; baseline 0.005 -12"><span class='ocrx_word' id='word_1_395' title='bbox 1040 3114 1322 3167; x_wconf 78' lang='lat' dir='ltr'>prociderat.</span> <span class='ocrx_word' id='word_1_396' title='bbox 1385 3110 1445 3156; x_wconf 84' lang='lat' dir='ltr'>cf.</span> <span class='ocrx_word' id='word_1_397' title='bbox 1469 3109 1595 3157; x_wconf 84' lang='lat' dir='ltr'>Suet.</span> <span class='ocrx_word' id='word_1_398' title='bbox 1620 3110 1723 3157; x_wconf 86' lang='lat' dir='ltr'>Tib.</span> <span class='ocrx_word' id='word_1_399' title='bbox 1753 3130 1793 3159; x_wconf 83' lang='lat' dir='ltr'>c.</span> <span class='ocrx_word' id='word_1_400' title='bbox 1814 3113 1888 3159; x_wconf 79' lang='lat'>27.</span> 
     </span>
     <span class='ocr_line' id='line_1_71' title="bbox 1047 3168 1887 3227; baseline 0.002 -14"><span class='ocrx_word' id='word_1_401' title='bbox 1047 3171 1245 3227; x_wconf 77' lang='lat' dir='ltr'>eiusque.</span> <span class='ocrx_word' id='word_1_402' title='bbox 1312 3169 1427 3215; x_wconf 83' lang='lat' dir='ltr'>Edd.</span> <span class='ocrx_word' id='word_1_403' title='bbox 1459 3176 1568 3215; x_wconf 85' lang='lat' dir='ltr'>vett.</span> <span class='ocrx_word' id='word_1_404' title='bbox 1597 3168 1715 3214; x_wconf 89' lang='lat' dir='ltr'>haud</span> <span class='ocrx_word' id='word_1_405' title='bbox 1750 3169 1887 3215; x_wconf 88' lang='lat' dir='ltr'>dubie</span> 
     </span>
     <span class='ocr_line' id='line_1_72' title="bbox 989 3226 1887 3287; baseline 0.002 -16"><span class='ocrx_word' id='word_1_406' title='bbox 989 3243 1013 3271; x_wconf 90' lang='lat' dir='ltr'>e</span> <span class='ocrx_word' id='word_1_407' title='bbox 1038 3227 1140 3272; x_wconf 84' lang='lat' dir='ltr'>cod.</span> <span class='ocrx_word' id='word_1_408' title='bbox 1166 3226 1266 3271; x_wconf 85' lang='lat' dir='ltr'>MS.</span> <span class='ocrx_word' id='word_1_409' title='bbox 1291 3236 1337 3272; x_wconf 88' lang='lat' dir='ltr'>et</span> <span class='ocrx_word' id='word_1_410' title='bbox 1362 3241 1527 3284; x_wconf 80' lang='lat' dir='ltr'>usque.</span> <span class='ocrx_word' id='word_1_411' title='bbox 1567 3227 1688 3285; x_wconf 83' lang='lat' dir='ltr'>quod</span> <span class='ocrx_word' id='word_1_412' title='bbox 1711 3227 1887 3287; x_wconf 81' lang='lat' dir='ltr'>Lipsius</span> 
     </span>
     <span class='ocr_line' id='line_1_73' title="bbox 988 3285 1611 3341; baseline 0.002 -13"><span class='ocrx_word' id='word_1_413' title='bbox 988 3286 1103 3329; x_wconf 78' lang='lat' dir='ltr'>bene</span> <span class='ocrx_word' id='word_1_414' title='bbox 1129 3285 1320 3328; x_wconf 84' lang='lat' dir='ltr'>correxit</span> <span class='ocrx_word' id='word_1_415' title='bbox 1343 3285 1390 3330; x_wconf 89' lang='lat' dir='ltr'>in</span> <span class='ocrx_word' id='word_1_416' title='bbox 1414 3286 1611 3341; x_wconf 75' lang='lat' dir='ltr'>eiusque.</span> 
     </span>
     <span class='ocr_line' id='line_1_74' title="bbox 1047 3341 1886 3387; baseline 0.002 -2"><span class='ocrx_word' id='word_1_417' title='bbox 1047 3343 1357 3387; x_wconf 69' lang='lat' dir='ltr'>curatissimis.</span> <span class='ocrx_word' id='word_1_418' title='bbox 1420 3341 1497 3387; x_wconf 87' lang='lat' dir='ltr'>Sic</span> <span class='ocrx_word' id='word_1_419' title='bbox 1528 3342 1630 3387; x_wconf 88' lang='lat' dir='ltr'>MS.</span> <span class='ocrx_word' id='word_1_420' title='bbox 1662 3342 1783 3387; x_wconf 87' lang='lat' dir='ltr'>unde</span> <span class='ocrx_word' id='word_1_421' title='bbox 1815 3357 1886 3387; x_wconf 87' lang='lat' dir='ltr'>re·</span> 
     </span>
     <span class='ocr_line' id='line_1_75' title="bbox 989 3398 1886 3445; baseline 0.002 -2"><span class='ocrx_word' id='word_1_422' title='bbox 989 3400 1131 3444; x_wconf 85' lang='lat' dir='ltr'>stituit</span> <span class='ocrx_word' id='word_1_423' title='bbox 1153 3398 1364 3444; x_wconf 85' lang='lat' dir='ltr'>Picbena.</span> <span class='ocrx_word' id='word_1_424' title='bbox 1427 3399 1509 3443; x_wconf 81' lang='lat' dir='ltr'>Ed.</span> <span class='ocrx_word' id='word_1_425' title='bbox 1535 3400 1743 3445; x_wconf 88' lang='lat' dir='ltr'>Beroald.</span> <span class='ocrx_word' id='word_1_426' title='bbox 1770 3416 1886 3445; x_wconf 78' lang='lat' dir='ltr'>aeu-</span> 
     </span>
     <span class='ocr_line' id='line_1_76' title="bbox 986 3458 1886 3517; baseline 0.001 -16"><span class='ocrx_word' id='word_1_427' title='bbox 986 3460 1253 3510; x_wconf 74' lang='lat' dir='ltr'>mtiseu&#39;tm&#39;s,</span> <span class='ocrx_word' id='word_1_428' title='bbox 1282 3471 1306 3502; x_wconf 86' lang='lat' dir='ltr'>e</span> <span class='ocrx_word' id='word_1_429' title='bbox 1329 3458 1386 3501; x_wconf 85' lang='lat' dir='ltr'>.d.</span> <span class='ocrx_word' id='word_1_430' title='bbox 1401 3458 1607 3501; x_wconf 83' lang='lat' dir='ltr'>Rhenan.</span> <span class='ocrx_word' id='word_1_431' title='bbox 1629 3472 1726 3517; x_wconf 76' lang='lat' dir='ltr'>sqq.</span> <span class='ocrx_word' id='word_1_432' title='bbox 1750 3473 1886 3502; x_wconf 81' lang='lat' dir='ltr'>accu-</span> 
     </span>
     <span class='ocr_line' id='line_1_77' title="bbox 986 3515 1886 3567; baseline 0.002 -9"><span class='ocrx_word' id='word_1_433' title='bbox 986 3516 1248 3560; x_wconf 61' lang='lat' dir='ltr'>ratissimis.</span> <span class='ocrx_word' id='word_1_434' title='bbox 1296 3517 1389 3560; x_wconf 76' lang='lat' dir='ltr'>An.</span> <span class='ocrx_word' id='word_1_435' title='bbox 1414 3515 1480 3567; x_wconf 83' lang='lat'>14,</span> <span class='ocrx_word' id='word_1_436' title='bbox 1500 3515 1572 3560; x_wconf 74' lang='lat'>21.</span> <span class='ocrx_word' id='word_1_437' title='bbox 1596 3517 1729 3559; x_wconf 81' lang='lat' dir='ltr'>ludos</span> <span class='ocrx_word' id='word_1_438' title='bbox 1749 3529 1886 3560; x_wconf 79' lang='lat' dir='ltr'>eura·</span> 
     </span>
     <span class='ocr_line' id='line_1_78' title="bbox 986 3573 1883 3626; baseline 0.006 -11"><span class='ocrx_word' id='word_1_439' title='bbox 986 3574 1078 3617; x_wconf 78' lang='lat' dir='ltr'>tius</span> <span class='ocrx_word' id='word_1_440' title='bbox 1113 3575 1286 3625; x_wconf 71' lang='lat' dir='ltr'>editos,-</span> <span class='ocrx_word' id='word_1_441' title='bbox 1337 3575 1390 3626; x_wconf 81' lang='lat'>2,</span> <span class='ocrx_word' id='word_1_442' title='bbox 1421 3573 1494 3617; x_wconf 79' lang='lat'>27.</span> <span class='ocrx_word' id='word_1_443' title='bbox 1542 3574 1746 3619; x_wconf 66' lang='lat' dir='ltr'>curauit-s</span> <span class='ocrx_word' id='word_1_444' title='bbox 1783 3576 1883 3620; x_wconf 67' lang='lat'>‹112⁹-</span> 
     </span>
     <span class='ocr_line' id='line_1_79' title="bbox 985 3644 1160 3676; baseline 0 0"><span class='ocrx_word' id='word_1_445' title='bbox 985 3644 1160 3676; x_wconf 73' lang='lat' dir='ltr'>seram.</span> 
     </span>
    </p>
   </div>
   <div class='ocr_carea' id='block_1_20' title="bbox 2120 1189 2222 1373">
    <p class='ocr_par' dir='ltr' id='par_1_22' title="bbox 2120 1189 2222 1373">
     <span class='ocr_line' id='line_1_80' title="bbox 2120 1189 2222 1373; baseline 0 2657"><span class='ocrx_word' id='word_1_446' title='bbox 2120 1189 2222 1373; x_wconf 95' lang='lat' dir='ltr'> </span> 
     </span>
    </p>
   </div>
  </div>
 </body>
</html>
