2222 4030
21 1862 28 1879 ’
101 1869 220 1914 Max.
251 1868 294 1920 6,
314 1867 357 1919 4,
376 1867 420 1911 4.

176 245 299 299 Αζυ.
319 259 404 295 778.

176 303 230 340 A,
249 303 298 340 c.
340 305 402 337 25.
660 259 835 323 MR.
871 257 980 322 IV.
1043 254 1243 323 CAP.
1278 260 1385 326 44.
1826 263 1952 326 335

261 391 483 454 XLIV.
567 386 795 448 Obiere
827 410 899 448 eo
931 407 1090 448 anno
1121 388 1237 447 viri
1274 390 1506 449 nobiles
1527 388 1640 454 Cn.
1662 388 1952 450 Lentulus

93 493 151 540 et
168 480 240 542 L.
266 478 588 538 Domitius,
669 475 930 534 Lentulo
949 492 1126 551 super
1149 477 1523 535 consulatum
1542 488 1599 536 et
1618 472 1955 554 triumpha-

93 568 174 624 lia
212 567 288 624 de
322 563 595 624 Gaetulis
635 560 858 636 gloriae
905 563 1098 619 fuerat
1144 561 1298 618 bene
1335 562 1582 620 tolerata
1620 573 1954 640 paupertas,

95 652 237 710 dein
269 668 520 724 magnae
555 666 698 724 opes
735 646 1087 704 innocenter
1116 658 1353 723 paratae
1388 657 1447 702 et
1482 649 1745 706 modeste
1781 644 1955 706 habi·
2000 683 2012 689 -

97 750 206 798 tae.
299 734 635 795 Domitium
672 732 975 790 decoravit
1010 743 1178 809 pater
1221 730 1385 789 civili
1426 732 1585 790 bello
1627 733 1810 791 maris
1845 750 1956 810 po·—

97 836 253 892 tens,
295 823 486 878 donec
510 814 767 883 Antonii
798 818 1097 894 partibuS,
1135 834 1275 875 mox
1296 814 1561 875 Caesaris
1594 819 1957 880 misceretur.

94 927 241 966 avus
288 903 628 963 Pharsalica
674 903 798 961 acie
843 924 953 979 pro
1012 903 1395 979 optimatibus
1451 903 1762 962 ceciderat:
1830 905 1956 982 ipse

96 995 356 1051 delectus
389 992 486 1050 cui
520 989 723 1047 minor
739 985 1006 1077 Antonia
1030 986 1282 1047 Octavia
1316 987 1511 1064 genita
1550 989 1616 1044 in
1647 991 1957 1049 matrimo-

97 1080 270 1136 nium
315 1079 571 1135 daretur.
669 1087 804 1152 post
853 1075 1110 1133 exercitu
1151 1074 1378 1132 flumen
1404 1069 1613 1133 Albim
1657 1085 1963 1133 transcen-

97 1165 187 1223 dit
228 1163 462 1237 longius
503 1173 805 1238 penetrata
846 1159 1171 1219 Germania
1221 1178 1401 1238 quam
1431 1160 1761 1238 quisquam
1796 1162 1963 1237 prio-

98 1270 252 1309 rmn.
361 1267 573 1325 easque
626 1248 705 1304 ob
760 1266 856 1303 res
907 1246 1164 1322 insignia
1212 1241 1505 1323 triumphi
1556 1247 1804 1323 adeptus
1856 1257 1961 1307 est.

98 1330 274 1393 Obiit
306 1347 363 1393 et
385 1333 456 1393 L.
479 1330 779 1390 Antonius
803 1332 993 1390 multa
1018 1332 1372 1391 claritudine
1406 1331 1663 1407 generiS,
1716 1331 1820 1389 sed
1846 1332 1963 1388 im-

100 1439 396 1497 prospera.
483 1438 623 1475 nam
652 1429 818 1493 patre
851 1418 977 1475 eius
1017 1416 1148 1475 Iulo
1186 1414 1456 1476 Antonio
1490 1418 1568 1475 ob
1601 1417 1964 1476 adulterium

100 1504 288 1564 Iuliae
315 1516 507 1562 morte
537 1503 750 1580 punito
775 1500 939 1561 hunc
973 1505 1297 1561 admodum
1330 1503 1839 1561 adulescentulum
1870 1519 1969 1562 so-

99 1592 256 1649 roris
284 1602 563 1667 nepotem
595 1590 856 1666 seposuit
878 1584 1183 1664 Augustus
1214 1590 1280 1646 in
1304 1589 1602 1648 civitatem
1624 1587 1966 1648 Massilien—

103 1812 236 1856 Font.
274 1809 341 1854 13.
402 1808 564 1852 Senec.
603 1823 674 1867 ep.
707 1807 783 1853 24.
843 1806 995 1853 Valer-
1067 1808 1223 1853 Druso
1271 1805 1535 1852 Germanici
1585 1780 1742 1909 §att-i.v
1805 1808 1972 1856 Noster

1068 1865 1145 1910 hic
1173 1873 1218 1910 et
1247 1864 1359 1909 infr.
1394 1866 1462 1917 12,
1486 1865 1557 1909 64.
1626 1866 1810 1912 uetonio
1853 1881 1973 1914 con-

158 1940 272 1985 CAP.
309 1939 383 1982 44·
463 1938 694 1983 Gaetulis·
770 1936 850 1982 530
892 1937 997 1986 cod·
1069 1924 1265 1968 tradicit.
1325 1922 1554 1968 Plutarch.
1579 1924 1627 1967 in
1649 1925 1823 1970 Anton.
1848 1924 1970 1972 e.8⁷.

55 3040 59 3045 ’
104 3038 189 3081 bus
202 3036 301 3081 edd.
316 3035 418 3080 Ber.

102 1998 205 2042 MS.
243 1997 347 2040 edd.
375 1996 493 2055 Lips.
520 1996 642 2040 1607.
675 1996 763 2040 Iac.
788 1995 999 2046 Gronov.

100 2073 202 2115 sqq.
235 2055 465 2099 Edd.13er.
479 2054 579 2098 Ale.
598 2054 743 2102 Getis,
769 2054 1000 2098 edd.Rhe-

100 2130 207 2158 nau.
238 2114 342 2157 ΑΜ.
389 2127 487 2170 sqq.
533 2112 730 2156 Getulis.
803 2112 908 2155 Non
946 2112 1002 2156 de

103 2172 259 2224 Getis,
295 2170 373 2215 sed
403 2170 457 2214 de
484 2169 696 2213 Gaetulis
724 2169 798 2215 ille
829 2169 1000 2213 trium-

101 2229 249 2290 phavit
281 2238 324 2272 et
354 2228 622 2272 Gaetulicus
652 2228 1001 2287 cognominatus

102 2294 185 2333 est.
246 2286 307 2331 cf.
331 2302 374 2331 c.
396 2286 471 2332 42.
493 2285 643 2341 ibique
670 2294 767 2331 not.

153 2354 377 2401 paratae.
466 2342 546 2387 Sic
588 2343 692 2390 cod.
728 2338 843 2388 MS.
870 2343 999 2388 edd.

103 2402 204 2448 Ber.
219 2402 316 2446 Alc.
328 2400 472 2446 Rhen.
498 2400 662 2458 (1538.)
691 2400 795 2445 Ald.
821 2400 1000 2461 Mieyn.

104 2462 156 2505 ln
187 2460 331 2505 Rhea.
365 2460 435 2503 ed.
477 2459 589 2503 1544
621 2458 871 2518 inrepserat
907 2474 1002 2514 pa·

102 2527 197 2563 tae.
258 2518 365 2563 tude
408 2516 529 2576 Lips.
570 2526 759 2571 partae.
822 2516 1000 2562 Genui-

101 2573 713 2678 naasctzjepturaznepichenea
738 2575 988 2677 restituit.f

240 2649 288 2676 m
328 2649 426 2676 mm
517 2647 674 2677 eoram
719 2647 876 2689 paer-
937 2649 963 2678 c
986 2665 998 2678 .

101 2691 291 2736 Sueton.
326 2690 434 2735 Ner.
470 2707 513 2735 c.
538 2689 584 2733 8.
663 2691 820 2736 Vellei.
854 2693 898 2741 2,
927 2692 1000 2735 72.

106 2748 302 2809 Appiam.
324 2747 376 2791 B.
401 2748 452 2793 C.
473 2746 514 2799 5,
537 2746 606 2792 55.
629 2747 702 2792 61.
762 2747 860 2795 Cic.
881 2747 1000 2793 Phil.

162 2877 280 2908 avus
311 2863 586 2906 Pharsalica
618 2863 734 2907 acie.
807 2861 996 2907 Sueton.

105 2922 216 2967 Ner.
239 2937 281 2965 c.
302 2922 346 2966 2.
409 2919 537 2965 Caes.
563 2920 615 2964 Β.
635 2920 687 2966 C.
717 2919 761 2975 8,
781 2921 854 2967 99.
907 2920 1002 2964 Lu-

105 2996 205 3026 can.
239 2979 284 3031 7,
313 2977 397 3023 599
426 2996 448 3023 s
481 2995 527 3038 q.
601 2976 712 3022 Mox
741 2979 1002 3030 optumati-

490 3033 684 3081 c-Rhen.
698 3037 801 3080 Alei.
822 3031 1000 3096 Micyll.

106 3096 409 3152 optimatibus
431 3093 532 3139 edd.
556 3093 676 3154 Lips.
701 3110 800 3153 sqq.

162 3154 260 3209 lpse
278 3155 484 3196 delectus
506 3183 518 3195 .
538 3184 548 3194 .
565 3185 575 3195 .
598 3156 816 3196 daretur.
876 3152 999 3197 Suet.

107 3209 215 3255 Ner.
240 3226 280 3255 c.
297 3210 327 3254 4
349 3219 389 3254 et
418 3210 457 3253 5.
518 3209 630 3254 cod.
650 3208 752 3254 MS.
775 3211 1003 3261 deiectus,-

107 3268 209 3312 edd.
230 3266 440 3312 Beroaid.
465 3267 665 3326 aliaeque
690 3275 792 3312 ven.
815 3269 999 3312 electus.

108 3325 303 3393 Pithena
367 3323 577 3393 enuinam
620 3324 892 3393 scripturam
927 3342 1003 3369 re-

107 3392 264 3427 stituit.
382 3391 631 3427 onir-anum
679 3385 838 3428 vniam
878 3383 1000 3428 eius-2

108 3441 208 3484 dem
254 3440 358 3487 cod.
391 3438 493 3483 MS.
535 3440 624 3485 vid.
667 3443 710 3492 2,
739 3442 811 3486 60.
851 3441 894 3490 4.
926 3442 999 3485 25.

111 3498 211 3541 Non
237 3500 467 3541 minorem
500 3497 768 3550 Antoniam,
798 3499 874 3543 sed
898 3514 999 3543 ma·

107 3558 256 3599 iorem
295 3555 500 3598 Domitio
544 3555 701 3600 tribuit
735 3556 859 3601 Suet.
892 3557 1000 3601 Ner.

109 3612 230 3663 c-5..
262 3615 493 3656 minorem
522 3629 630 3659 vcro
657 3615 702 3658 in
721 3614 864 3672 Calig.
895 3631 936 3661 c.
966 3617 1001 3659 1.

1070 1984 1137 2040 (p.
1162 1981 1283 2037 955.)
1323 1979 1711 2040 ἀπολειπομένων
1743 1985 1839 2030 τῶν
1864 1982 1967 2030 Ἀν-

1070 2041 1230 2083 τονίου
1265 2041 1345 2083 καὶ
1365 2038 1614 2096 Ὀκταβίας
1648 2040 1786 2086 δυοῖν
1816 2045 1974 2101 θυγα-

1070 2100 1217 2157 τέρων
1230 2130 1243 2153 ,
1276 2097 1361 2155 τὴν
1379 2099 1470 2156 μὲν
1490 2101 1713 2158 Δομίτιος
1733 2097 1974 2161 Αἰνόβαρ-

1070 2162 1152 2213 βος
1180 2156 1342 2213 ἔλαβε,
1380 2154 1464 2212 τὴν
1495 2156 1547 2201 δὲ
1578 2155 1862 2220 σωφροσύνῃ
1893 2162 1974 2205 καὶ

1072 2211 1228 2259 κάλλει
1252 2211 1528 2273 περιβόητον
1543 2212 1798 2261 Ἀντωνίαν
1815 2220 1975 2278 Δροῦ-

1070 2286 1152 2323 σος
1195 2270 1221 2318 ὁ
1262 2275 1435 2331 Λιβίας
1456 2271 1579 2330 υἱὸς,
1636 2290 1672 2318 π
1703 2271 1872 2334 όγσνος
1921 2277 1976 2322 δὲ
2038 2287 2050 2292 ·

1069 2334 1319 2390 Καίσαρος.
1398 2330 1493 2385 Dio,
1524 2330 1605 2382 48,
1638 2332 1664 2376 5
1748 2349 1972 2393 proavum

1069 2389 1266 2433 Neronis
1296 2405 1402 2434 eum
1424 2406 1511 2435 avo
1535 2391 1775 2436 confundit
1795 2391 1843 2436 in
1868 2409 1970 2437 ver-

1067 2445 1164 2491 bise
1194 2450 1271 2491 καὶ
1291 2448 1465 2498 ἐκεῖνος
1486 2448 1751 2507 (Antonius)
1784 2451 1848 2508 τῷ
1870 2453 1971 2496 Ao-

1067 2508 1232 2566 μιτίῳ,
1263 2511 1416 2551 καίτοι
1435 2507 1517 2551 τοῦ
1539 2509 1777 2566 Καίσαρος
1795 2514 1977 2568 σφαγεῖ

1070 2579 1120 2608 τε
1144 2566 1384 2636 γενομένῳ
1408 2596 1420 2609 .
1437 2596 1471 2608 ..
1494 2561 1578 2619 τὴν
1598 2564 1767 2611 ἑαυτοῦ
1798 2567 1970 2627 (θυγα-

1070 2624 1198 2680 τέρα)
1225 2637 1309 2678 την
1326 2623 1377 2667 ἐκ
1399 2619 1765 2677 τῆςὊκταουῗοις
1793 2627 1841 2670 οἱ
1862 2640 1973 2684 yer-

1070 2683 1315 2783 3333&ssss
1334 2676 1644 2783 ‘'sffissi'a'ss‘in
1675 2682 1772 2786 {22¹
1787 2692 1973 2787 rimi}

1072 2795 1175 2839 fidei
1210 2795 1266 2839 sit
1295 2795 1579 2850 habendum,
1622 2813 1718 2842 non
1749 2742 1970 2846 diiudiio.

1072 2852 1404 2911 Baumgarten·
1418 2852 1604 2899 Crusius
1626 2854 1846 2901 Suetonio
1868 2873 1968 2903 ma·

1073 2910 1139 2970 gis
1178 2910 1456 2979 eredendum
1499 2919 1626 2973 putat
1656 2911 1705 2958 in
1733 2912 1803 2959 his
1834 2915 1971 2973 rebus

1072 2977 1425 3013 accuratissimo.

1125 3046 1234 3096 post
1264 3039 1476 3083 exercitu
1504 3070 1517 3084 .
1542 3070 1556 3084 .
1577 3071 1591 3085 .
1612 3071 1627 3087 .
1654 3045 1854 3100 adeptus
1884 3054 1970 3091 est.

1074 3096 1311 3142 consentit
1334 3095 1459 3141 Suet.
1483 3095 1590 3144 Ner.
1621 3113 1664 3145 c.
1683 3101 1728 3146 4.

1128 3155 1255 3198 Iulo.
1315 3154 1392 3200 Sic
1417 3154 1516 3200 edd.
1543 3154 1662 3216 Lips.
1686 3174 1784 3218 sqq.
1841 3159 1968 3206 Iulio

1073 3212 1177 3258 cod.
1200 3209 1302 3257 MS.
1337 3211 1438 3258 edd.
1474 3221 1584 3260 vett.
1643 3215 1703 3262 cf.
1731 3226 1826 3263 not.
1849 3218 1905 3263 ad
1929 3221 1970 3272 1,

1074 3273 1283 3372 loinm-te
1310 3328 1491 3384 punito.

1072 3384 1114 3438 3,
1128 3386 1310 3488 ιιοὸιῖονιὶσ
1325 3456 1387 3487 ne
1420 3451 1556 3489 ocem.

1074 3516 1096 3545 c
1121 3500 1335 3547 Marcella
1408 3503 1578 3548 ctaviae
1603 3502 1631 3546 fi
1653 3502 1707 3547 ia.
1735 3520 1739 3524 ·

1130 3559 1181 3603 ιή
1209 3558 1450 3605 civitatem
1479 3560 1541 3604 M.
1613 3560 1675 3605 cf.
1709 3561 1819 3610 Tac.
1855 3563 1966 3624 Agr.

1074 3632 1113 3661 c.
1138 3616 1180 3661 4.
1242 3616 1388 3662 strab.
1417 3618 1470 3667 4,
1502 3635 1544 3676 p.
1569 3618 1665 3663 125.

1565 3329 1628 3376 cs.
1660 3347 1788 3391 supr.
1826 3333 1865 3386 l,
1900 3331 1967 3379 10.

1657 3445 1791 3507 uippe
1811 3455 1968 3494 natum
