2222 4030
1797 155 1850 190 A.
1866 156 1920 192 U.
1940 158 2024 197 788.

1796 200 1846 234 A.
1867 198 1913 235 C.
1961 203 2022 236 ³5.

246 163 374 224 416
824 205 828 209 .
883 115 1433 221 'ANNALIUM
1505 173 1519 180 ·

249 305 374 352 arte
408 302 607 350 suetus
642 286 1278 371 distraheret‘turmaS,
1322 286 1578 363 spatium
1612 285 1828 346 ictibus
1863 303 2109 367 quaere-

248 391 366 437 ret:
414 378 714 436 Sarmatae
753 375 969 433 omisso
991 395 1176 443 aren,
1219 393 1337 450 quo
1377 372 1614 429 brevius
1648 374 1886 444 valent,
1920 380 2110 436 contis

248 463 577 539 gladiisque
598 472 868 518 ruerent:
917 461 1097 518 modo
1135 459 1421 535 equestris
1444 457 1685 532 {proelii
1702 460 1866 515 more
1893 461 2110 521 frontis

250 561 308 607 et
343 548 493 622 tergi
523 547 706 604 vices:
760 546 1080 623 aliquando
1107 556 1175 601 ut
1203 553 1470 599 conserta
1497 543 1650 599 acies
1679 545 2027 620 corporibus
2053 560 2112 606 et

246 634 425 710 pulsu
459 651 774 699 armorum,
791 631 1111 708 pellerent,
1164 628 1544 704 pellerentur.
1631 628 1867 706 iamque
1887 652 1893 665 ‘
1912 643 1970 688 et
1999 627 2113 690 Al-

245 715 704 795 banilberique
739 721 1046 793 prensare,
1098 714 1444 790 detrudere,
1496 713 1815 789 ancipitem
1842 737 2112 792 pugnam
2180 711 2184 717 ’

246 799 516 862 hostibus
553 804 761 876 facere.
847 819 996 877 quos
1035 819 1223 874 super
1245 806 1430 874 eques·
1459 809 1516 855 et
1550 799 1934 874 propioribus
1975 804 2112 860 vul-
2187 850 2194 859 .

218 881 491 947 'neribus
531 874 757 966 pedites
797 885 1194 947 adflictahant.
1255 925 1259 930 .
1292 880 1458 941 Inter
1495 903 1645 961 quae
1677 880 2109 946 Pharasmanes

301 1083 587 1128 distraheret
608 1089 808 1126 turmas.
863 1079 1058 1140 Appian.
1071 1080 1142 1126 m.
1181 1083 1184 1087 ’

1225 1083 1227 1086 ⁴
1264 1078 1326 1124 ἀι
1346 1080 1559 1124 conserta
1576 1078 1714 1130 amas,
1773 1079 1851 1125 sic
1877 1080 1980 1126 cod.
2005 1080 2112 1125 Ms.

244 1138 425 1200 ἀνῆγον
449 1139 599 1186 ὀπίσω
632 1140 710 1182 καὶ
736 1137 1021 1183 σκίδνασθαι
1055 1140 1145 1184 ‹50-

243 1201 433 1249 κοῦντες
452 1195 551 1259 ἅμα
572 1199 648 1242 καὶ
669 1190 876 1241 διαλύειν
896 1195 979 1251 τὴν
997 1193 1142 1249 τάξιν.

244 1257 304 1302 cf.
331 1257 370 1310 1,
390 1255 809 1302 60.³distrahend0
831 1254 974 1299 hosti.
1033 1254 1140 1299 Non

239 1386 362 1416 nen.-
386 1373 530 1415 immo
553 1378 872 1431 zerstreuen..¹

296 1444 504 1499 spatium
539 1438 698 1485 ictibus
729 1449 987 1498 quaereret.
1023 1449 1031 1466 ‘¹
1048 1441 1138 1502 Igi-

238 1509 314 1546 tur
333 1516 429 1544 non
454 1500 665 1543 cominus
687 1500 966 1558 pugnabant.
1015 1536 1019 1539 .

295 1570 495 1613 brevius.
586 1569 819 1614 Ernestius
871 1569 1034 1629 accipit
1086 1570 1142 1614 de

239 1638 472 1687 tempore,
513 1627 548 1670 Ι.
575 1628 654 1671 Fr.
675 1626 941 1672 Gronovius
974 1628 1146 1672 rectius

238 1687 294 1730 de
316 1683 475 1744 spatio.
535 1685 652 1729 Nam
682 1701 763 1729 cur
791 1699 889 1727 non
920 1688 1006 1728 diu
1029 1687 1140 1730 Sar-

238 1748 384 1787 matae
404 1757 516 1788 arcu
538 1743 785 1795 valuerint,
814 1757 910 1787 non
931 1742 1036 1803 satis
1057 1759 1137 1803 ap-

238 1808 379 1860 paret.
1015 1817 1018 1819 ’

296 1870 540 1928 equestris.
603 1869 682 1915 Sic
702 1870 803 1914 edd.
819 1869 1023 1916 Rhenan.
1040 1887 1140 1931 sqq.

236 1928 487 1972 Beroaldus
535 1936 579 1972 et
621 1927 826 1974 Alciatus
878 1929 1138 1974 ediderant:

236 1987 415 2044 equites
450 1994 568 2038 tres,
604 1986 728 2043 quod
762 1987 993 2032 Victorius
1024 1987 1071 2031 in
1104 2005 1141 2032 s.

237 2061 306 2088 ex.
331 2059 452 2089 corr.
478 2046 719 2101 equestris.

280 2114 466 2172 frontis
489 2121 535 2156 et
555 2118 678 2170 te'rgl
697 2115 829 2160 vices.
861 2115 994 2160 ‘'hte.
1017 2117 1142 2175 sequi

237 2181 282 2215 et
322 2172 501 2227 fugere,
548 2174 627 2229 qui
669 2182 733 2217 est
776 2179 876 2219 mos
917 2174 1137 2231 equestris

236 2228 412 2288 proelii.
444 2227 505 2271 cf.
529 2227 828 2287 sanuselug.
857 2248 898 2276 c.
917 2232 988 2276 59.
1050 2231 1137 2275 Ce-

236 2296 385 2331 terum
405 2285 601 2343 pendent
626 2287 749 2337 haec,
766 2289 901 2332 simul
930 2306 1034 2333 cum
1068 2307 1137 2334 se-

238 2343 481 2402 quentibus
525 2346 784 2399 pellerent,
840 2349 1139 2399 pellerentur,

237 2418 263 2445 e
289 2399 521 2459 superiore
551 2401 770 2456 particula
795 2417 926 2451 cum,
955 2411 998 2446 et
1023 2405 1140 2447 hene

235 2459 474 2509 Muretus,
527 2456 764 2505 Acidalius
806 2459 1135 2504 animadverte-

236 2523 348 2560 runt
399 2513 744 2571 intelligendum
810 2532 905 2559 esse
937 2536 939 2538 ·
966 2526 1138 2571 essent,

236 2572 363 2633 quod
422 2572 483 2616 ita
535 2572 704 2615 Nostro
761 2573 908 2618 omitti
972 2574 1140 2618 docent

236 2629 453 2686 exempla.
516 2629 576 2674 cf.
613 2631 652 2680 1,
685 2630 756 2674 65.
797 2647 902 2673 cum
938 2632 1138 2674 barbari

223 2689 364 2747 festis
389 2686 537 2742 epulis
561 2719 571 2729 .
587 2717 600 2730 .
617 2719 628 2729 .
653 2691 966 2740 complerent,
1006 2692 1135 2744 opud

237 2748 488 2790 Romanos
512 2745 711 2788 invalidi
726 2747 857 2800 ignes
870 2779 883 2802 ,
924 2748 1132 2789 interru-

233 2811 349 2860 ptae
382 2817 516 2846 voces
552 2810 637 2858 (sc.
663 2806 830 2860 essent)
870 2813 1013 2862 atque
1046 2804 1142 2859 ipsi

233 2860 413 2916 passim'
436 2861 706 2909 adiacerent
725 2864 849 2904 vallo
870 2870 954 2906 etc.
995 2863 1038 2914 lo
1061 2862 1135 2905 23.

238 2920 363 2975 quod
393 2930 542 2972 neque
576 2918 760 2960 disiecti
783 2927 871 2965 ete.
933 2918 1040 2964 Vid.
1075 2919 1140 2962 ibi

237 2983 335 3019 not.
405 2974 495 3017 Alii
525 2973 780 3034 intelligunt
807 2983 973 3031 erant,
1017 2977 1140 3031 quod

237 3048 334 3076 non
368 3031 535 3088 patitur
568 3032 788 3089 particula
827 3050 946 3078 cum.
1012 3033 1137 3078 Gru-

237 3099 360 3134 terus
399 3091 706 3135 accusativum
747 3091 1006 3136 absolutum
1043 3108 1137 3135 esse

237 3154 390 3205 putat,
441 3146 518 3204 qui
556 3154 704 3190 tamen
736 3147 788 3190 iis
828 3148 966 3201 locis,
1016 3150 1136 3192 unde

238 3203 436 3261 exempla
458 3203 625 3254 adfert,
656 3221 749 3247 non
773 3214 858 3258 est,
891 3223 944 3250 ne
980 3223 1036 3250 ue
1060 3207 1135 3251 hic

238 3270 304 3305 est
344 3261 573 3304 ferendus.
654 3262 838 3320 Bipont.
876 3264 968 3307 inte
991 3266 1134 3322 ligunt

236 3322 493 3361 secundum
517 3319 662 3368 vices,
693 3321 758 3362 uti
784 3322 902 3379 apud
925 3321 1024 3367 Liv.
1040 3323 1131 3374 1,9.

239 3375 326 3418 Sed
359 3375 466 3419 haec
498 3377 694 3420 multum
729 3377 846 3421 inter
881 3395 928 3422 se
960 3380 1132 3423 diversa

239 3442 356 3476 sunt.
425 3432 598 3491 Lipsius
627 3435 803 3478 volebat
832 3437 953 3490 vice,
995 3438 1133 3494 quod.

238 3491 310 3534 cui
333 3489 526 3550 placeat,
557 3507 652 3536 non
671 3491 803 3538 facile
823 3491 1017 3540 habebit.

1203 1252 1362 1312 ,legant
1420 1252 1650 1310 conferta.
1671 1269 1674 1274 ¹

241 1314 347 1371 satis
376 1323 500 1359 recte
533 1313 891 1372 interpretantur
927 1315 1137 1357 ousd'elz-
1180 1310 1414 1375 factesh.
1442 1327 1482 1355 e.
1518 1310 1568 1354 in
1592 1326 1692 1368 -qua
1727 1316 1824 1366 n'on
1866 1310 2032 1356 frontis
2070 1320 2116 1356 et

1214 1138 1318 1183 edd.
1357 1138 1570 1183 Beroald.
1612 1138 1713 1182 Ale.
1757 1138 1966 1184 Rhenan.
2009 1156 2032 1183 s
2066 1156 2112 1198 q.

1215 1191 1331 1240 Sunt
1358 1196 1454 1255 3qui
1487 1191 1707 1242 'Ernestio
1751 1204 1937 1239 auctore
1977 1195 2036 1239 ho
2074 1200 2114 1241 ie

1741 1252 1833 1296 Sed
1894 1261 2116 1297 conserta

1211 1369 1324 1428 tergi
1349 1367 1501 1422 vices,
1539 1368 1589 1411 in
1615 1384 1701 1426 qua
1721 1368 1792 1414 vir
1811 1367 1936 1420 viro,
1974 1369 2114 1413 armis

1213 1440 1336 1472 arma
1360 1421 1567 1470 conserta
1585 1433 1716 1478 sunt,
1743 1425 1859 1482 hene
1880 1425 1987 1471 huic
2006 1426 2114 1471 loco

1215 1484 1452 1538 convenit„
1504 1482 1566 1531 οἱ.
1603 1481 1731 1527 Curt.
1763 1481 1805 1532 ὃ,
1836 1483 1879 1535 2,
1910 1484 1966 1527 13
1988 1493 2044 1527 >et
2066 1484 2116 1536 3,

1215 1534 1284 1591 11‘,
1306 1540 1349 1586 4.
1379 1541 1584 1584 conserti
1611 1547 1658 1583 et
1689 1541 1827 1597 quasi
1847 1535 2115 1585 'cohaeren-
2177 1554 2191 1564 ‘·

1214 1608 1326 1655 tes‚··
1350 1614 1477 1642 mox:
1518 1598 1731 1641 eominus
1758 1612 1975 1654 magnam
1999 1614 2114 1642 con-

1211 1670 1385 1700 seret-c.
1440 1655 1550 1714 ld.
1579 1656 1620 1707 8,
1661 1655 1836 1714 18‚31’2.
1873 1657 1955 1699 Ibi
1991 1658 2116 1700 levia

1207 1715 1397 1770 praelia
1412 1715 1737 1761 conserebant.
1755 1715 1757 1717 ’
1778 1712 1994 1758 Heinsius
2016 1730 2115 1760 cor·

1210 1771 1408 1830 rigebat<
1444 1779 1666 1815 conserta
1678 1772 1798 1816 bete.
1816 1778 1821 1781 ⁴
1858 1771 2059 1816 Frustra.

1262 1832 1403 1886 ‘pulsu
1471 1831 1734 1872 armorum.
1806 1828 2116 1887 ⁴Rupertiuse

1204 1895 1380 1988 ρᾳῖοιυ
1399 1901 1672 1937 armorum,
1703 1886 1828 1946 quod
1850 1886 2026 1931 nemini
2049 1887 2116 1931 in-

1214 1961 1260 1992 vi
1296 1960 1366 1988 eo.

1273 2016 1389 2058 quos
1421 2016 1577 2058 super.
1640 2001 1769 2060 Quos
1802 2001 2000 2062 intellige
2031 2002 2116 2046 Al-

1213 2060 1356 2103 banos
1387 2059 1630 2117 lberosque
1661 2069 1923 2118 prensantes
1958 2062 2118 2105 detru-

1216 2116 1465 2174 dentesq'ue
1484 2116 1680 2161 hostem.
1739 2119 1894 2172 Super
1923 2122 2117 2179 postpo*

1212 2173 1335 2218 nitur
1368 2179 1419 2218 ut
1448 2173 1559 2218 infr.
1596 2175 1665 2226 16,
1695 2173 2115 2219 85.1·humum·su-

1205 2246 1308 2287 per.
1370 2231 1542 2290 Accipe
1576 2231 1773 2291 equitem
1807 2248 1943 2291 super
1972 2233 2116 2292 capita

1210 2288 1502 2333 Albanorum
1526 2297 1570 2332 et
1592 2289 1837 2333 lberorum·
1853 2291 2032 2334 hostem
2050 2307 2115 2345 sa-

1211 2346 1329 2404 gittis
1369 2346 1635 2390 adflictasse.
1704 2347 1820 2390 Nam
1867 2360 1984 2404 quos
2025 2347 2115 2398 hic,

1210 2411 1262 2445 ut
1307 2420 1462 2461 saepe,
1515 2405 1570 2447 ad
1605 2405 1826 2461 remotius
1863 2405 2115 2449 subiectum

1210 2459 1407 2517 respicit.
1471 2460 1576 2503 Vid.
1603 2470 1700 2504 not.
1737 2462 1859 2511 ad·1,
1885 2462 1957 2506 74.
2020 2462 2114 2506 Alii

1210 2529 1354 2571 super
1377 2515 1730 2574 interpretantur
1752 2519 1966 2572 insuper,
1990 2519 2113 2576 quod

1210 2573 1271 2616 ita
1296 2572 1386 2616 dici
1411 2573 1586 2616 idoneis
1609 2575 1819 2631 exemplis
1855 2575 2114 2618 debuissent

1211 2629 1424 2688 probare.
1508 2629 1602 2673 Pro
1636 2639 1791 2674 nostra
1833 2632 2007 2675 ratione
2041 2633 2114 2676 sa-

1207 2686 1333 2731 ciunt
1359 2688 1399 2736 1,
1419 2687 1489 2731 68.
1521 2686 1562 2738 3,
1587 2686 1659 2731 46.

1259 2746 1560 2800 propioribus
1579 2747 1866 2790 vulneribus.
1910 2745 1987 2791 Sic
2010 2747 2112 2791 edd.

1207 2801 1420 2847 Beroald.
1448 2803 1553 2846 Alc.
1577 2802 1782 2847 Rhenan.
1807 2820 1906 2863 sqq.
1942 2820 1972 2846 α
1991 2820 2108 2860 pro-

1205 2859 1415 2915 pioribus
1469 2862 1692 2904 vulnerib.
1752 2861 1854 2904 edd.
1906 2860 2109 2907 Gronov.

1216 2916 1362 2974 (1672)
1378 2951 1390 2968 ,
1419 2917 1598 2961 Ernest.
1614 2917 1825 2963 Oberlin.
1840 2935 1942 2979 sqq.
1970 2919 2110 2963 Unde

1211 2974 1439 3019 hauserint
1502 2976 1884 3042 praepositionem
1938 2977 2107 3021 nescio.

1210 3031 1258 3074 Si
1289 3047 1393 3075 vera
1427 3042 1566 3085 esset,
1611 3034 1909 3091 intelligerem
1944 3050 1993 3077 ex
2024 3050 2109 3077 usu

1210 3088 1519 3140 Graecorum,
1569 3092 1647 3149 qui
1690 3089 1785 3135 ἀπό
1821 3091 1879 3135 ita
1914 3099 2107 3150 ponunt,

1206 3155 1257 3189 ut
1307 3147 1527 3204 significet
1568 3151 1760 3191 modum
1802 3157 1846 3191 et
1889 3149 2108 3192 rationem

1205 3203 1373 3261 aliquid
1396 3205 1610 3249 faciendi.
1654 3205 1713 3249 cf.
1733 3205 1939 3263 Xenoph.
1964 3207 2107 3250 Mem.

1207 3261 1257 3305 S.
1280 3263 1372 3310 1‚2‚
1387 3263 1429 3305 9.
1461 3261 1555 3307 ἀπὸ
1576 3259 1663 3307 xvc?
1705 3278 1770 3306 ων
1791 3268 2108 3307 καθίστασθαι

1208 3316 1440 3421 ἄὲχοντες.
1501 3321 1661 3379 Palaep
1696 3353 1706 3363 .
1733 3338 1772 3363 c.
1797 3322 1867 3364 41.
1898 3318 2104 3377 βάπτον-

1208 3394 1230 3420 z
1258 3394 1279 3426 ς
1317 3376 1433 3421 αὐτὰ
1466 3376 1560 3422 ἀπὸ
1590 3381 1817 3436 βοτανῶν.
1881 3379 2106 3422 Plutarch.

1206 3437 1315 3495 Lyc.
1352 3451 1392 3479 c.
1417 3435 1489 3479 30.
1519 3433 1546 3491 ἡ
1587 3436 1720 3487 πόλις
1755 3435 1849 3480 ἀπὸ
1883 3433 2106 3492 σκυτάλης

1205 3496 1319 3553 μιᾶς
1341 3496 1417 3537 καὶ
1439 3498 1658 3554 τρίβωνος
1681 3493 1884 3555 ἄρχουσα
1906 3498 1980 3550 τῆς
1998 3492 2104 3540 Ἐλ-
