<?xml version="1.0" encoding="UTF-8"?>
<!DOCTYPE html PUBLIC "-//W3C//DTD XHTML 1.0 Transitional//EN"
    "http://www.w3.org/TR/xhtml1/DTD/xhtml1-transitional.dtd">
<html xmlns="http://www.w3.org/1999/xhtml" xml:lang="en" lang="en">
 <head>
  <title>
</title>
<meta http-equiv="Content-Type" content="text/html;charset=utf-8" />
  <meta name='ocr-system' content='tesseract 3.04.00' />
  <meta name='ocr-capabilities' content='ocr_page ocr_carea ocr_par ocr_line ocrx_word'/>
</head>
<body>
  <div class='ocr_page' id='page_1' title='image "./operarecensuitet01taciuoft/operarecensuitet01taciuoft_0412.png"; bbox 0 0 2222 4030; ppageno 0'>
   <div class='ocr_carea' id='block_1_1' title="bbox 228 197 2002 280">
    <p class='ocr_par' dir='ltr' id='par_1_1' title="bbox 228 197 2002 280">
     <span class='ocr_line' id='line_1_1' title="bbox 228 197 2002 280; baseline 0.008 -15"><span class='ocrx_word' id='word_1_1' title='bbox 228 206 352 265; x_wconf 74' lang='lat'><strong>362</strong></span> <span class='ocrx_word' id='word_1_2' title='bbox 893 198 1082 260; x_wconf 85' lang='lat' dir='ltr'><strong>ANN</strong></span> <span class='ocrx_word' id='word_1_3' title='bbox 1096 197 1215 259; x_wconf 83' lang='lat' dir='ltr'><strong>AL</strong></span> <span class='ocrx_word' id='word_1_4' title='bbox 1229 199 1256 258; x_wconf 92' lang='lat'><em>1</em></span> <span class='ocrx_word' id='word_1_5' title='bbox 1272 199 1325 259; x_wconf 85' lang='lat' dir='ltr'>U</span> <span class='ocrx_word' id='word_1_6' title='bbox 1340 199 1412 258; x_wconf 88' lang='lat' dir='ltr'>M</span> <span class='ocrx_word' id='word_1_7' title='bbox 1775 198 1899 279; x_wconf 60' lang='lat'><strong>218:</strong></span> <span class='ocrx_word' id='word_1_8' title='bbox 1921 203 2002 280; x_wconf 61' lang='lat'><strong>⁷33:</strong></span> 
     </span>
    </p>
   </div>
   <div class='ocr_carea' id='block_1_2' title="bbox 217 328 2091 1844">
    <p class='ocr_par' dir='ltr' id='par_1_2' title="bbox 217 328 2091 1844">
     <span class='ocr_line' id='line_1_2' title="bbox 224 328 2088 406; baseline 0.001 -14"><span class='ocrx_word' id='word_1_9' title='bbox 224 353 351 392; x_wconf 89' lang='lat' dir='ltr'><strong>mas</strong></span> <span class='ocrx_word' id='word_1_10' title='bbox 376 331 618 390; x_wconf 88' lang='lat' dir='ltr'><strong>sociales</strong></span> <span class='ocrx_word' id='word_1_11' title='bbox 639 329 977 406; x_wconf 84' lang='lat' dir='ltr'><strong>equitesque</strong></span> <span class='ocrx_word' id='word_1_12' title='bbox 1004 330 1310 404; x_wconf 88' lang='lat' dir='ltr'><strong>legionum</strong></span> <span class='ocrx_word' id='word_1_13' title='bbox 1344 328 1610 385; x_wconf 89' lang='lat' dir='ltr'><strong>subsidio</strong></span> <span class='ocrx_word' id='word_1_14' title='bbox 1644 330 1873 392; x_wconf 83' lang='lat' dir='ltr'><strong>missos,</strong></span> <span class='ocrx_word' id='word_1_15' title='bbox 1959 348 2088 392; x_wconf 82' lang='lat' dir='ltr'><strong>tum</strong></span> 
     </span>
     <span class='ocr_line' id='line_1_3' title="bbox 226 411 2087 491; baseline -0.001 -13"><span class='ocrx_word' id='word_1_16' title='bbox 226 431 343 478; x_wconf 87' lang='lat' dir='ltr'><strong>tres</strong></span> <span class='ocrx_word' id='word_1_17' title='bbox 374 419 532 474; x_wconf 87' lang='lat' dir='ltr'><strong>leves</strong></span> <span class='ocrx_word' id='word_1_18' title='bbox 564 411 836 485; x_wconf 82' lang='lat' dir='ltr'><strong>cohortes</strong></span> <span class='ocrx_word' id='word_1_19' title='bbox 866 435 932 472; x_wconf 92' lang='lat' dir='ltr'><strong>ac</strong></span> <span class='ocrx_word' id='word_1_20' title='bbox 962 434 1199 472; x_wconf 90' lang='lat' dir='ltr'><strong>rursum</strong></span> <span class='ocrx_word' id='word_1_21' title='bbox 1223 415 1404 483; x_wconf 90' lang='lat' dir='ltr'><strong>duae,</strong></span> <span class='ocrx_word' id='word_1_22' title='bbox 1447 414 1588 470; x_wconf 90' lang='lat' dir='ltr'><strong>dein</strong></span> <span class='ocrx_word' id='word_1_23' title='bbox 1611 425 1876 491; x_wconf 90' lang='lat' dir='ltr'><strong>tempore</strong></span> <span class='ocrx_word' id='word_1_24' title='bbox 1902 419 2087 477; x_wconf 87' lang='lat' dir='ltr'><strong>inter-</strong></span> 
     </span>
     <span class='ocr_line' id='line_1_4' title="bbox 225 498 2088 577; baseline 0 -15"><span class='ocrx_word' id='word_1_25' title='bbox 225 505 375 562; x_wconf 86' lang='lat' dir='ltr'><strong>iecto</strong></span> <span class='ocrx_word' id='word_1_26' title='bbox 399 501 616 559; x_wconf 88' lang='lat' dir='ltr'><strong>alarius</strong></span> <span class='ocrx_word' id='word_1_27' title='bbox 641 519 817 577; x_wconf 88' lang='lat' dir='ltr'><strong>eques</strong></span> <span class='ocrx_word' id='word_1_28' title='bbox 837 500 1159 556; x_wconf 90' lang='lat' dir='ltr'><strong>immissus:</strong></span> <span class='ocrx_word' id='word_1_29' title='bbox 1223 498 1361 555; x_wconf 90' lang='lat' dir='ltr'><strong>satis</strong></span> <span class='ocrx_word' id='word_1_30' title='bbox 1386 499 1603 569; x_wconf 85' lang='lat' dir='ltr'><strong>validi,</strong></span> <span class='ocrx_word' id='word_1_31' title='bbox 1647 500 1698 555; x_wconf 91' lang='lat' dir='ltr'><strong>si</strong></span> <span class='ocrx_word' id='word_1_32' title='bbox 1719 501 1896 559; x_wconf 89' lang='lat' dir='ltr'><strong>simul</strong></span> <span class='ocrx_word' id='word_1_33' title='bbox 1917 505 2088 562; x_wconf 88' lang='lat' dir='ltr'><strong>incu-</strong></span> 
     </span>
     <span class='ocr_line' id='line_1_5' title="bbox 222 584 2088 662; baseline -0.001 -15"><span class='ocrx_word' id='word_1_34' title='bbox 222 590 517 647; x_wconf 87' lang='lat' dir='ltr'><strong>buissent:</strong></span> <span class='ocrx_word' id='word_1_35' title='bbox 551 605 658 662; x_wconf 91' lang='lat' dir='ltr'><strong>per</strong></span> <span class='ocrx_word' id='word_1_36' title='bbox 680 585 1058 642; x_wconf 90' lang='lat' dir='ltr'><strong>intervallum</strong></span> <span class='ocrx_word' id='word_1_37' title='bbox 1078 584 1459 641; x_wconf 80' lang='lat' dir='ltr'><strong>adventantes</strong></span> <span class='ocrx_word' id='word_1_38' title='bbox 1481 604 1673 660; x_wconf 89' lang='lat' dir='ltr'><strong>neque</strong></span> <span class='ocrx_word' id='word_1_39' title='bbox 1699 590 2088 646; x_wconf 80' lang='lat' dir='ltr'><strong>constantiam</strong></span> 
     </span>
     <span class='ocr_line' id='line_1_6' title="bbox 224 669 2089 744; baseline 0.001 -12"><span class='ocrx_word' id='word_1_40' title='bbox 224 674 577 732; x_wconf 84' lang='lat' dir='ltr'><strong>addiderant</strong></span> <span class='ocrx_word' id='word_1_41' title='bbox 603 671 871 730; x_wconf 63' lang='lat' dir='ltr'><strong>,turbatis</strong></span> <span class='ocrx_word' id='word_1_42' title='bbox 917 681 972 725; x_wconf 84' lang='lat' dir='ltr'><strong>et</strong></span> <span class='ocrx_word' id='word_1_43' title='bbox 1008 688 1227 744; x_wconf 87' lang='lat' dir='ltr'><strong>pavore</strong></span> <span class='ocrx_word' id='word_1_44' title='bbox 1261 669 1616 742; x_wconf 86' lang='lat' dir='ltr'><strong>fugientium</strong></span> <span class='ocrx_word' id='word_1_45' title='bbox 1653 673 2089 735; x_wconf 81' lang='lat' dir='ltr'><strong>auferebantur.</strong></span> 
     </span>
     <span class='ocr_line' id='line_1_7' title="bbox 224 751 2090 836; baseline 0 -19"><span class='ocrx_word' id='word_1_46' title='bbox 224 755 776 832; x_wconf 88' lang='lat' dir='ltr'><strong>Cethego&#39;Labeoni</strong></span> <span class='ocrx_word' id='word_1_47' title='bbox 807 757 1009 829; x_wconf 85' lang='lat' dir='ltr'><strong>legato</strong></span> <span class='ocrx_word' id='word_1_48' title='bbox 1034 753 1275 829; x_wconf 88' lang='lat' dir='ltr'><strong>quintae</strong></span> <span class='ocrx_word' id='word_1_49' title='bbox 1310 754 1558 828; x_wconf 83' lang='lat' dir='ltr'><strong>legionis</strong></span> <span class='ocrx_word' id='word_1_50' title='bbox 1594 758 1755 832; x_wconf 94' lang='lat' dir='ltr'><strong>quod</strong></span> <span class='ocrx_word' id='word_1_51' title='bbox 1791 751 2090 836; x_wconf 88' lang='lat' dir='ltr'><strong>reliquum</strong></span> 
     </span>
     <span class='ocr_line' id='line_1_8' title="bbox 224 838 2088 921; baseline -0.001 -19"><span class='ocrx_word' id='word_1_52' title='bbox 224 843 583 904; x_wconf 86' lang='lat' dir='ltr'><strong>auxiliorum</strong></span> <span class='ocrx_word' id='word_1_53' title='bbox 603 840 806 898; x_wconf 88' lang='lat' dir='ltr'><strong>tradit:</strong></span> <span class='ocrx_word' id='word_1_54' title='bbox 851 851 1025 915; x_wconf 87' lang='lat' dir='ltr'><strong>atque</strong></span> <span class='ocrx_word' id='word_1_55' title='bbox 1049 838 1151 894; x_wconf 89' lang='lat' dir='ltr'><strong>ille</strong></span> <span class='ocrx_word' id='word_1_56' title='bbox 1178 838 1362 895; x_wconf 91' lang='lat' dir='ltr'><strong>dubia</strong></span> <span class='ocrx_word' id='word_1_57' title='bbox 1387 859 1644 896; x_wconf 83' lang='lat' dir='ltr'><strong>suorum</strong></span> <span class='ocrx_word' id='word_1_58' title='bbox 1676 862 1740 898; x_wconf 93' lang='lat' dir='ltr'><strong>re</strong></span> <span class='ocrx_word' id='word_1_59' title='bbox 1779 842 1844 898; x_wconf 92' lang='lat' dir='ltr'><strong>in</strong></span> <span class='ocrx_word' id='word_1_60' title='bbox 1877 865 2088 921; x_wconf 84' lang='lat' dir='ltr'><strong>anceps</strong></span> 
     </span>
     <span class='ocr_line' id='line_1_9' title="bbox 222 923 2089 1002; baseline -0.001 -13"><span class='ocrx_word' id='word_1_61' title='bbox 222 942 444 989; x_wconf 89' lang='lat' dir='ltr'><strong>tractus</strong></span> <span class='ocrx_word' id='word_1_62' title='bbox 467 926 659 983; x_wconf 87' lang='lat' dir='ltr'><strong>missis</strong></span> <span class='ocrx_word' id='word_1_63' title='bbox 682 924 907 982; x_wconf 90' lang='lat' dir='ltr'><strong>nuntiis</strong></span> <span class='ocrx_word' id='word_1_64' title='bbox 930 923 1056 979; x_wconf 88' lang='lat' dir='ltr'><strong>vim</strong></span> <span class='ocrx_word' id='word_1_65' title='bbox 1077 924 1382 997; x_wconf 86' lang='lat' dir='ltr'><strong>legionum</strong></span> <span class='ocrx_word' id='word_1_66' title='bbox 1405 924 1773 999; x_wconf 73' lang='lat' dir='ltr'><strong>implorabat.</strong></span> <span class='ocrx_word' id='word_1_67' title='bbox 1810 948 2089 1002; x_wconf 86' lang='lat' dir='ltr'><strong>prorum-</strong></span> 
     </span>
     <span class='ocr_line' id='line_1_10' title="bbox 222 1005 2089 1091; baseline 0 -20"><span class='ocrx_word' id='word_1_68' title='bbox 222 1025 377 1091; x_wconf 91' lang='lat' dir='ltr'><strong>punt</strong></span> <span class='ocrx_word' id='word_1_69' title='bbox 413 1011 688 1091; x_wconf 85' lang='lat' dir='ltr'><strong>quintani</strong></span> <span class='ocrx_word' id='word_1_70' title='bbox 724 1021 858 1065; x_wconf 88' lang='lat' dir='ltr'><strong>ante</strong></span> <span class='ocrx_word' id='word_1_71' title='bbox 893 1008 1042 1065; x_wconf 89' lang='lat' dir='ltr'><strong>alios</strong></span> <span class='ocrx_word' id='word_1_72' title='bbox 1076 1019 1134 1065; x_wconf 90' lang='lat' dir='ltr'><strong>et</strong></span> <span class='ocrx_word' id='word_1_73' title='bbox 1171 1009 1293 1065; x_wconf 90' lang='lat' dir='ltr'><strong>acri</strong></span> <span class='ocrx_word' id='word_1_74' title='bbox 1325 1028 1524 1084; x_wconf 84' lang='lat' dir='ltr'><strong>pugna</strong></span> <span class='ocrx_word' id='word_1_75' title='bbox 1546 1005 1714 1066; x_wconf 93' lang='lat' dir='ltr'><strong>hoste</strong></span> <span class='ocrx_word' id='word_1_76' title='bbox 1744 1012 1915 1087; x_wconf 90' lang='lat' dir='ltr'><strong>pulso</strong></span> <span class='ocrx_word' id='word_1_77' title='bbox 1938 1015 2089 1071; x_wconf 80' lang='lat' dir='ltr'><strong>reci-</strong></span> 
     </span>
     <span class='ocr_line' id='line_1_11' title="bbox 220 1093 2089 1178; baseline 0 -22"><span class='ocrx_word' id='word_1_78' title='bbox 220 1101 399 1178; x_wconf 88' lang='lat' dir='ltr'><strong>piunt</strong></span> <span class='ocrx_word' id='word_1_79' title='bbox 424 1093 682 1156; x_wconf 88' lang='lat' dir='ltr'><strong>cohortis</strong></span> <span class='ocrx_word' id='word_1_80' title='bbox 705 1095 943 1171; x_wconf 86' lang='lat' dir='ltr'><strong>alasque</strong></span> <span class='ocrx_word' id='word_1_81' title='bbox 966 1094 1143 1150; x_wconf 88' lang='lat' dir='ltr'><strong>fessas</strong></span> <span class='ocrx_word' id='word_1_82' title='bbox 1166 1095 1534 1154; x_wconf 82' lang='lat' dir='ltr'><strong>vulneribus.</strong></span> <span class='ocrx_word' id='word_1_83' title='bbox 1596 1115 1789 1173; x_wconf 90' lang='lat' dir='ltr'><strong>neque</strong></span> <span class='ocrx_word' id='word_1_84' title='bbox 1817 1098 1935 1155; x_wconf 86' lang='lat' dir='ltr'><strong>dux</strong></span> <span class='ocrx_word' id='word_1_85' title='bbox 1958 1098 2089 1158; x_wconf 86' lang='lat' dir='ltr'><strong>Ro-</strong></span> 
     </span>
     <span class='ocr_line' id='line_1_12' title="bbox 221 1175 2088 1259; baseline -0.001 -17"><span class='ocrx_word' id='word_1_86' title='bbox 221 1204 434 1243; x_wconf 91' lang='lat' dir='ltr'><strong>manus</strong></span> <span class='ocrx_word' id='word_1_87' title='bbox 469 1184 663 1240; x_wconf 89' lang='lat' dir='ltr'><strong>ultum</strong></span> <span class='ocrx_word' id='word_1_88' title='bbox 697 1179 769 1236; x_wconf 88' lang='lat' dir='ltr'><strong>iit</strong></span> <span class='ocrx_word' id='word_1_89' title='bbox 798 1190 901 1236; x_wconf 86' lang='lat' dir='ltr'><strong>aut</strong></span> <span class='ocrx_word' id='word_1_90' title='bbox 937 1175 1508 1255; x_wconf 81' lang='lat' dir='ltr'><strong>corporahumavit,</strong></span> <span class='ocrx_word' id='word_1_91' title='bbox 1550 1200 1888 1259; x_wconf 88' lang='lat' dir='ltr'><strong>quanquam</strong></span> <span class='ocrx_word' id='word_1_92' title='bbox 1912 1186 2088 1243; x_wconf 90' lang='lat' dir='ltr'><strong>multi</strong></span> 
     </span>
     <span class='ocr_line' id='line_1_13' title="bbox 221 1265 2087 1342; baseline -0.003 -11"><span class='ocrx_word' id='word_1_93' title='bbox 221 1271 603 1332; x_wconf 87' lang='lat' dir='ltr'><strong>tribunorum</strong></span> <span class='ocrx_word' id='word_1_94' title='bbox 634 1265 1182 1342; x_wconf 86' lang='lat' dir='ltr'><strong>praefectorumque</strong></span> <span class='ocrx_word' id='word_1_95' title='bbox 1218 1277 1277 1323; x_wconf 87' lang='lat' dir='ltr'><strong>et</strong></span> <span class='ocrx_word' id='word_1_96' title='bbox 1309 1265 1568 1338; x_wconf 87' lang='lat' dir='ltr'><strong>insignes</strong></span> <span class='ocrx_word' id='word_1_97' title='bbox 1594 1268 1968 1326; x_wconf 86' lang='lat' dir='ltr'><strong>centuriones</strong></span> <span class='ocrx_word' id='word_1_98' title='bbox 1992 1290 2087 1326; x_wconf 90' lang='lat' dir='ltr'><strong>ce-</strong></span> 
     </span>
     <span class='ocr_line' id='line_1_14' title="bbox 223 1348 2089 1427; baseline -0.001 -14"><span class='ocrx_word' id='word_1_99' title='bbox 223 1356 518 1419; x_wconf 85' lang='lat' dir='ltr'><strong>cidissent.</strong></span> <span class='ocrx_word' id='word_1_100' title='bbox 603 1348 753 1407; x_wconf 83' lang='lat' dir='ltr'><strong>Mox</strong></span> <span class='ocrx_word' id='word_1_101' title='bbox 789 1361 1158 1425; x_wconf 86' lang='lat' dir='ltr'><strong>compertum</strong></span> <span class='ocrx_word' id='word_1_102' title='bbox 1195 1371 1229 1407; x_wconf 92' lang='lat' dir='ltr'><strong>a</strong></span> <span class='ocrx_word' id='word_1_103' title='bbox 1261 1350 1580 1424; x_wconf 86' lang='lat' dir='ltr'><strong>transfugis</strong></span> <span class='ocrx_word' id='word_1_104' title='bbox 1606 1365 1936 1427; x_wconf 86' lang='lat' dir='ltr'><strong>nongentos</strong></span> <span class='ocrx_word' id='word_1_105' title='bbox 1957 1353 2089 1412; x_wconf 90' lang='lat' dir='ltr'><strong>Ro-</strong></span> 
     </span>
     <span class='ocr_line' id='line_1_15' title="bbox 220 1431 2088 1515; baseline 0 -17"><span class='ocrx_word' id='word_1_106' title='bbox 220 1458 536 1503; x_wconf 89' lang='lat' dir='ltr'><strong>manorum</strong></span> <span class='ocrx_word' id='word_1_107' title='bbox 561 1436 719 1511; x_wconf 89' lang='lat' dir='ltr'><strong>apud</strong></span> <span class='ocrx_word' id='word_1_108' title='bbox 745 1435 975 1505; x_wconf 90' lang='lat' dir='ltr'><strong>lucum,</strong></span> <span class='ocrx_word' id='word_1_109' title='bbox 1002 1455 1180 1513; x_wconf 89' lang='lat' dir='ltr'><strong>quem</strong></span> <span class='ocrx_word' id='word_1_110' title='bbox 1190 1431 1598 1494; x_wconf 86' lang='lat' dir='ltr'><strong>Baduhennae</strong></span> <span class='ocrx_word' id='word_1_111' title='bbox 1619 1451 1863 1508; x_wconf 86' lang='lat' dir='ltr'><strong>vocant,</strong></span> <span class='ocrx_word' id='word_1_112' title='bbox 1888 1460 2088 1515; x_wconf 86' lang='lat' dir='ltr'><strong>pugna</strong></span> 
     </span>
     <span class='ocr_line' id='line_1_16' title="bbox 221 1521 2089 1603; baseline -0.001 -19"><span class='ocrx_word' id='word_1_113' title='bbox 221 1527 290 1584; x_wconf 90' lang='lat' dir='ltr'><strong>in</strong></span> <span class='ocrx_word' id='word_1_114' title='bbox 324 1536 629 1603; x_wconf 89' lang='lat' dir='ltr'><strong>posterum</strong></span> <span class='ocrx_word' id='word_1_115' title='bbox 667 1531 920 1578; x_wconf 86' lang='lat' dir='ltr'><strong>extracta</strong></span> <span class='ocrx_word' id='word_1_116' title='bbox 956 1522 1277 1579; x_wconf 90' lang='lat' dir='ltr'><strong>confectos:</strong></span> <span class='ocrx_word' id='word_1_117' title='bbox 1323 1533 1382 1578; x_wconf 91' lang='lat' dir='ltr'><strong>et</strong></span> <span class='ocrx_word' id='word_1_118' title='bbox 1415 1521 1594 1578; x_wconf 90' lang='lat' dir='ltr'><strong>aliam</strong></span> <span class='ocrx_word' id='word_1_119' title='bbox 1625 1524 2089 1599; x_wconf 87' lang='lat' dir='ltr'><strong>quadringento—</strong></span> 
     </span>
     <span class='ocr_line' id='line_1_17' title="bbox 218 1603 2091 1685; baseline -0.001 -17"><span class='ocrx_word' id='word_1_120' title='bbox 218 1633 361 1670; x_wconf 87' lang='lat' dir='ltr'><strong>rum</strong></span> <span class='ocrx_word' id='word_1_121' title='bbox 386 1627 634 1667; x_wconf 88' lang='lat' dir='ltr'><strong>manum</strong></span> <span class='ocrx_word' id='word_1_122' title='bbox 669 1617 949 1683; x_wconf 88' lang='lat' dir='ltr'><strong>occupata</strong></span> <span class='ocrx_word' id='word_1_123' title='bbox 982 1603 1348 1681; x_wconf 88' lang='lat' dir='ltr'><strong>Cruptoricis</strong></span> <span class='ocrx_word' id='word_1_124' title='bbox 1384 1608 1687 1685; x_wconf 90' lang='lat' dir='ltr'><strong>quondam</strong></span> <span class='ocrx_word' id='word_1_125' title='bbox 1722 1609 2091 1684; x_wconf 87' lang='lat' dir='ltr'><strong>stipendiarii</strong></span> 
     </span>
     <span class='ocr_line' id='line_1_18' title="bbox 217 1691 2090 1774; baseline -0.001 -18"><span class='ocrx_word' id='word_1_126' title='bbox 217 1698 360 1757; x_wconf 85' lang='lat' dir='ltr'><strong>villa</strong></span> <span class='ocrx_word' id='word_1_127' title='bbox 380 1741 399 1768; x_wconf 88' lang='lat'><strong>,</strong></span> <span class='ocrx_word' id='word_1_128' title='bbox 428 1703 741 1772; x_wconf 87' lang='lat' dir='ltr'><strong>postquam</strong></span> <span class='ocrx_word' id='word_1_129' title='bbox 761 1691 1021 1770; x_wconf 89' lang='lat' dir='ltr'><strong>proditio</strong></span> <span class='ocrx_word' id='word_1_130' title='bbox 1046 1694 1444 1762; x_wconf 79' lang='lat' dir='ltr'><strong>metuebatur,</strong></span> <span class='ocrx_word' id='word_1_131' title='bbox 1467 1693 1690 1774; x_wconf 83' lang='lat' dir='ltr'><strong>mutuis</strong></span> <span class='ocrx_word' id='word_1_132' title='bbox 1714 1693 1926 1753; x_wconf 90' lang='lat' dir='ltr'><strong>ictibus</strong></span> <span class='ocrx_word' id='word_1_133' title='bbox 1946 1717 2090 1773; x_wconf 90' lang='lat' dir='ltr'><strong>pro-</strong></span> 
     </span>
     <span class='ocr_line' id='line_1_19' title="bbox 219 1782 507 1844; baseline 0.007 -2"><span class='ocrx_word' id='word_1_134' title='bbox 219 1782 507 1844; x_wconf 87' lang='lat' dir='ltr'><strong>cubuisse.</strong></span> 
     </span>
    </p>
   </div>
   <div class='ocr_carea' id='block_1_3' title="bbox 217 1887 2092 2738">
    <p class='ocr_par' dir='ltr' id='par_1_3' title="bbox 217 1887 2092 2738">
     <span class='ocr_line' id='line_1_20' title="bbox 385 1887 2092 1954; baseline -0.001 -1"><span class='ocrx_word' id='word_1_135' title='bbox 385 1890 666 1954; x_wconf 89' lang='lat' dir='ltr'><strong>LXXIV.</strong></span> <span class='ocrx_word' id='word_1_136' title='bbox 706 1889 952 1950; x_wconf 87' lang='lat' dir='ltr'><strong>Clarum</strong></span> <span class='ocrx_word' id='word_1_137' title='bbox 986 1890 1128 1948; x_wconf 88' lang='lat' dir='ltr'><strong>inde</strong></span> <span class='ocrx_word' id='word_1_138' title='bbox 1152 1889 1310 1948; x_wconf 88' lang='lat' dir='ltr'><strong>inter</strong></span> <span class='ocrx_word' id='word_1_139' title='bbox 1334 1887 1664 1949; x_wconf 87' lang='lat' dir='ltr'><strong>Germanos</strong></span> <span class='ocrx_word' id='word_1_140' title='bbox 1690 1891 1949 1951; x_wconf 85' lang='lat' dir='ltr'><strong>Frisium</strong></span> <span class='ocrx_word' id='word_1_141' title='bbox 1976 1915 2092 1952; x_wconf 87' lang='lat' dir='ltr'><strong>no-</strong></span> 
     </span>
     <span class='ocr_line' id='line_1_21' title="bbox 218 1976 2088 2055; baseline -0.001 -18"><span class='ocrx_word' id='word_1_142' title='bbox 218 2000 385 2050; x_wconf 90' lang='lat' dir='ltr'><strong>men,</strong></span> <span class='ocrx_word' id='word_1_143' title='bbox 423 1978 831 2038; x_wconf 83' lang='lat' dir='ltr'><strong>dissimulante</strong></span> <span class='ocrx_word' id='word_1_144' title='bbox 855 1976 1101 2034; x_wconf 90' lang='lat' dir='ltr'><strong>Tiberio</strong></span> <span class='ocrx_word' id='word_1_145' title='bbox 1131 1977 1346 2034; x_wconf 89' lang='lat' dir='ltr'><strong>damna</strong></span> <span class='ocrx_word' id='word_1_146' title='bbox 1370 1997 1446 2033; x_wconf 90' lang='lat' dir='ltr'><strong>ne</strong></span> <span class='ocrx_word' id='word_1_147' title='bbox 1472 1977 1569 2034; x_wconf 89' lang='lat' dir='ltr'><strong>cui</strong></span> <span class='ocrx_word' id='word_1_148' title='bbox 1591 1979 1816 2035; x_wconf 88' lang='lat' dir='ltr'><strong>bellum</strong></span> <span class='ocrx_word' id='word_1_149' title='bbox 1842 1981 2088 2055; x_wconf 88' lang='lat' dir='ltr'><strong>permit-</strong></span> 
     </span>
     <span class='ocr_line' id='line_1_22' title="bbox 218 2058 2088 2142; baseline -0.001 -18"><span class='ocrx_word' id='word_1_150' title='bbox 218 2077 384 2125; x_wconf 84' lang='lat' dir='ltr'><strong>teret.</strong></span> <span class='ocrx_word' id='word_1_151' title='bbox 467 2064 675 2142; x_wconf 89' lang='lat' dir='ltr'><strong>Neque</strong></span> <span class='ocrx_word' id='word_1_152' title='bbox 701 2073 936 2120; x_wconf 88' lang='lat' dir='ltr'><strong>senatus</strong></span> <span class='ocrx_word' id='word_1_153' title='bbox 955 2058 1021 2118; x_wconf 85' lang='lat' dir='ltr'><strong>in</strong></span> <span class='ocrx_word' id='word_1_154' title='bbox 1044 2082 1112 2119; x_wconf 92' lang='lat' dir='ltr'><strong>eo</strong></span> <span class='ocrx_word' id='word_1_155' title='bbox 1136 2081 1304 2131; x_wconf 89' lang='lat' dir='ltr'><strong>cura,</strong></span> <span class='ocrx_word' id='word_1_156' title='bbox 1345 2082 1422 2119; x_wconf 90' lang='lat' dir='ltr'><strong>an</strong></span> <span class='ocrx_word' id='word_1_157' title='bbox 1445 2063 1682 2139; x_wconf 87' lang='lat' dir='ltr'><strong>imperii</strong></span> <span class='ocrx_word' id='word_1_158' title='bbox 1705 2076 1961 2122; x_wconf 86' lang='lat' dir='ltr'><strong>extrema</strong></span> <span class='ocrx_word' id='word_1_159' title='bbox 1984 2067 2088 2122; x_wconf 75' lang='lat' dir='ltr'><strong>de-</strong></span> 
     </span>
     <span class='ocr_line' id='line_1_23' title="bbox 217 2143 2089 2224; baseline -0.001 -16"><span class='ocrx_word' id='word_1_160' title='bbox 217 2143 701 2208; x_wconf 86' lang='lat' dir='ltr'><strong>honestarentur:</strong></span> <span class='ocrx_word' id='word_1_161' title='bbox 758 2148 946 2224; x_wconf 77' lang='lat' dir='ltr'><strong>pavor</strong></span> <span class='ocrx_word' id='word_1_162' title='bbox 969 2148 1239 2205; x_wconf 90' lang='lat' dir='ltr'><strong>internus</strong></span> <span class='ocrx_word' id='word_1_163' title='bbox 1263 2160 1646 2223; x_wconf 84' lang='lat' dir='ltr'><strong>occupaverat</strong></span> <span class='ocrx_word' id='word_1_164' title='bbox 1672 2148 1929 2220; x_wconf 81' lang='lat' dir='ltr'><strong>animOS,</strong></span> <span class='ocrx_word' id='word_1_165' title='bbox 1991 2151 2089 2208; x_wconf 85' lang='lat' dir='ltr'><strong>cui</strong></span> 
     </span>
     <span class='ocr_line' id='line_1_24' title="bbox 217 2233 2089 2312; baseline -0.001 -18"><span class='ocrx_word' id='word_1_166' title='bbox 217 2235 553 2294; x_wconf 86' lang='lat' dir='ltr'><strong>remedium</strong></span> <span class='ocrx_word' id='word_1_167' title='bbox 595 2234 938 2291; x_wconf 89' lang='lat' dir='ltr'><strong>adulatione</strong></span> <span class='ocrx_word' id='word_1_168' title='bbox 982 2233 1389 2310; x_wconf 87' lang='lat' dir='ltr'><strong>quaerebatur.</strong></span> <span class='ocrx_word' id='word_1_169' title='bbox 1475 2234 1557 2290; x_wconf 89' lang='lat' dir='ltr'><strong>ita</strong></span> <span class='ocrx_word' id='word_1_170' title='bbox 1602 2254 1944 2312; x_wconf 87' lang='lat' dir='ltr'><strong>quanquam</strong></span> <span class='ocrx_word' id='word_1_171' title='bbox 1993 2236 2089 2292; x_wconf 91' lang='lat' dir='ltr'><strong>di-</strong></span> 
     </span>
     <span class='ocr_line' id='line_1_25' title="bbox 217 2316 2089 2395; baseline -0.002 -14"><span class='ocrx_word' id='word_1_172' title='bbox 217 2321 403 2381; x_wconf 83' lang='lat' dir='ltr'><strong>versis</strong></span> <span class='ocrx_word' id='word_1_173' title='bbox 426 2339 602 2395; x_wconf 87' lang='lat' dir='ltr'><strong>super</strong></span> <span class='ocrx_word' id='word_1_174' title='bbox 621 2319 800 2376; x_wconf 84' lang='lat' dir='ltr'><strong>rebus</strong></span> <span class='ocrx_word' id='word_1_175' title='bbox 820 2319 1294 2387; x_wconf 88' lang='lat' dir='ltr'><strong>consulerentur,</strong></span> <span class='ocrx_word' id='word_1_176' title='bbox 1337 2339 1498 2375; x_wconf 89' lang='lat' dir='ltr'><strong>aram</strong></span> <span class='ocrx_word' id='word_1_177' title='bbox 1513 2316 1872 2378; x_wconf 79' lang='lat' dir='ltr'><strong>Clementiae</strong></span> <span class='ocrx_word' id='word_1_178' title='bbox 1885 2367 1901 2391; x_wconf 92' lang='lat'><strong>,</strong></span> <span class='ocrx_word' id='word_1_179' title='bbox 1925 2341 2089 2378; x_wconf 88' lang='lat' dir='ltr'><strong>aram</strong></span> 
     </span>
     <span class='ocr_line' id='line_1_26' title="bbox 218 2400 2087 2485; baseline 0.001 -23"><span class='ocrx_word' id='word_1_180' title='bbox 218 2402 533 2485; x_wconf 78' lang='lat' dir='ltr'><strong>Amicitiae</strong></span> <span class='ocrx_word' id='word_1_181' title='bbox 557 2404 890 2480; x_wconf 84' lang='lat' dir='ltr'><strong>effigiesque</strong></span> <span class='ocrx_word' id='word_1_182' title='bbox 915 2403 1135 2459; x_wconf 89' lang='lat' dir='ltr'><strong>circum</strong></span> <span class='ocrx_word' id='word_1_183' title='bbox 1160 2400 1425 2459; x_wconf 90' lang='lat' dir='ltr'><strong>Caesaris</strong></span> <span class='ocrx_word' id='word_1_184' title='bbox 1455 2424 1521 2459; x_wconf 92' lang='lat' dir='ltr'><strong>ac</strong></span> <span class='ocrx_word' id='word_1_185' title='bbox 1547 2402 1751 2461; x_wconf 89' lang='lat' dir='ltr'><strong>Seiani</strong></span> <span class='ocrx_word' id='word_1_186' title='bbox 1784 2425 2087 2463; x_wconf 87' lang='lat' dir='ltr'><strong>censuere:</strong></span> 
     </span>
     <span class='ocr_line' id='line_1_27' title="bbox 220 2483 2090 2568; baseline -0.001 -19"><span class='ocrx_word' id='word_1_187' title='bbox 220 2483 559 2568; x_wconf 83' lang='lat' dir='ltr'><strong>crebrisque</strong></span> <span class='ocrx_word' id='word_1_188' title='bbox 590 2489 864 2565; x_wconf 89' lang='lat' dir='ltr'><strong>precibus</strong></span> <span class='ocrx_word' id='word_1_189' title='bbox 897 2487 1324 2561; x_wconf 85' lang='lat' dir='ltr'><strong>efflagitabant,</strong></span> <span class='ocrx_word' id='word_1_190' title='bbox 1364 2487 1598 2544; x_wconf 88' lang='lat' dir='ltr'><strong>visendi</strong></span> <span class='ocrx_word' id='word_1_191' title='bbox 1622 2490 1715 2546; x_wconf 91' lang='lat' dir='ltr'><strong>sui</strong></span> <span class='ocrx_word' id='word_1_192' title='bbox 1743 2491 1974 2566; x_wconf 90' lang='lat' dir='ltr'><strong>copiam</strong></span> <span class='ocrx_word' id='word_1_193' title='bbox 1998 2493 2090 2548; x_wconf 89' lang='lat' dir='ltr'><strong>fa-</strong></span> 
     </span>
     <span class='ocr_line' id='line_1_28' title="bbox 221 2573 2091 2651; baseline -0.001 -17"><span class='ocrx_word' id='word_1_194' title='bbox 221 2587 438 2647; x_wconf 89' lang='lat' dir='ltr'><strong>cerent.</strong></span> <span class='ocrx_word' id='word_1_195' title='bbox 517 2573 660 2634; x_wconf 77' lang='lat' dir='ltr'><strong>Nun</strong></span> <span class='ocrx_word' id='word_1_196' title='bbox 688 2573 781 2630; x_wconf 86' lang='lat' dir='ltr'><strong>illi</strong></span> <span class='ocrx_word' id='word_1_197' title='bbox 804 2576 1003 2630; x_wconf 89' lang='lat' dir='ltr'><strong>tamen</strong></span> <span class='ocrx_word' id='word_1_198' title='bbox 1025 2573 1091 2628; x_wconf 88' lang='lat' dir='ltr'><strong>in</strong></span> <span class='ocrx_word' id='word_1_199' title='bbox 1120 2573 1331 2630; x_wconf 90' lang='lat' dir='ltr'><strong>urbem</strong></span> <span class='ocrx_word' id='word_1_200' title='bbox 1355 2584 1456 2630; x_wconf 90' lang='lat' dir='ltr'><strong>aut</strong></span> <span class='ocrx_word' id='word_1_201' title='bbox 1476 2574 1811 2651; x_wconf 88' lang='lat' dir='ltr'><strong>propinqua</strong></span> <span class='ocrx_word' id='word_1_202' title='bbox 1834 2576 1973 2632; x_wconf 88' lang='lat' dir='ltr'><strong>urbi</strong></span> <span class='ocrx_word' id='word_1_203' title='bbox 1994 2576 2091 2632; x_wconf 88' lang='lat' dir='ltr'><strong>di-</strong></span> 
     </span>
     <span class='ocr_line' id='line_1_29' title="bbox 221 2657 2086 2738; baseline -0.001 -18"><span class='ocrx_word' id='word_1_204' title='bbox 221 2662 404 2738; x_wconf 82' lang='lat' dir='ltr'><strong>gressi</strong></span> <span class='ocrx_word' id='word_1_205' title='bbox 436 2672 601 2720; x_wconf 89' lang='lat' dir='ltr'><strong>sunt:</strong></span> <span class='ocrx_word' id='word_1_206' title='bbox 654 2659 794 2717; x_wconf 89' lang='lat' dir='ltr'><strong>satis</strong></span> <span class='ocrx_word' id='word_1_207' title='bbox 826 2658 1023 2716; x_wconf 83' lang='lat' dir='ltr'><strong>visum</strong></span> <span class='ocrx_word' id='word_1_208' title='bbox 1051 2657 1326 2716; x_wconf 64' lang='lat' dir='ltr'><strong>,omittere</strong></span> <span class='ocrx_word' id='word_1_209' title='bbox 1358 2657 1616 2716; x_wconf 89' lang='lat' dir='ltr'><strong>insulam</strong></span> <span class='ocrx_word' id='word_1_210' title='bbox 1649 2671 1706 2717; x_wconf 90' lang='lat' dir='ltr'><strong>et</strong></span> <span class='ocrx_word' id='word_1_211' title='bbox 1724 2660 1790 2716; x_wconf 92' lang='lat' dir='ltr'><strong>in</strong></span> <span class='ocrx_word' id='word_1_212' title='bbox 1814 2661 2086 2737; x_wconf 85' lang='lat' dir='ltr'><strong>proximo</strong></span> 
     </span>
    </p>
   </div>
   <div class='ocr_carea' id='block_1_4' title="bbox 222 2849 2088 3602">
    <p class='ocr_par' dir='ltr' id='par_1_4' title="bbox 222 2849 2088 3602">
     <span class='ocr_line' id='line_1_30' title="bbox 226 2849 2085 2912; baseline -0.002 -13"><span class='ocrx_word' id='word_1_213' title='bbox 226 2875 242 2881; x_wconf 58' lang='lat'><strong>‘&gt;</strong></span> <span class='ocrx_word' id='word_1_214' title='bbox 279 2855 469 2899; x_wconf 78' lang='lat' dir='ltr'><strong>alarius·</strong></span> <span class='ocrx_word' id='word_1_215' title='bbox 494 2868 648 2912; x_wconf 71' lang='lat' dir='ltr'><strong>eques.</strong></span> <span class='ocrx_word' id='word_1_216' title='bbox 707 2851 772 2895; x_wconf 83' lang='lat' dir='ltr'><strong>Ex</strong></span> <span class='ocrx_word' id='word_1_217' title='bbox 803 2849 1121 2896; x_wconf 80' lang='lat' dir='ltr'><strong>emendatione</strong></span> <span class='ocrx_word' id='word_1_218' title='bbox 1249 2851 1554 2906; x_wconf 62' lang='grc' dir='ltr'><strong>εἰιζοεηάἰανιῖ.</strong></span> <span class='ocrx_word' id='word_1_219' title='bbox 1629 2851 1689 2894; x_wconf 87' lang='lat' dir='ltr'><strong>cf.</strong></span> <span class='ocrx_word' id='word_1_220' title='bbox 1721 2867 1762 2898; x_wconf 89' lang='lat' dir='ltr'><strong>c.</strong></span> <span class='ocrx_word' id='word_1_221' title='bbox 1794 2852 1866 2895; x_wconf 73' lang='lat'><strong>20.</strong></span> <span class='ocrx_word' id='word_1_222' title='bbox 1905 2867 2004 2895; x_wconf 85' lang='lat' dir='ltr'><strong>non</strong></span> <span class='ocrx_word' id='word_1_223' title='bbox 2034 2863 2085 2898; x_wconf 72' lang='lat' dir='ltr'><strong>ut</strong></span> 
     </span>
     <span class='ocr_line' id='line_1_31' title="bbox 222 2909 2082 2964; baseline -0.002 -7"><span class='ocrx_word' id='word_1_224' title='bbox 222 2912 541 2964; x_wconf 82' lang='lat' dir='ltr'><strong>Freinshemii,</strong></span> <span class='ocrx_word' id='word_1_225' title='bbox 612 2909 872 2954; x_wconf 77' lang='lat' dir='ltr'><strong>uamhodie</strong></span> <span class='ocrx_word' id='word_1_226' title='bbox 897 2920 1122 2952; x_wconf 87' lang='lat' dir='ltr'><strong>consensu</strong></span> <span class='ocrx_word' id='word_1_227' title='bbox 1191 2909 1518 2962; x_wconf 79' lang='lat' dir='ltr'><strong>stipendiariis</strong></span> <span class='ocrx_word' id='word_1_228' title='bbox 1551 2910 1779 2964; x_wconf 81' lang='lat' dir='ltr'><strong>pecuniae</strong></span> <span class='ocrx_word' id='word_1_229' title='bbox 1826 2914 2082 2955; x_wconf 79' lang='lat' dir='ltr'><strong>redderen-</strong></span> 
     </span>
     <span class='ocr_line' id='line_1_32' title="bbox 222 2965 1288 3029; baseline -0.004 -15"><span class='ocrx_word' id='word_1_230' title='bbox 222 2971 433 3029; x_wconf 85' lang='lat' dir='ltr'><strong>probant.</strong></span> <span class='ocrx_word' id='word_1_231' title='bbox 505 2969 572 3013; x_wconf 88' lang='lat' dir='ltr'><strong>Ed</strong></span> <span class='ocrx_word' id='word_1_232' title='bbox 609 3001 621 3013; x_wconf 90' lang='lat'><strong>.</strong></span> <span class='ocrx_word' id='word_1_233' title='bbox 644 2968 759 3011; x_wconf 76' lang='lat' dir='ltr'><strong>Ber.</strong></span> <span class='ocrx_word' id='word_1_234' title='bbox 783 2966 885 3010; x_wconf 88' lang='lat' dir='ltr'><strong>Alc.</strong></span> <span class='ocrx_word' id='word_1_235' title='bbox 917 2965 1121 3009; x_wconf 89' lang='lat' dir='ltr'><strong>Rhenan.</strong></span> <span class='ocrx_word' id='word_1_236' title='bbox 1192 2975 1288 3010; x_wconf 83' lang='lat' dir='ltr'><strong>tur.</strong></span> 
     </span>
     <span class='ocr_line' id='line_1_33' title="bbox 223 3022 2086 3083; baseline 0.001 -14"><span class='ocrx_word' id='word_1_237' title='bbox 223 3044 275 3083; x_wconf 85' lang='lat' dir='ltr'><strong>sq</strong></span> <span class='ocrx_word' id='word_1_238' title='bbox 314 3059 325 3071; x_wconf 87' lang='lat'><strong>.</strong></span> <span class='ocrx_word' id='word_1_239' title='bbox 359 3028 518 3073; x_wconf 82' lang='lat' dir='ltr'><strong>acrius</strong></span> <span class='ocrx_word' id='word_1_240' title='bbox 550 3040 717 3083; x_wconf 80' lang='lat' dir='ltr'><strong>eques,</strong></span> <span class='ocrx_word' id='word_1_241' title='bbox 762 3023 887 3081; x_wconf 91' lang='lat' dir='ltr'><strong>quod</strong></span> <span class='ocrx_word' id='word_1_242' title='bbox 922 3022 1123 3066; x_wconf 80' lang='lat' dir='ltr'><strong>defendit</strong></span> <span class='ocrx_word' id='word_1_243' title='bbox 1250 3022 1446 3067; x_wconf 75' lang='lat' dir='ltr'><strong>CAP.74.</strong></span> <span class='ocrx_word' id='word_1_244' title='bbox 1475 3023 1679 3079; x_wconf 78' lang='lat' dir='ltr'><strong>digressi</strong></span> <span class='ocrx_word' id='word_1_245' title='bbox 1693 3031 1821 3067; x_wconf 83' lang='lat' dir='ltr'><strong>sunt.</strong></span> <span class='ocrx_word' id='word_1_246' title='bbox 1881 3025 1958 3070; x_wconf 87' lang='lat' dir='ltr'><strong>Sic</strong></span> <span class='ocrx_word' id='word_1_247' title='bbox 1981 3029 2086 3071; x_wconf 88' lang='lat' dir='ltr'><strong>edd.</strong></span> 
     </span>
     <span class='ocr_line' id='line_1_34' title="bbox 222 3044 2083 3141; baseline -0.001 -12"><span class='ocrx_word' id='word_1_248' title='bbox 222 3044 566 3130; x_wconf 50' lang='lat' dir='ltr'><strong>VXJoltmannus</strong></span> <span class='ocrx_word' id='word_1_249' title='bbox 585 3082 862 3141; x_wconf 82' lang='lat' dir='ltr'><strong>argumentis</strong></span> <span class='ocrx_word' id='word_1_250' title='bbox 882 3090 1034 3124; x_wconf 80' lang='lat' dir='ltr'><strong>tamen</strong></span> <span class='ocrx_word' id='word_1_251' title='bbox 1054 3079 1122 3121; x_wconf 86' lang='lat' dir='ltr'><strong>in·</strong></span> <span class='ocrx_word' id='word_1_252' title='bbox 1191 3081 1294 3125; x_wconf 89' lang='lat' dir='ltr'><strong>Ber.</strong></span> <span class='ocrx_word' id='word_1_253' title='bbox 1308 3081 1622 3124; x_wconf 74' lang='lat' dir='ltr'><strong>Alc-Rhenan.</strong></span> <span class='ocrx_word' id='word_1_254' title='bbox 1644 3098 1742 3138; x_wconf 88' lang='lat' dir='ltr'><strong>sqq.</strong></span> <span class='ocrx_word' id='word_1_255' title='bbox 1767 3097 1908 3140; x_wconf 88' lang='lat' dir='ltr'><strong>usque</strong></span> <span class='ocrx_word' id='word_1_256' title='bbox 1931 3085 1984 3126; x_wconf 89' lang='lat' dir='ltr'><strong>ad</strong></span> <span class='ocrx_word' id='word_1_257' title='bbox 2003 3085 2083 3127; x_wconf 90' lang='lat' dir='ltr'><strong>Er-</strong></span> 
     </span>
     <span class='ocr_line' id='line_1_35' title="bbox 222 3138 2083 3198; baseline -0.002 -10"><span class='ocrx_word' id='word_1_258' title='bbox 222 3143 401 3192; x_wconf 54' lang='lat' dir='ltr'><strong>firmis&#39;„</strong></span> <span class='ocrx_word' id='word_1_259' title='bbox 440 3141 663 3198; x_wconf 88' lang='lat' dir='ltr'><strong>Loquitur</strong></span> <span class='ocrx_word' id='word_1_260' title='bbox 687 3140 854 3183; x_wconf 87' lang='lat' dir='ltr'><strong>Noster</strong></span> <span class='ocrx_word' id='word_1_261' title='bbox 879 3139 934 3183; x_wconf 90' lang='lat' dir='ltr'><strong>de</strong></span> <span class='ocrx_word' id='word_1_262' title='bbox 955 3152 1122 3195; x_wconf 84' lang='lat' dir='ltr'><strong>genere</strong></span> <span class='ocrx_word' id='word_1_263' title='bbox 1192 3138 1417 3189; x_wconf 82' lang='lat' dir='ltr'><strong>uestium,</strong></span> <span class='ocrx_word' id='word_1_264' title='bbox 1466 3139 1544 3194; x_wconf 89' lang='lat' dir='ltr'><strong>qui</strong></span> <span class='ocrx_word' id='word_1_265' title='bbox 1576 3138 1696 3180; x_wconf 86' lang='lat' dir='ltr'><strong>dedit</strong></span> <span class='ocrx_word' id='word_1_266' title='bbox 1725 3141 1933 3193; x_wconf 79' lang='lat' dir='ltr'><strong>degressi</strong></span> <span class='ocrx_word' id='word_1_267' title='bbox 1958 3150 2083 3185; x_wconf 80' lang='lat' dir='ltr'><strong>sunt.</strong></span> 
     </span>
     <span class='ocr_line' id='line_1_36' title="bbox 225 3195 2086 3258; baseline -0.003 -14"><span class='ocrx_word' id='word_1_268' title='bbox 225 3199 484 3258; x_wconf 87' lang='lat' dir='ltr'><strong>copiarum,</strong></span> <span class='ocrx_word' id='word_1_269' title='bbox 531 3214 645 3257; x_wconf 92' lang='lat' dir='ltr'><strong>quae</strong></span> <span class='ocrx_word' id='word_1_270' title='bbox 677 3196 1056 3243; x_wconf 83' lang='lat' dir='ltr'><strong>immitterentur,</strong></span> <span class='ocrx_word' id='word_1_271' title='bbox 1096 3210 1122 3238; x_wconf 84' lang='lat' dir='ltr'><strong>a</strong></span> <span class='ocrx_word' id='word_1_272' title='bbox 1191 3195 1281 3239; x_wconf 89' lang='lat' dir='ltr'><strong>Sed</strong></span> <span class='ocrx_word' id='word_1_273' title='bbox 1313 3197 1611 3251; x_wconf 81' lang='lat' dir='ltr'><strong>degrediendi</strong></span> <span class='ocrx_word' id='word_1_274' title='bbox 1641 3196 1766 3238; x_wconf 87' lang='lat' dir='ltr'><strong>notio</strong></span> <span class='ocrx_word' id='word_1_275' title='bbox 1810 3195 1918 3241; x_wconf 84' lang='lat' dir='ltr'><strong>hinc</strong></span> <span class='ocrx_word' id='word_1_276' title='bbox 1953 3199 2086 3255; x_wconf 71' lang='lat' dir='ltr'><strong>plane</strong></span> 
     </span>
     <span class='ocr_line' id='line_1_37' title="bbox 225 3252 2085 3315; baseline -0.001 -15"><span class='ocrx_word' id='word_1_277' title='bbox 225 3264 313 3315; x_wconf 80' lang='lat' dir='ltr'><strong>qua</strong></span> <span class='ocrx_word' id='word_1_278' title='bbox 335 3256 602 3302; x_wconf 76' lang='lat' dir='ltr'><strong>recensione</strong></span> <span class='ocrx_word' id='word_1_279' title='bbox 634 3254 749 3298; x_wconf 87' lang='lat' dir='ltr'><strong>illud</strong></span> <span class='ocrx_word' id='word_1_280' title='bbox 779 3256 936 3297; x_wconf 70' lang='grc' dir='ltr'><em>αονίιω</em></span> <span class='ocrx_word' id='word_1_281' title='bbox 964 3252 1120 3296; x_wconf 87' lang='lat' dir='ltr'><strong>saltem</strong></span> <span class='ocrx_word' id='word_1_282' title='bbox 1191 3253 1333 3297; x_wconf 83' lang='lat' dir='ltr'><strong>aliena</strong></span> <span class='ocrx_word' id='word_1_283' title='bbox 1365 3261 1445 3296; x_wconf 88' lang='lat' dir='ltr'><strong>est.</strong></span> <span class='ocrx_word' id='word_1_284' title='bbox 1487 3252 1546 3296; x_wconf 87' lang='lat' dir='ltr'><strong>cf.</strong></span> <span class='ocrx_word' id='word_1_285' title='bbox 1583 3259 1679 3295; x_wconf 84' lang='lat' dir='ltr'><strong>not.</strong></span> <span class='ocrx_word' id='word_1_286' title='bbox 1711 3253 1766 3296; x_wconf 84' lang='lat' dir='ltr'><strong>ad</strong></span> <span class='ocrx_word' id='word_1_287' title='bbox 1788 3254 1831 3305; x_wconf 71' lang='lat'><strong>2,</strong></span> <span class='ocrx_word' id='word_1_288' title='bbox 1849 3254 1919 3297; x_wconf 86' lang='lat'><strong>69.</strong></span> <span class='ocrx_word' id='word_1_289' title='bbox 1978 3257 2085 3299; x_wconf 89' lang='lat' dir='ltr'><strong>Non</strong></span> 
     </span>
     <span class='ocr_line' id='line_1_38' title="bbox 224 3310 2084 3365; baseline -0.001 -7"><span class='ocrx_word' id='word_1_290' title='bbox 224 3314 423 3359; x_wconf 83' lang='lat' dir='ltr'><strong>alienum</strong></span> <span class='ocrx_word' id='word_1_291' title='bbox 452 3321 564 3358; x_wconf 81' lang='lat' dir='ltr'><strong>erat.</strong></span> <span class='ocrx_word' id='word_1_292' title='bbox 1191 3311 1392 3365; x_wconf 80' lang='lat' dir='ltr'><strong>digressi</strong></span> <span class='ocrx_word' id='word_1_293' title='bbox 1420 3319 1524 3353; x_wconf 87' lang='lat' dir='ltr'><strong>sunt</strong></span> <span class='ocrx_word' id='word_1_294' title='bbox 1556 3326 1617 3353; x_wconf 85' lang='lat' dir='ltr'><strong>sc.</strong></span> <span class='ocrx_word' id='word_1_295' title='bbox 1641 3310 1695 3352; x_wconf 90' lang='lat' dir='ltr'><strong>ab</strong></span> <span class='ocrx_word' id='word_1_296' title='bbox 1717 3310 1862 3354; x_wconf 81' lang='lat' dir='ltr'><strong>insula</strong></span> <span class='ocrx_word' id='word_1_297' title='bbox 1887 3321 1931 3355; x_wconf 89' lang='lat' dir='ltr'><strong>et</strong></span> <span class='ocrx_word' id='word_1_298' title='bbox 1954 3312 2084 3357; x_wconf 88' lang='lat' dir='ltr'><strong>litore</strong></span> 
     </span>
     <span class='ocr_line' id='line_1_39' title="bbox 286 3366 2088 3426; baseline -0.002 -10"><span class='ocrx_word' id='word_1_299' title='bbox 286 3372 511 3426; x_wconf 76' lang='lat' dir='ltr'><strong>Cethego..</strong></span> <span class='ocrx_word' id='word_1_300' title='bbox 558 3368 674 3412; x_wconf 90' lang='lat' dir='ltr'><strong>Edd.</strong></span> <span class='ocrx_word' id='word_1_301' title='bbox 688 3368 792 3412; x_wconf 86' lang='lat' dir='ltr'><strong>Ber.</strong></span> <span class='ocrx_word' id='word_1_302' title='bbox 807 3367 906 3411; x_wconf 85' lang='lat' dir='ltr'><strong>Alc.</strong></span> <span class='ocrx_word' id='word_1_303' title='bbox 921 3366 1126 3411; x_wconf 82' lang='lat' dir='ltr'><strong>Rhenan.</strong></span> <span class='ocrx_word' id='word_1_304' title='bbox 1197 3367 1468 3425; x_wconf 81' lang='lat' dir='ltr'><strong>Campaniae</strong></span> <span class='ocrx_word' id='word_1_305' title='bbox 1533 3367 1614 3421; x_wconf 81' lang='lat' dir='ltr'><strong>(sie</strong></span> <span class='ocrx_word' id='word_1_306' title='bbox 1668 3368 1934 3423; x_wconf 82' lang='lat' dir='ltr'><strong>entfernten</strong></span> <span class='ocrx_word' id='word_1_307' title='bbox 1991 3372 2088 3413; x_wconf 78' lang='lat' dir='ltr'><strong>sich</strong></span> 
     </span>
     <span class='ocr_line' id='line_1_40' title="bbox 227 3424 2086 3488; baseline -0.003 -16"><span class='ocrx_word' id='word_1_308' title='bbox 227 3429 335 3473; x_wconf 86' lang='lat' dir='ltr'><strong>Ald.</strong></span> <span class='ocrx_word' id='word_1_309' title='bbox 363 3427 544 3488; x_wconf 82' lang='lat' dir='ltr'><strong>Micyll.</strong></span> <span class='ocrx_word' id='word_1_310' title='bbox 585 3427 812 3476; x_wconf 80' lang='lat' dir='ltr'><strong>Cethecio,</strong></span> <span class='ocrx_word' id='word_1_311' title='bbox 854 3424 1127 3470; x_wconf 84' lang='lat' dir='ltr'><strong>vocabulum</strong></span> <span class='ocrx_word' id='word_1_312' title='bbox 1198 3427 1356 3477; x_wconf 77' lang='lat' dir='ltr'><strong>nicht).</strong></span> <span class='ocrx_word' id='word_1_313' title='bbox 1407 3425 1528 3467; x_wconf 88' lang='lat' dir='ltr'><strong>Bene</strong></span> <span class='ocrx_word' id='word_1_314' title='bbox 1549 3424 1682 3481; x_wconf 81' lang='lat' dir='ltr'><strong>igitur</strong></span> <span class='ocrx_word' id='word_1_315' title='bbox 1701 3426 2086 3486; x_wconf 85' lang='lat' dir='ltr'><strong>suadenteVVop-.</strong></span> 
     </span>
     <span class='ocr_line' id='line_1_41' title="bbox 226 3481 2087 3542; baseline -0.001 -12"><span class='ocrx_word' id='word_1_316' title='bbox 226 3485 498 3530; x_wconf 81' lang='lat' dir='ltr'><strong>inauditum.</strong></span> <span class='ocrx_word' id='word_1_317' title='bbox 558 3483 863 3530; x_wconf 86' lang='lat' dir='ltr'><strong>Emendavere</strong></span> <span class='ocrx_word' id='word_1_318' title='bbox 895 3489 1127 3542; x_wconf 78' lang='lat' dir='ltr'><strong>sequentes</strong></span> <span class='ocrx_word' id='word_1_319' title='bbox 1198 3481 1355 3526; x_wconf 80' lang='lat' dir='ltr'><strong>kensio</strong></span> <span class='ocrx_word' id='word_1_320' title='bbox 1396 3482 1637 3540; x_wconf 79' lang='lat' dir='ltr'><strong>Rupertius</strong></span> <span class='ocrx_word' id='word_1_321' title='bbox 1681 3490 1724 3524; x_wconf 89' lang='lat' dir='ltr'><strong>et</strong></span> <span class='ocrx_word' id='word_1_322' title='bbox 1768 3482 2087 3530; x_wconf 64' lang='lat' dir='ltr'><strong>Lilnemannus</strong></span> 
     </span>
     <span class='ocr_line' id='line_1_42' title="bbox 229 3539 2082 3602; baseline -0.002 -13"><span class='ocrx_word' id='word_1_323' title='bbox 229 3544 419 3590; x_wconf 81' lang='lat' dir='ltr'><strong>editores</strong></span> <span class='ocrx_word' id='word_1_324' title='bbox 446 3543 551 3588; x_wconf 85' lang='lat' dir='ltr'><strong>inde</strong></span> <span class='ocrx_word' id='word_1_325' title='bbox 578 3559 602 3587; x_wconf 88' lang='lat' dir='ltr'><strong>a</strong></span> <span class='ocrx_word' id='word_1_326' title='bbox 622 3539 786 3602; x_wconf 84' lang='lat' dir='ltr'><strong>Lipsio.</strong></span> <span class='ocrx_word' id='word_1_327' title='bbox 1199 3547 1398 3587; x_wconf 78' lang='lat' dir='ltr'><strong>veterem</strong></span> <span class='ocrx_word' id='word_1_328' title='bbox 1487 3539 1754 3600; x_wconf 84' lang='lat' dir='ltr'><strong>scripturam</strong></span> <span class='ocrx_word' id='word_1_329' title='bbox 1835 3543 2082 3598; x_wconf 67' lang='lat' dir='ltr'><strong>restituere⁴²</strong></span> 
     </span>
    </p>
   </div>
  </div>
 </body>
</html>
