<?xml version="1.0" encoding="UTF-8"?>
<!DOCTYPE html PUBLIC "-//W3C//DTD XHTML 1.0 Transitional//EN"
    "http://www.w3.org/TR/xhtml1/DTD/xhtml1-transitional.dtd">
<html xmlns="http://www.w3.org/1999/xhtml" xml:lang="en" lang="en">
 <head>
  <title>
</title>
<meta http-equiv="Content-Type" content="text/html;charset=utf-8" />
  <meta name='ocr-system' content='tesseract 3.04.00' />
  <meta name='ocr-capabilities' content='ocr_page ocr_carea ocr_par ocr_line ocrx_word'/>
</head>
<body>
  <div class='ocr_page' id='page_1' title='image "./operarecensuitet01taciuoft/operarecensuitet01taciuoft_0015.png"; bbox 0 0 2222 4030; ppageno 0'>
   <div class='ocr_carea' id='block_1_1' title="bbox 765 206 1995 273">
    <p class='ocr_par' dir='ltr' id='par_1_1' title="bbox 765 206 1995 273">
     <span class='ocr_line' id='line_1_1' title="bbox 765 206 1995 273; baseline -0.002 -2"><span class='ocrx_word' id='word_1_1' title='bbox 765 206 1358 273; x_wconf 85' lang='lat' dir='ltr'><strong>PRAEFATIO.</strong></span> <span class='ocrx_word' id='word_1_2' title='bbox 1923 222 1995 268; x_wconf 80' lang='lat' dir='ltr'>lx</span> 
     </span>
    </p>
   </div>
   <div class='ocr_carea' id='block_1_2' title="bbox 133 334 2089 1790">
    <p class='ocr_par' dir='ltr' id='par_1_2' title="bbox 133 334 2089 1105">
     <span class='ocr_line' id='line_1_2' title="bbox 135 334 2027 419; baseline -0.001 -19"><span class='ocrx_word' id='word_1_3' title='bbox 135 345 269 409; x_wconf 49' lang='lat'>09.</span> <span class='ocrx_word' id='word_1_4' title='bbox 342 341 540 419; x_wconf 86' lang='lat' dir='ltr'>Quam</span> <span class='ocrx_word' id='word_1_5' title='bbox 570 340 915 419; x_wconf 83' lang='lat' dir='ltr'>progeniem</span> <span class='ocrx_word' id='word_1_6' title='bbox 941 334 1221 397; x_wconf 86' lang='lat' dir='ltr'>habuerit</span> <span class='ocrx_word' id='word_1_7' title='bbox 1247 360 1319 398; x_wconf 81' lang='lat' dir='ltr'>ex</span> <span class='ocrx_word' id='word_1_8' title='bbox 1341 360 1411 398; x_wconf 91' lang='lat' dir='ltr'>eo</span> <span class='ocrx_word' id='word_1_9' title='bbox 1438 341 1843 411; x_wconf 88' lang='lat' dir='ltr'>matrimoni0‚</span> <span class='ocrx_word' id='word_1_10' title='bbox 1871 362 1998 398; x_wconf 91' lang='lat' dir='ltr'>non</span> <span class='ocrx_word' id='word_1_11' title='bbox 2021 377 2027 381; x_wconf 83' lang='lat'><em>-</em></span> 
     </span>
     <span class='ocr_line' id='line_1_3' title="bbox 133 423 2000 510; baseline -0.003 -21"><span class='ocrx_word' id='word_1_12' title='bbox 133 431 429 510; x_wconf 87' lang='lat' dir='ltr'><strong>proditur.</strong></span> <span class='ocrx_word' id='word_1_13' title='bbox 513 427 653 486; x_wconf 90' lang='lat' dir='ltr'>Non</span> <span class='ocrx_word' id='word_1_14' title='bbox 684 438 882 484; x_wconf 91' lang='lat' dir='ltr'>tamen</span> <span class='ocrx_word' id='word_1_15' title='bbox 917 425 1047 483; x_wconf 90' lang='lat' dir='ltr'>sine</span> <span class='ocrx_word' id='word_1_16' title='bbox 1083 426 1252 501; x_wconf 93' lang='lat' dir='ltr'>prole</span> <span class='ocrx_word' id='word_1_17' title='bbox 1279 423 1559 484; x_wconf 89' lang='lat' dir='ltr'>Tacitum</span> <span class='ocrx_word' id='word_1_18' title='bbox 1587 437 1860 484; x_wconf 89' lang='lat' dir='ltr'>nostrum</span> <span class='ocrx_word' id='word_1_19' title='bbox 1891 427 2000 483; x_wconf 88' lang='lat' dir='ltr'>de-</span> 
     </span>
     <span class='ocr_line' id='line_1_4' title="bbox 134 509 2001 592; baseline -0.003 -17"><span class='ocrx_word' id='word_1_20' title='bbox 134 517 371 576; x_wconf 85' lang='lat' dir='ltr'>cessisse</span> <span class='ocrx_word' id='word_1_21' title='bbox 415 513 682 592; x_wconf 84' lang='lat' dir='ltr'><strong>plerique</strong></span> <span class='ocrx_word' id='word_1_22' title='bbox 732 511 1128 581; x_wconf 79' lang='lat' dir='ltr'>arbitrantur,</span> <span class='ocrx_word' id='word_1_23' title='bbox 1200 510 1342 588; x_wconf 89' lang='lat' dir='ltr'>quia</span> <span class='ocrx_word' id='word_1_24' title='bbox 1389 509 1633 570; x_wconf 84' lang='lat' dir='ltr'>Tacitus</span> <span class='ocrx_word' id='word_1_25' title='bbox 1677 513 2001 589; x_wconf 87' lang='lat' dir='ltr'>imperator</span> 
     </span>
     <span class='ocr_line' id='line_1_5' title="bbox 135 593 2005 680; baseline -0.004 -19"><span class='ocrx_word' id='word_1_26' title='bbox 135 601 318 680; x_wconf 89' lang='lat' dir='ltr'>(obiit</span> <span class='ocrx_word' id='word_1_27' title='bbox 349 622 447 660; x_wconf 88' lang='lat' dir='ltr'>an.</span> <span class='ocrx_word' id='word_1_28' title='bbox 486 622 542 676; x_wconf 91' lang='lat' dir='ltr'>p.</span> <span class='ocrx_word' id='word_1_29' title='bbox 577 593 721 657; x_wconf 91' lang='lat' dir='ltr'>Chr.</span> <span class='ocrx_word' id='word_1_30' title='bbox 756 594 931 676; x_wconf 75' lang='lat'><strong>276.)</strong></span> <span class='ocrx_word' id='word_1_31' title='bbox 973 615 1110 653; x_wconf 87' lang='lat' dir='ltr'>eum</span> <span class='ocrx_word' id='word_1_32' title='bbox 1153 595 1310 654; x_wconf 89' lang='lat' dir='ltr'>inter</span> <span class='ocrx_word' id='word_1_33' title='bbox 1350 597 1607 654; x_wconf 86' lang='lat' dir='ltr'>maiores</span> <span class='ocrx_word' id='word_1_34' title='bbox 1644 618 1783 655; x_wconf 90' lang='lat' dir='ltr'>suos</span> <span class='ocrx_word' id='word_1_35' title='bbox 1817 597 2005 655; x_wconf 91' lang='lat' dir='ltr'>coluit</span> 
     </span>
     <span class='ocr_line' id='line_1_6' title="bbox 135 677 2004 759; baseline -0.003 -14"><span class='ocrx_word' id='word_1_36' title='bbox 135 697 382 747; x_wconf 85' lang='lat' dir='ltr'>testante</span> <span class='ocrx_word' id='word_1_37' title='bbox 424 683 632 743; x_wconf 88' lang='lat' dir='ltr'>Flavio</span> <span class='ocrx_word' id='word_1_38' title='bbox 685 681 937 758; x_wconf 79' lang='lat' dir='ltr'>Vopisco</span> <span class='ocrx_word' id='word_1_39' title='bbox 987 682 1054 737; x_wconf 93' lang='lat' dir='ltr'>in</span> <span class='ocrx_word' id='word_1_40' title='bbox 1090 677 1285 742; x_wconf 86' lang='lat' dir='ltr'>Tacit.</span> <span class='ocrx_word' id='word_1_41' title='bbox 1330 702 1380 743; x_wconf 87' lang='lat' dir='ltr'>e.</span> <span class='ocrx_word' id='word_1_42' title='bbox 1424 681 1524 741; x_wconf 88' lang='lat'>10.</span> <span class='ocrx_word' id='word_1_43' title='bbox 1634 678 2004 759; x_wconf 81' lang='lat' dir='ltr'>Apollinaris</span> 
     </span>
     <span class='ocr_line' id='line_1_7' title="bbox 137 763 2089 849; baseline -0.002 -19"><span class='ocrx_word' id='word_1_44' title='bbox 137 773 315 830; x_wconf 84' lang='lat' dir='ltr'>etiam</span> <span class='ocrx_word' id='word_1_45' title='bbox 337 770 622 830; x_wconf 89' lang='lat' dir='ltr'>Sidonius</span> <span class='ocrx_word' id='word_1_46' title='bbox 648 765 808 845; x_wconf 88' lang='lat' dir='ltr'><strong>(epp.</strong></span> <span class='ocrx_word' id='word_1_47' title='bbox 833 765 940 837; x_wconf 87' lang='lat' dir='ltr'>IV,</span> <span class='ocrx_word' id='word_1_48' title='bbox 970 763 1100 844; x_wconf 88' lang='grc'>14.)</span> <span class='ocrx_word' id='word_1_49' title='bbox 1136 767 1448 842; x_wconf 85' lang='lat' dir='ltr'>epistolam</span> <span class='ocrx_word' id='word_1_50' title='bbox 1478 766 1712 844; x_wconf 84' lang='lat' dir='ltr'>scripsit</span> <span class='ocrx_word' id='word_1_51' title='bbox 1730 766 2002 826; x_wconf 80' lang='lat' dir='ltr'>Polemio</span> <span class='ocrx_word' id='word_1_52' title='bbox 2085 845 2089 849; x_wconf 75' lang='lat'>.</span> 
     </span>
     <span class='ocr_line' id='line_1_8' title="bbox 137 849 2006 926; baseline -0.002 -11"><span class='ocrx_word' id='word_1_53' title='bbox 137 858 407 926; x_wconf 86' lang='lat' dir='ltr'>cuidam,</span> <span class='ocrx_word' id='word_1_54' title='bbox 450 857 606 912; x_wconf 88' lang='lat' dir='ltr'>inter</span> <span class='ocrx_word' id='word_1_55' title='bbox 633 854 799 911; x_wconf 90' lang='lat' dir='ltr'>cuius</span> <span class='ocrx_word' id='word_1_56' title='bbox 824 852 1077 911; x_wconf 90' lang='lat' dir='ltr'>maiores</span> <span class='ocrx_word' id='word_1_57' title='bbox 1105 850 1386 910; x_wconf 88' lang='lat' dir='ltr'>Tacitum</span> <span class='ocrx_word' id='word_1_58' title='bbox 1411 853 1701 912; x_wconf 89' lang='lat' dir='ltr'>nominat.</span> <span class='ocrx_word' id='word_1_59' title='bbox 1787 849 2006 912; x_wconf 90' lang='lat' dir='ltr'>AtTa-</span> 
     </span>
     <span class='ocr_line' id='line_1_9' title="bbox 139 937 2010 1019; baseline -0.002 -19"><span class='ocrx_word' id='word_1_60' title='bbox 139 943 240 1001; x_wconf 82' lang='lat' dir='ltr'>citi</span> <span class='ocrx_word' id='word_1_61' title='bbox 285 940 656 1019; x_wconf 85' lang='lat' dir='ltr'>imperatoris</span> <span class='ocrx_word' id='word_1_62' title='bbox 698 950 903 997; x_wconf 87' lang='lat' dir='ltr'>atavus</span> <span class='ocrx_word' id='word_1_63' title='bbox 945 937 1143 1014; x_wconf 91' lang='lat' dir='ltr'>potuit</span> <span class='ocrx_word' id='word_1_64' title='bbox 1179 958 1302 995; x_wconf 82' lang='lat' dir='ltr'>esse</span> <span class='ocrx_word' id='word_1_65' title='bbox 1338 951 1586 1016; x_wconf 89' lang='lat' dir='ltr'>patruus</span> <span class='ocrx_word' id='word_1_66' title='bbox 1629 939 1820 997; x_wconf 84' lang='lat' dir='ltr'>nostri</span> <span class='ocrx_word' id='word_1_67' title='bbox 1862 939 2010 997; x_wconf 86' lang='lat' dir='ltr'>scri-</span> 
     </span>
     <span class='ocr_line' id='line_1_10' title="bbox 139 1027 348 1105; baseline 0.005 -18"><span class='ocrx_word' id='word_1_68' title='bbox 139 1027 348 1105; x_wconf 88' lang='lat' dir='ltr'>ptoris.</span> 
     </span>
    </p>

    <p class='ocr_par' dir='ltr' id='par_1_3' title="bbox 138 1106 2020 1790">
     <span class='ocr_line' id='line_1_11' title="bbox 311 1106 2009 1190; baseline -0.002 -18"><span class='ocrx_word' id='word_1_69' title='bbox 311 1112 366 1190; x_wconf 64' lang='grc' dir='ltr'>ἓ.</span> <span class='ocrx_word' id='word_1_70' title='bbox 402 1110 463 1174; x_wconf 88' lang='grc'>7.</span> <span class='ocrx_word' id='word_1_71' title='bbox 517 1107 621 1168; x_wconf 81' lang='lat' dir='ltr'>De</span> <span class='ocrx_word' id='word_1_72' title='bbox 657 1106 998 1171; x_wconf 79' lang='lat' dir='ltr'>honoribus</span> <span class='ocrx_word' id='word_1_73' title='bbox 1034 1106 1262 1170; x_wconf 80' lang='lat' dir='ltr'>Taciti.</span> <span class='ocrx_word' id='word_1_74' title='bbox 1378 1108 1774 1185; x_wconf 82' lang='lat' dir='ltr'>Quaesturam</span> <span class='ocrx_word' id='word_1_75' title='bbox 1827 1111 2009 1187; x_wconf 90' lang='lat' dir='ltr'>paulo</span> 
     </span>
     <span class='ocr_line' id='line_1_12' title="bbox 138 1196 2014 1275; baseline -0.002 -20"><span class='ocrx_word' id='word_1_76' title='bbox 138 1210 271 1275; x_wconf 88' lang='lat' dir='ltr'>post</span> <span class='ocrx_word' id='word_1_77' title='bbox 297 1198 516 1254; x_wconf 86' lang='lat' dir='ltr'>initum</span> <span class='ocrx_word' id='word_1_78' title='bbox 538 1200 990 1258; x_wconf 87' lang='lat' dir='ltr'>matrimonium</span> <span class='ocrx_word' id='word_1_79' title='bbox 1012 1220 1047 1258; x_wconf 89' lang='lat' dir='ltr'>a</span> <span class='ocrx_word' id='word_1_80' title='bbox 1074 1196 1283 1256; x_wconf 89' lang='lat' dir='ltr'>Tacito</span> <span class='ocrx_word' id='word_1_81' title='bbox 1310 1210 1538 1274; x_wconf 90' lang='lat' dir='ltr'>captam</span> <span class='ocrx_word' id='word_1_82' title='bbox 1563 1217 1729 1267; x_wconf 87' lang='lat' dir='ltr'>reor,</span> <span class='ocrx_word' id='word_1_83' title='bbox 1771 1207 1839 1254; x_wconf 87' lang='lat' dir='ltr'>ut</span> <span class='ocrx_word' id='word_1_84' title='bbox 1862 1207 2014 1255; x_wconf 88' lang='lat' dir='ltr'>tem-</span> 
     </span>
     <span class='ocr_line' id='line_1_13' title="bbox 138 1277 2015 1360; baseline 0.001 -19"><span class='ocrx_word' id='word_1_85' title='bbox 138 1304 356 1360; x_wconf 88' lang='lat' dir='ltr'>porum</span> <span class='ocrx_word' id='word_1_86' title='bbox 425 1282 576 1339; x_wconf 89' lang='lat' dir='ltr'>ratio</span> <span class='ocrx_word' id='word_1_87' title='bbox 632 1284 784 1341; x_wconf 89' lang='lat' dir='ltr'>bene</span> <span class='ocrx_word' id='word_1_88' title='bbox 833 1296 1078 1345; x_wconf 89' lang='lat' dir='ltr'>constet.</span> <span class='ocrx_word' id='word_1_89' title='bbox 1185 1282 1341 1341; x_wconf 91' lang='lat' dir='ltr'>Nam</span> <span class='ocrx_word' id='word_1_90' title='bbox 1396 1283 1522 1359; x_wconf 89' lang='lat' dir='ltr'>ipse</span> <span class='ocrx_word' id='word_1_91' title='bbox 1575 1283 1782 1341; x_wconf 87' lang='lat' dir='ltr'>scribit</span> <span class='ocrx_word' id='word_1_92' title='bbox 1829 1277 2015 1359; x_wconf 88' lang='lat' dir='ltr'>(Hist.</span> 
     </span>
     <span class='ocr_line' id='line_1_14' title="bbox 140 1364 2016 1447; baseline 0 -22"><span class='ocrx_word' id='word_1_93' title='bbox 140 1364 188 1438; x_wconf 75' lang='grc' dir='ltr'>Ι,</span> <span class='ocrx_word' id='word_1_94' title='bbox 231 1366 314 1447; x_wconf 89' lang='grc'>1.)</span> <span class='ocrx_word' id='word_1_95' title='bbox 363 1368 714 1441; x_wconf 86' lang='lat' dir='ltr'>dignitatem</span> <span class='ocrx_word' id='word_1_96' title='bbox 766 1390 931 1426; x_wconf 88' lang='lat' dir='ltr'>suam</span> <span class='ocrx_word' id='word_1_97' title='bbox 974 1391 1006 1426; x_wconf 89' lang='lat' dir='ltr'>a</span> <span class='ocrx_word' id='word_1_98' title='bbox 1043 1368 1409 1443; x_wconf 82' lang='lat' dir='ltr'>Vespasiano</span> <span class='ocrx_word' id='word_1_99' title='bbox 1447 1364 1787 1426; x_wconf 87' lang='lat' dir='ltr'>inchoatam</span> <span class='ocrx_word' id='word_1_100' title='bbox 1825 1387 2016 1446; x_wconf 87' lang='lat' dir='ltr'>neque</span> 
     </span>
     <span class='ocr_line' id='line_1_15' title="bbox 140 1454 2017 1531; baseline 0.001 -22"><span class='ocrx_word' id='word_1_101' title='bbox 140 1474 283 1511; x_wconf 76' lang='lat' dir='ltr'>vero</span> <span class='ocrx_word' id='word_1_102' title='bbox 306 1463 540 1511; x_wconf 86' lang='lat' dir='ltr'>auctam</span> <span class='ocrx_word' id='word_1_103' title='bbox 574 1455 649 1511; x_wconf 90' lang='lat' dir='ltr'>ab</span> <span class='ocrx_word' id='word_1_104' title='bbox 682 1458 920 1524; x_wconf 88' lang='lat' dir='ltr'>eodem,</span> <span class='ocrx_word' id='word_1_105' title='bbox 964 1456 1066 1512; x_wconf 92' lang='lat' dir='ltr'>sed</span> <span class='ocrx_word' id='word_1_106' title='bbox 1093 1475 1128 1511; x_wconf 90' lang='lat' dir='ltr'>a</span> <span class='ocrx_word' id='word_1_107' title='bbox 1153 1454 1321 1512; x_wconf 92' lang='lat' dir='ltr'>Tito:</span> <span class='ocrx_word' id='word_1_108' title='bbox 1367 1455 1508 1512; x_wconf 90' lang='lat' dir='ltr'>inde</span> <span class='ocrx_word' id='word_1_109' title='bbox 1541 1467 1702 1531; x_wconf 90' lang='lat' dir='ltr'>patet</span> <span class='ocrx_word' id='word_1_110' title='bbox 1737 1465 2017 1531; x_wconf 82' lang='lat' dir='ltr'>quaestu-</span> 
     </span>
     <span class='ocr_line' id='line_1_16' title="bbox 142 1539 2020 1617; baseline 0 -21"><span class='ocrx_word' id='word_1_111' title='bbox 142 1559 271 1596; x_wconf 90' lang='lat' dir='ltr'>ram</span> <span class='ocrx_word' id='word_1_112' title='bbox 306 1549 539 1598; x_wconf 90' lang='lat' dir='ltr'>tantum</span> <span class='ocrx_word' id='word_1_113' title='bbox 578 1561 613 1597; x_wconf 93' lang='lat' dir='ltr'>a</span> <span class='ocrx_word' id='word_1_114' title='bbox 645 1539 1010 1617; x_wconf 77' lang='lat' dir='ltr'>Vespasiano</span> <span class='ocrx_word' id='word_1_115' title='bbox 1048 1540 1102 1597; x_wconf 92' lang='lat' dir='ltr'>ei</span> <span class='ocrx_word' id='word_1_116' title='bbox 1137 1540 1481 1615; x_wconf 76' lang='lat' dir='ltr'>contIgisse‚</span> <span class='ocrx_word' id='word_1_117' title='bbox 1524 1541 1889 1608; x_wconf 87' lang='lat' dir='ltr'>aedilitatem</span> <span class='ocrx_word' id='word_1_118' title='bbox 1924 1541 2020 1597; x_wconf 80' lang='lat' dir='ltr'>vel</span> 
     </span>
     <span class='ocr_line' id='line_1_17' title="bbox 143 1621 2018 1686; baseline 0 -3"><span class='ocrx_word' id='word_1_119' title='bbox 143 1624 519 1683; x_wconf 88' lang='lat' dir='ltr'>tribunatum</span> <span class='ocrx_word' id='word_1_120' title='bbox 570 1646 606 1683; x_wconf 88' lang='lat' dir='ltr'>a</span> <span class='ocrx_word' id='word_1_121' title='bbox 650 1624 811 1686; x_wconf 84' lang='lat' dir='ltr'>Tito.</span> <span class='ocrx_word' id='word_1_122' title='bbox 923 1626 1232 1684; x_wconf 88' lang='lat' dir='ltr'>Secundos</span> <span class='ocrx_word' id='word_1_123' title='bbox 1279 1638 1479 1684; x_wconf 89' lang='lat' dir='ltr'>autem</span> <span class='ocrx_word' id='word_1_124' title='bbox 1535 1621 1712 1684; x_wconf 88' lang='lat' dir='ltr'>hosce</span> <span class='ocrx_word' id='word_1_125' title='bbox 1758 1622 2018 1684; x_wconf 89' lang='lat' dir='ltr'>honores</span> 
     </span>
     <span class='ocr_line' id='line_1_18' title="bbox 144 1711 2020 1790; baseline 0.001 -24"><span class='ocrx_word' id='word_1_126' title='bbox 144 1711 496 1787; x_wconf 89' lang='lat' dir='ltr'>plerumque</span> <span class='ocrx_word' id='word_1_127' title='bbox 530 1732 655 1769; x_wconf 90' lang='lat' dir='ltr'>uno</span> <span class='ocrx_word' id='word_1_128' title='bbox 689 1713 787 1770; x_wconf 82' lang='lat' dir='ltr'>vel</span> <span class='ocrx_word' id='word_1_129' title='bbox 815 1713 1052 1770; x_wconf 83' lang='lat' dir='ltr'>duobus</span> <span class='ocrx_word' id='word_1_130' title='bbox 1079 1713 1252 1768; x_wconf 87' lang='lat' dir='ltr'>annis</span> <span class='ocrx_word' id='word_1_131' title='bbox 1283 1711 1649 1786; x_wconf 90' lang='lat' dir='ltr'>interpositis</span> <span class='ocrx_word' id='word_1_132' title='bbox 1677 1723 1812 1787; x_wconf 87' lang='lat' dir='ltr'>post</span> <span class='ocrx_word' id='word_1_133' title='bbox 1836 1731 2020 1790; x_wconf 90' lang='lat' dir='ltr'>quae-</span> 
     </span>
    </p>
   </div>
   <div class='ocr_carea' id='block_1_3' title="bbox 144 1794 2214 1873">
    <p class='ocr_par' dir='ltr' id='par_1_4' title="bbox 144 1794 2214 1873">
     <span class='ocr_line' id='line_1_19' title="bbox 144 1794 2214 1873; baseline 0.001 -21"><span class='ocrx_word' id='word_1_134' title='bbox 144 1807 370 1854; x_wconf 88' lang='lat' dir='ltr'>sturam</span> <span class='ocrx_word' id='word_1_135' title='bbox 399 1796 532 1870; x_wconf 89' lang='lat' dir='ltr'>capi</span> <span class='ocrx_word' id='word_1_136' title='bbox 554 1797 758 1855; x_wconf 89' lang='lat' dir='ltr'>solitos</span> <span class='ocrx_word' id='word_1_137' title='bbox 784 1810 1040 1872; x_wconf 88' lang='lat' dir='ltr'>arguunt</span> <span class='ocrx_word' id='word_1_138' title='bbox 1062 1797 1344 1872; x_wconf 86' lang='lat' dir='ltr'>exempla.</span> <span class='ocrx_word' id='word_1_139' title='bbox 1430 1798 1528 1856; x_wconf 85' lang='lat' dir='ltr'>Sic</span> <span class='ocrx_word' id='word_1_140' title='bbox 1549 1794 1831 1871; x_wconf 84' lang='lat' dir='ltr'>Agricola</span> <span class='ocrx_word' id='word_1_141' title='bbox 1858 1808 2025 1873; x_wconf 88' lang='lat' dir='ltr'>post-</span> <span class='ocrx_word' id='word_1_142' title='bbox 2127 1797 2147 1802; x_wconf 64' lang='grc'><em>”</em></span> <span class='ocrx_word' id='word_1_143' title='bbox 2208 1805 2214 1813; x_wconf 90' lang='grc'><em>’</em></span> 
     </span>
    </p>
   </div>
   <div class='ocr_carea' id='block_1_4' title="bbox 146 1879 2074 3595">
    <p class='ocr_par' dir='ltr' id='par_1_5' title="bbox 146 1879 2032 2554">
     <span class='ocr_line' id='line_1_20' title="bbox 146 1879 2025 1962; baseline 0.004 -27"><span class='ocrx_word' id='word_1_144' title='bbox 146 1900 328 1958; x_wconf 89' lang='lat' dir='ltr'>quam</span> <span class='ocrx_word' id='word_1_145' title='bbox 355 1898 515 1937; x_wconf 89' lang='lat' dir='ltr'>anno</span> <span class='ocrx_word' id='word_1_146' title='bbox 542 1881 676 1941; x_wconf 89' lang='lat' dir='ltr'>urb.</span> <span class='ocrx_word' id='word_1_147' title='bbox 703 1881 849 1944; x_wconf 86' lang='lat'><strong>816.</strong></span> <span class='ocrx_word' id='word_1_148' title='bbox 874 1895 1151 1960; x_wconf 79' lang='lat' dir='ltr'>&#39;quaestor</span> <span class='ocrx_word' id='word_1_149' title='bbox 1174 1883 1398 1952; x_wconf 82' lang='lat' dir='ltr'>fuerat,</span> <span class='ocrx_word' id='word_1_150' title='bbox 1439 1903 1536 1943; x_wconf 88' lang='lat' dir='ltr'>an.</span> <span class='ocrx_word' id='word_1_151' title='bbox 1566 1879 1714 1943; x_wconf 84' lang='lat'><strong>818.</strong></span> <span class='ocrx_word' id='word_1_152' title='bbox 1745 1882 2025 1962; x_wconf 53' lang='lat' dir='ltr'>tribunus</span> 
     </span>
     <span class='ocr_line' id='line_1_21' title="bbox 147 1964 2025 2042; baseline 0.002 -20"><span class='ocrx_word' id='word_1_153' title='bbox 147 1966 335 2022; x_wconf 86' lang='lat' dir='ltr'>sactus</span> <span class='ocrx_word' id='word_1_154' title='bbox 364 1975 464 2025; x_wconf 89' lang='lat' dir='ltr'>est.</span> <span class='ocrx_word' id='word_1_155' title='bbox 532 1966 605 2026; x_wconf 90' lang='lat' dir='ltr'>cf.</span> <span class='ocrx_word' id='word_1_156' title='bbox 635 1964 828 2027; x_wconf 90' lang='lat' dir='ltr'>Tacit.</span> <span class='ocrx_word' id='word_1_157' title='bbox 854 1964 1000 2042; x_wconf 86' lang='lat' dir='ltr'>Agr.</span> <span class='ocrx_word' id='word_1_158' title='bbox 1033 1990 1081 2029; x_wconf 95' lang='lat' dir='ltr'>c.</span> <span class='ocrx_word' id='word_1_159' title='bbox 1108 1966 1168 2028; x_wconf 89' lang='grc'>6.</span> <span class='ocrx_word' id='word_1_160' title='bbox 1257 1965 1384 2025; x_wconf 91' lang='lat' dir='ltr'>Iam</span> <span class='ocrx_word' id='word_1_161' title='bbox 1409 1988 1535 2025; x_wconf 90' lang='lat' dir='ltr'>non</span> <span class='ocrx_word' id='word_1_162' title='bbox 1562 1979 1649 2025; x_wconf 89' lang='lat' dir='ltr'>est</span> <span class='ocrx_word' id='word_1_163' title='bbox 1671 1988 1876 2038; x_wconf 90' lang='lat' dir='ltr'>causa,</span> <span class='ocrx_word' id='word_1_164' title='bbox 1919 1989 2025 2035; x_wconf 77' lang='lat' dir='ltr'>cur</span> 
     </span>
     <span class='ocr_line' id='line_1_22' title="bbox 152 2050 2023 2131; baseline 0.001 -23"><span class='ocrx_word' id='word_1_165' title='bbox 152 2050 432 2108; x_wconf 90' lang='lat' dir='ltr'>Tacitum</span> <span class='ocrx_word' id='word_1_166' title='bbox 478 2050 756 2108; x_wconf 84' lang='lat' dir='ltr'>iuvenem</span> <span class='ocrx_word' id='word_1_167' title='bbox 801 2053 956 2110; x_wconf 88' lang='lat' dir='ltr'>fama</span> <span class='ocrx_word' id='word_1_168' title='bbox 996 2053 1303 2130; x_wconf 83' lang='lat' dir='ltr'>gloriaque</span> <span class='ocrx_word' id='word_1_169' title='bbox 1345 2053 1657 2111; x_wconf 89' lang='lat' dir='ltr'>florentem</span> <span class='ocrx_word' id='word_1_170' title='bbox 1698 2053 2023 2131; x_wconf 90' lang='lat' dir='ltr'>domuique</span> 
     </span>
     <span class='ocr_line' id='line_1_23' title="bbox 150 2137 2027 2217; baseline 0.002 -24"><span class='ocrx_word' id='word_1_171' title='bbox 150 2137 499 2213; x_wconf 86' lang='lat' dir='ltr'>praecipuae</span> <span class='ocrx_word' id='word_1_172' title='bbox 553 2137 860 2211; x_wconf 89' lang='lat' dir='ltr'>dignitatis</span> <span class='ocrx_word' id='word_1_173' title='bbox 905 2139 1214 2197; x_wconf 88' lang='lat' dir='ltr'>connubio</span> <span class='ocrx_word' id='word_1_174' title='bbox 1258 2140 1553 2197; x_wconf 86' lang='lat' dir='ltr'>adnexum</span> <span class='ocrx_word' id='word_1_175' title='bbox 1593 2159 1662 2196; x_wconf 84' lang='lat' dir='ltr'>ex</span> <span class='ocrx_word' id='word_1_176' title='bbox 1713 2151 2027 2217; x_wconf 86' lang='lat' dir='ltr'>quaestura</span> 
     </span>
     <span class='ocr_line' id='line_1_24' title="bbox 153 2220 2030 2301; baseline 0.002 -21"><span class='ocrx_word' id='word_1_177' title='bbox 153 2234 271 2280; x_wconf 91' lang='lat' dir='ltr'>tres</span> <span class='ocrx_word' id='word_1_178' title='bbox 308 2233 660 2301; x_wconf 87' lang='lat' dir='ltr'>quattuorve</span> <span class='ocrx_word' id='word_1_179' title='bbox 696 2244 887 2288; x_wconf 87' lang='lat' dir='ltr'>annos</span> <span class='ocrx_word' id='word_1_180' title='bbox 914 2225 1159 2287; x_wconf 88' lang='lat' dir='ltr'>alterius</span> <span class='ocrx_word' id='word_1_181' title='bbox 1187 2220 1438 2282; x_wconf 89' lang='lat' dir='ltr'>honoris</span> <span class='ocrx_word' id='word_1_182' title='bbox 1466 2226 1895 2300; x_wconf 86' lang='lat' dir='ltr'>exspectatione</span> <span class='ocrx_word' id='word_1_183' title='bbox 1923 2227 2030 2283; x_wconf 90' lang='lat' dir='ltr'>de-</span> 
     </span>
     <span class='ocr_line' id='line_1_25' title="bbox 154 2310 2031 2389; baseline 0.002 -25"><span class='ocrx_word' id='word_1_184' title='bbox 154 2317 387 2368; x_wconf 87' lang='lat' dir='ltr'>tentum</span> <span class='ocrx_word' id='word_1_185' title='bbox 427 2319 717 2385; x_wconf 80' lang='lat' dir='ltr'>putemuS.</span> <span class='ocrx_word' id='word_1_186' title='bbox 829 2310 1034 2385; x_wconf 83' lang='lat' dir='ltr'>Quare</span> <span class='ocrx_word' id='word_1_187' title='bbox 1071 2311 1457 2368; x_wconf 87' lang='lat' dir='ltr'>coniiciemus</span> <span class='ocrx_word' id='word_1_188' title='bbox 1495 2316 1873 2389; x_wconf 81' lang='lat' dir='ltr'>quaesturam</span> <span class='ocrx_word' id='word_1_189' title='bbox 1911 2312 2031 2370; x_wconf 89' lang='lat' dir='ltr'>viri</span> 
     </span>
     <span class='ocr_line' id='line_1_26' title="bbox 155 2393 2032 2475; baseline 0.002 -25"><span class='ocrx_word' id='word_1_190' title='bbox 155 2394 363 2450; x_wconf 87' lang='lat' dir='ltr'>cadere</span> <span class='ocrx_word' id='word_1_191' title='bbox 396 2393 552 2452; x_wconf 89' lang='lat' dir='ltr'>inter</span> <span class='ocrx_word' id='word_1_192' title='bbox 592 2415 781 2453; x_wconf 89' lang='lat' dir='ltr'>annos</span> <span class='ocrx_word' id='word_1_193' title='bbox 816 2398 948 2459; x_wconf 85' lang='lat' dir='ltr'>urb.</span> <span class='ocrx_word' id='word_1_194' title='bbox 978 2396 1642 2475; x_wconf 39' lang='lat' dir='ltr'>830—83220iusque</span> <span class='ocrx_word' id='word_1_195' title='bbox 1682 2398 2032 2472; x_wconf 88' lang='lat' dir='ltr'>dignitatem</span> 
     </span>
     <span class='ocr_line' id='line_1_27' title="bbox 157 2477 1596 2554; baseline 0.006 -19"><span class='ocrx_word' id='word_1_196' title='bbox 157 2496 191 2535; x_wconf 88' lang='lat' dir='ltr'>a</span> <span class='ocrx_word' id='word_1_197' title='bbox 218 2477 358 2537; x_wconf 83' lang='lat' dir='ltr'>Tito</span> <span class='ocrx_word' id='word_1_198' title='bbox 388 2491 617 2537; x_wconf 84' lang='lat' dir='ltr'>auctam</span> <span class='ocrx_word' id='word_1_199' title='bbox 652 2502 773 2539; x_wconf 84' lang='lat' dir='ltr'>esse</span> <span class='ocrx_word' id='word_1_200' title='bbox 798 2502 891 2542; x_wconf 88' lang='lat' dir='ltr'>an.</span> <span class='ocrx_word' id='word_1_201' title='bbox 915 2505 977 2544; x_wconf 84' lang='lat'>11.</span> <span class='ocrx_word' id='word_1_202' title='bbox 1009 2482 1155 2542; x_wconf 83' lang='lat'><strong>833.</strong></span> <span class='ocrx_word' id='word_1_203' title='bbox 1179 2483 1275 2539; x_wconf 89' lang='lat' dir='ltr'>vel</span> <span class='ocrx_word' id='word_1_204' title='bbox 1306 2480 1453 2544; x_wconf 84' lang='lat'><strong>834.</strong></span> <span class='ocrx_word' id='word_1_205' title='bbox 1588 2541 1596 2554; x_wconf 86' lang='grc'><strong><em>,</em></strong></span> 
     </span>
    </p>

    <p class='ocr_par' dir='ltr' id='par_1_6' title="bbox 157 2563 2074 3057">
     <span class='ocr_line' id='line_1_28' title="bbox 326 2563 2074 2646; baseline 0.003 -24"><span class='ocrx_word' id='word_1_206' title='bbox 326 2563 610 2623; x_wconf 86' lang='lat' dir='ltr'>Praetura</span> <span class='ocrx_word' id='word_1_207' title='bbox 632 2567 992 2642; x_wconf 87' lang='lat' dir='ltr'>fungebatur</span> <span class='ocrx_word' id='word_1_208' title='bbox 1018 2589 1087 2626; x_wconf 94' lang='lat' dir='ltr'>eo</span> <span class='ocrx_word' id='word_1_209' title='bbox 1117 2588 1309 2638; x_wconf 89' lang='lat' dir='ltr'>ann0,</span> <span class='ocrx_word' id='word_1_210' title='bbox 1351 2589 1471 2646; x_wconf 92' lang='lat' dir='ltr'>quo</span> <span class='ocrx_word' id='word_1_211' title='bbox 1498 2568 1882 2628; x_wconf 85' lang='lat' dir='ltr'>Domitianus</span> <span class='ocrx_word' id='word_1_212' title='bbox 1917 2570 2036 2627; x_wconf 91' lang='lat' dir='ltr'>im-</span> <span class='ocrx_word' id='word_1_213' title='bbox 2066 2582 2074 2594; x_wconf 84' lang='lat'><em>‘</em></span> 
     </span>
     <span class='ocr_line' id='line_1_29' title="bbox 157 2650 2034 2732; baseline 0.004 -26"><span class='ocrx_word' id='word_1_214' title='bbox 157 2661 396 2727; x_wconf 89' lang='lat' dir='ltr'>perator</span> <span class='ocrx_word' id='word_1_215' title='bbox 419 2650 593 2710; x_wconf 89' lang='lat' dir='ltr'>ludos</span> <span class='ocrx_word' id='word_1_216' title='bbox 623 2656 950 2712; x_wconf 89' lang='lat' dir='ltr'>saeculares</span> <span class='ocrx_word' id='word_1_217' title='bbox 975 2654 1162 2712; x_wconf 84' lang='lat' dir='ltr'>edidit</span> <span class='ocrx_word' id='word_1_218' title='bbox 1180 2700 1198 2725; x_wconf 90' lang='lat'>,</span> <span class='ocrx_word' id='word_1_219' title='bbox 1242 2655 1434 2732; x_wconf 90' lang='lat' dir='ltr'>iisque</span> <span class='ocrx_word' id='word_1_220' title='bbox 1462 2654 1626 2712; x_wconf 90' lang='lat' dir='ltr'>ludis</span> <span class='ocrx_word' id='word_1_221' title='bbox 1651 2667 1793 2719; x_wconf 88' lang='lat' dir='ltr'>tuuc</span> <span class='ocrx_word' id='word_1_222' title='bbox 1817 2654 2034 2714; x_wconf 82' lang='lat' dir='ltr'>Noster</span> 
     </span>
     <span class='ocr_line' id='line_1_30' title="bbox 157 2736 2070 2817; baseline 0.004 -24"><span class='ocrx_word' id='word_1_223' title='bbox 157 2736 347 2794; x_wconf 88' lang='lat' dir='ltr'>adsuit</span> <span class='ocrx_word' id='word_1_224' title='bbox 397 2738 723 2797; x_wconf 90' lang='lat' dir='ltr'>sacerdotio</span> <span class='ocrx_word' id='word_1_225' title='bbox 778 2740 1298 2817; x_wconf 85' lang='lat' dir='ltr'>quindecimvirali</span> <span class='ocrx_word' id='word_1_226' title='bbox 1347 2740 1667 2815; x_wconf 81' lang='lat' dir='ltr'>praedituS.</span> <span class='ocrx_word' id='word_1_227' title='bbox 1768 2741 1838 2801; x_wconf 82' lang='lat' dir='ltr'>cf.</span> <span class='ocrx_word' id='word_1_228' title='bbox 1890 2739 2070 2801; x_wconf 83' lang='lat' dir='ltr'>Tac.&#39;</span> 
     </span>
     <span class='ocr_line' id='line_1_31' title="bbox 158 2819 2035 2904; baseline 0.002 -25"><span class='ocrx_word' id='word_1_229' title='bbox 158 2819 322 2881; x_wconf 84' lang='lat' dir='ltr'>Anu.</span> <span class='ocrx_word' id='word_1_230' title='bbox 349 2819 455 2892; x_wconf 91' lang='lat' dir='ltr'>XI,</span> <span class='ocrx_word' id='word_1_231' title='bbox 487 2822 584 2883; x_wconf 90' lang='grc'>11.</span> <span class='ocrx_word' id='word_1_232' title='bbox 668 2821 879 2884; x_wconf 88' lang='lat' dir='ltr'>Edidit</span> <span class='ocrx_word' id='word_1_233' title='bbox 904 2838 1101 2885; x_wconf 89' lang='lat' dir='ltr'>autem</span> <span class='ocrx_word' id='word_1_234' title='bbox 1119 2823 1500 2885; x_wconf 87' lang='lat' dir='ltr'>Domitianus</span> <span class='ocrx_word' id='word_1_235' title='bbox 1527 2846 1685 2884; x_wconf 92' lang='lat' dir='ltr'>anno</span> <span class='ocrx_word' id='word_1_236' title='bbox 1704 2872 1721 2898; x_wconf 89' lang='lat'>‚</span> <span class='ocrx_word' id='word_1_237' title='bbox 1764 2847 1883 2904; x_wconf 91' lang='lat' dir='ltr'>quo</span> <span class='ocrx_word' id='word_1_238' title='bbox 1910 2827 2035 2903; x_wconf 89' lang='lat' dir='ltr'>ipse</span> 
     </span>
     <span class='ocr_line' id='line_1_32' title="bbox 161 2906 2035 2975; baseline 0.007 -14"><span class='ocrx_word' id='word_1_239' title='bbox 161 2906 371 2963; x_wconf 88' lang='lat' dir='ltr'>consul</span> <span class='ocrx_word' id='word_1_240' title='bbox 412 2920 538 2964; x_wconf 84' lang='lat' dir='ltr'>erat</span> <span class='ocrx_word' id='word_1_241' title='bbox 577 2907 746 2969; x_wconf 84' lang='lat' dir='ltr'>XIII.</span> <span class='ocrx_word' id='word_1_242' title='bbox 787 2932 923 2967; x_wconf 90' lang='lat' dir='ltr'>cum</span> <span class='ocrx_word' id='word_1_243' title='bbox 959 2910 1029 2971; x_wconf 94' lang='lat' dir='ltr'>L.</span> <span class='ocrx_word' id='word_1_244' title='bbox 1058 2909 1332 2967; x_wconf 88' lang='lat' dir='ltr'>Minucio</span> <span class='ocrx_word' id='word_1_245' title='bbox 1369 2907 1534 2970; x_wconf 81' lang='lat' dir='ltr'>Rufo</span> <span class='ocrx_word' id='word_1_246' title='bbox 1573 2907 1633 2972; x_wconf 91' lang='lat' dir='ltr'>h.</span> <span class='ocrx_word' id='word_1_247' title='bbox 1677 2933 1727 2973; x_wconf 91' lang='lat' dir='ltr'>e.</span> <span class='ocrx_word' id='word_1_248' title='bbox 1763 2933 1859 2975; x_wconf 91' lang='lat' dir='ltr'>an.</span> <span class='ocrx_word' id='word_1_249' title='bbox 1903 2914 2035 2974; x_wconf 90' lang='lat' dir='ltr'>urb.</span> 
     </span>
     <span class='ocr_line' id='line_1_33' title="bbox 162 2990 1540 3057; baseline 0.001 -8"><span class='ocrx_word' id='word_1_250' title='bbox 162 2990 309 3051; x_wconf 81' lang='lat'><strong>841.</strong></span> <span class='ocrx_word' id='word_1_251' title='bbox 393 2993 464 3051; x_wconf 86' lang='lat' dir='ltr'>cs.</span> <span class='ocrx_word' id='word_1_252' title='bbox 495 2990 806 3054; x_wconf 88' lang='lat' dir='ltr'>Censorin.</span> <span class='ocrx_word' id='word_1_253' title='bbox 844 3016 892 3055; x_wconf 88' lang='lat' dir='ltr'>c.</span> <span class='ocrx_word' id='word_1_254' title='bbox 927 2994 1024 3057; x_wconf 87' lang='lat'>17.</span> <span class='ocrx_word' id='word_1_255' title='bbox 1537 3046 1540 3051; x_wconf 88' lang='lat'>.</span> 
     </span>
    </p>

    <p class='ocr_par' dir='ltr' id='par_1_7' title="bbox 163 3075 2044 3595">
     <span class='ocr_line' id='line_1_34' title="bbox 334 3075 2036 3143; baseline 0.004 -10"><span class='ocrx_word' id='word_1_256' title='bbox 334 3075 618 3135; x_wconf 87' lang='lat' dir='ltr'>Praetura</span> <span class='ocrx_word' id='word_1_257' title='bbox 644 3080 883 3137; x_wconf 83' lang='lat' dir='ltr'>functus</span> <span class='ocrx_word' id='word_1_258' title='bbox 910 3080 1156 3138; x_wconf 88' lang='lat' dir='ltr'>Tacitus</span> <span class='ocrx_word' id='word_1_259' title='bbox 1192 3102 1283 3140; x_wconf 87' lang='lat' dir='ltr'>an.</span> <span class='ocrx_word' id='word_1_260' title='bbox 1311 3077 1454 3142; x_wconf 78' lang='grc'><strong>848.</strong></span> <span class='ocrx_word' id='word_1_261' title='bbox 1493 3104 1626 3140; x_wconf 86' lang='lat' dir='ltr'>cum</span> <span class='ocrx_word' id='word_1_262' title='bbox 1665 3104 1850 3142; x_wconf 83' lang='lat' dir='ltr'>uxore</span> <span class='ocrx_word' id='word_1_263' title='bbox 1885 3085 2036 3143; x_wconf 83' lang='lat' dir='ltr'>urbe</span> 
     </span>
     <span class='ocr_line' id='line_1_35' title="bbox 163 3163 2039 3244; baseline 0.005 -22"><span class='ocrx_word' id='word_1_264' title='bbox 163 3163 333 3222; x_wconf 80' lang='lat' dir='ltr'>cessit</span> <span class='ocrx_word' id='word_1_265' title='bbox 370 3174 430 3220; x_wconf 83' lang='lat' dir='ltr'>et</span> <span class='ocrx_word' id='word_1_266' title='bbox 464 3183 572 3239; x_wconf 89' lang='lat' dir='ltr'>per</span> <span class='ocrx_word' id='word_1_267' title='bbox 605 3167 1067 3242; x_wconf 84' lang='lat' dir='ltr'>quadriennium</span> <span class='ocrx_word' id='word_1_268' title='bbox 1103 3167 1309 3228; x_wconf 84' lang='lat' dir='ltr'>abfuit.</span> <span class='ocrx_word' id='word_1_269' title='bbox 1406 3166 1645 3229; x_wconf 83' lang='lat' dir='ltr'>cf.Tac.</span> <span class='ocrx_word' id='word_1_270' title='bbox 1684 3168 1826 3244; x_wconf 86' lang='lat' dir='ltr'>Agr.</span> <span class='ocrx_word' id='word_1_271' title='bbox 1863 3193 1910 3231; x_wconf 90' lang='lat' dir='ltr'>c.</span> <span class='ocrx_word' id='word_1_272' title='bbox 1935 3166 2039 3233; x_wconf 83' lang='lat'>45.</span> 
     </span>
     <span class='ocr_line' id='line_1_36' title="bbox 163 3248 2041 3331; baseline 0.002 -23"><span class='ocrx_word' id='word_1_273' title='bbox 163 3248 417 3308; x_wconf 87' lang='lat' dir='ltr'>Causam</span> <span class='ocrx_word' id='word_1_274' title='bbox 445 3251 744 3309; x_wconf 86' lang='lat' dir='ltr'>absentiae</span> <span class='ocrx_word' id='word_1_275' title='bbox 768 3253 929 3310; x_wconf 88' lang='lat' dir='ltr'>varie</span> <span class='ocrx_word' id='word_1_276' title='bbox 954 3253 1435 3328; x_wconf 87' lang='lat' dir='ltr'>interpretantur.</span> <span class='ocrx_word' id='word_1_277' title='bbox 1507 3251 1632 3312; x_wconf 87' lang='lat' dir='ltr'>Alii</span> <span class='ocrx_word' id='word_1_278' title='bbox 1659 3267 1872 3331; x_wconf 87' lang='lat' dir='ltr'>putant</span> <span class='ocrx_word' id='word_1_279' title='bbox 1893 3257 2041 3313; x_wconf 89' lang='lat' dir='ltr'>mis-</span> 
     </span>
     <span class='ocr_line' id='line_1_37' title="bbox 167 3338 2042 3417; baseline 0.003 -24"><span class='ocrx_word' id='word_1_280' title='bbox 167 3355 297 3393; x_wconf 83' lang='lat' dir='ltr'>sum</span> <span class='ocrx_word' id='word_1_281' title='bbox 337 3355 443 3410; x_wconf 88' lang='lat' dir='ltr'>pro</span> <span class='ocrx_word' id='word_1_282' title='bbox 484 3350 752 3411; x_wconf 87' lang='lat' dir='ltr'>praetore</span> <span class='ocrx_word' id='word_1_283' title='bbox 788 3339 852 3395; x_wconf 91' lang='lat' dir='ltr'>in</span> <span class='ocrx_word' id='word_1_284' title='bbox 891 3338 1290 3414; x_wconf 83' lang='lat' dir='ltr'>provinciam,</span> <span class='ocrx_word' id='word_1_285' title='bbox 1332 3341 1495 3417; x_wconf 90' lang='lat' dir='ltr'>quod</span> <span class='ocrx_word' id='word_1_286' title='bbox 1531 3341 1672 3398; x_wconf 84' lang='lat' dir='ltr'>satis</span> <span class='ocrx_word' id='word_1_287' title='bbox 1710 3354 1798 3399; x_wconf 91' lang='lat' dir='ltr'>est</span> <span class='ocrx_word' id='word_1_288' title='bbox 1829 3340 2042 3399; x_wconf 82' lang='lat' dir='ltr'>verisi-</span> 
     </span>
     <span class='ocr_line' id='line_1_38' title="bbox 166 3416 2043 3504; baseline 0.003 -26"><span class='ocrx_word' id='word_1_289' title='bbox 166 3421 327 3480; x_wconf 87' lang='lat' dir='ltr'>mile.</span> <span class='ocrx_word' id='word_1_290' title='bbox 413 3416 538 3478; x_wconf 86' lang='lat' dir='ltr'>Alii</span> <span class='ocrx_word' id='word_1_291' title='bbox 573 3425 829 3481; x_wconf 87' lang='lat' dir='ltr'>exsulem</span> <span class='ocrx_word' id='word_1_292' title='bbox 867 3424 1047 3481; x_wconf 83' lang='lat' dir='ltr'>fuisse</span> <span class='ocrx_word' id='word_1_293' title='bbox 1075 3424 1429 3500; x_wconf 87' lang='lat' dir='ltr'>opinantur,</span> <span class='ocrx_word' id='word_1_294' title='bbox 1476 3427 1639 3504; x_wconf 91' lang='lat' dir='ltr'>quod</span> <span class='ocrx_word' id='word_1_295' title='bbox 1665 3426 1898 3485; x_wconf 91' lang='lat' dir='ltr'>idoneis</span> <span class='ocrx_word' id='word_1_296' title='bbox 1931 3430 2043 3486; x_wconf 91' lang='lat' dir='ltr'>do-</span> 
     </span>
     <span class='ocr_line' id='line_1_39' title="bbox 170 3506 2044 3595; baseline 0.001 -23"><span class='ocrx_word' id='word_1_297' title='bbox 170 3507 460 3572; x_wconf 78' lang='lat' dir='ltr'>cumentis</span> <span class='ocrx_word' id='word_1_298' title='bbox 489 3509 730 3589; x_wconf 86' lang='lat' dir='ltr'>probari</span> <span class='ocrx_word' id='word_1_299' title='bbox 758 3511 983 3595; x_wconf 89' lang='lat' dir='ltr'>nequit.</span> <span class='ocrx_word' id='word_1_300' title='bbox 1071 3506 1334 3570; x_wconf 88' lang='lat' dir='ltr'>Obstant</span> <span class='ocrx_word' id='word_1_301' title='bbox 1364 3512 1546 3570; x_wconf 88' lang='lat' dir='ltr'>immo</span> <span class='ocrx_word' id='word_1_302' title='bbox 1587 3508 1728 3572; x_wconf 88' lang='lat' dir='ltr'>huic</span> <span class='ocrx_word' id='word_1_303' title='bbox 1768 3513 2044 3591; x_wconf 86' lang='lat' dir='ltr'>opinioni</span> 
     </span>
    </p>
   </div>
  </div>
 </body>
</html>
