2222 4030
1801 232 1806 237 ι
1836 199 2052 253 Λ.υ.’773.

1837 259 1890 298 Α.
1908 261 1957 298 e.
1990 262 2053 299 πυ.

276 222 403 285 244
958 213 1462 279 ANNALIUM
1515 209 1523 214 ’
1556 218 1564 221 “

282 355 460 412 debat
495 352 612 408 sibi
648 361 823 427 atque
866 349 1038 407 fratri
1070 349 1544 406 decretaeeadem
1585 356 1820 425 petente
1851 349 2139 427 Augusto.

284 439 387 496 sed
417 456 611 514 neque
644 447 773 492 tum
803 435 982 492 fuisse
1013 432 1435 502 dubitaverim,
1478 434 1583 510 qui
1617 436 1908 494 eiusmodi
1940 459 2140 513 preces

284 523 500 581 occulti
540 521 908 577 inluderent:
995 539 1061 577 ac
1097 519 1296 575 tamen
1331 518 1502 575 initia
1541 519 1761 594 fastigii
1789 519 2140 581 Caesaribus

283 621 481 678 erant,
534 605 836 683 magisque
866 606 933 661 in
974 604 1160 661 oculis
1210 615 1376 660 vetus
1408 624 1538 661 mos
1575 617 1632 662 et
1667 605 1958 681 privignis
2006 628 2141 665 cum

281 694 492 752 vitrico
526 692 715 749 levior
749 690 1116 748 necessitudo
1153 709 1332 765 quam
1367 710 1476 747 avo
1507 690 1819 747 adversum
1847 705 2140 769 nepotem.

282 775 544 836 Additur
567 776 939 853 pontificatus
966 787 1022 832 et
1046 794 1163 850 quo
1190 774 1466 849 primum·
1485 775 1583 833 die
1616 777 1815 833 forum
1846 778 2140 851 ingressus

282 874 369 921 est
403 863 768 939 congiarium
798 859 959 935 plebi
998 859 1321 916 admodum
1346 861 1560 931 laetae,
1613 864 1774 938 quod
1798 860 2142 921 Germanici

280 948 524 1025 stirpem
560 949 678 1004 iam
711 947 996 1022 puberem
1032 944 1367 1020 aspiciebat.
1451 941 1711 1002 Auctum
1747 944 1961 1005 dehinc
1998 968 2143 1022 gau-

275 1036 450 1092 dium
476 1033 699 1110 nuptiis
721 1029 977 1088 Neronis
1010 1040 1069 1088 et
1093 1028 1278 1087 Iuliae
1301 1027 1484 1086 Drusi
1516 1031 1690 1091 filiae.
1777 1030 1974 1110 thue
1996 1030 2142 1094 haec

281 1122 539 1178 secundo
587 1135 859 1184 rumore,
914 1115 998 1171 ita
1033 1114 1295 1173 adversis
1328 1115 1544 1171 animis
1583 1128 1914 1191 acceptum,
1980 1120 2142 1196 quod

281 1205 405 1262 filio
427 1203 662 1262 Claudii
686 1220 850 1257 socer
871 1198 1122 1258 Seianus
1153 1201 1562 1261 destinaretur.
1648 1202 1930 1278 polluisse
1963 1204 2143 1261 nohi-

280 1292 506 1349 litatem
555 1286 814 1345 familiae
854 1285 1222 1344 videbantur
1268 1298 1716 1365 suspectumque
1758 1287 1876 1345 iam
1920 1289 2141 1348 nimiae

282 1377 405 1453 spei
426 1375 708 1433 Seianum
736 1372 892 1428 ultra
921 1372 1212 1432 extulisse.

335 1615 432 1658 sibi.
491 1612 582 1656 Dio
606 1611 675 1662 53,
694 1612 766 1656 28.
782 1611 956 1668 fratri.
1018 1610 1083 1655 ld.
1105 1610 1175 1662 54,

280 1675 348 1716 10.
406 1671 599 1714 Decreta
623 1671 775 1714 eadem
797 1668 1072 1713 Germanico
1098 1685 1172 1712 re-

276 1729 365 1773 fert
383 1728 575 1772 Sueton.
601 1727 696 1771 Cal.
730 1743 769 1772 c.
803 1730 843 1771 1.

1246 1615 1354 1651 vett.
1394 1622 1497 1667 sqq.
1575 1606 1633 1651 Et
1671 1606 1985 1650 Freinshemio
2037 1606 2139 1666 qui-

1247 1666 1348 1708 dem
1370 1665 1682 1723 intelliguntur
1703 1666 1761 1714 ii,
1790 1666 1950 1721 quibus
1974 1672 2139 1707 aucto-

1246 1724 1375 1766 ribus
1402 1724 1451 1766 id
1473 1730 1661 1778 gestum
1683 1730 1805 1766 erat.
1863 1721 2081 1765 Dissentit
2105 1722 2140 1766 l.

1246 1781 1324 1824 Fr.
1351 1779 1641 1830 Gronovius,
1675 1781 1751 1838 qui
1782 1787 1926 1823 mutat
1951 1781 2142 1822 videba-

1246 1847 1339 1890 tur,
1369 1855 1429 1883 sc.
1441 1838 1668 1882 Tiberius.
1728 1837 1878 1892 Quam
1905 1837 2138 1881 coniectu-

1244 1913 1342 1940 ram
1358 1897 1632 1939 recentiores
1657 1896 1705 1938 in
1727 1903 1893 1938 textum
1917 1910 2142 1952 recepere.

335 1813 515 1856 occulti.
574 1811 730 1855 Heins.
767 1812 946 1855 emend.
984 1813 1173 1855 occulte.

276 1872 479 1914 Frustra.
527 1869 587 1913 cf.
610 1869 719 1914 infr.
743 1869 785 1921 4,
810 1872 876 1914 12.
898 1870 1064 1912 occulti
1082 1873 1175 1912 Iae-

276 1931 533 1979 labantur5
580 1928 640 1971 ib.
679 1944 719 1972 c.
753 1930 824 1971 40.
874 1944 969 1970 non
1010 1928 1179 1970 occulti

263 1987 453 2044 serunt.
514 1983 697 2028 Sallust.
722 1986 774 2028 Iu
806 2018 818 2028 .
849 2002 889 2030 c.
915 1986 987 2029 61.
1015 1987 1090 2027 uti
1108 1989 1176 2027 ad

274 2059 325 2086 se
345 2045 546 2086 occultus
563 2043 742 2087 veniat.
827 2042 1017 2087 ac.Hist.
1040 2043 1084 2092 3,
1101 2044 1172 2086 47.

275 2101 452 2144 subitus
476 2101 671 2155 inrupit.
733 2099 891 2145 Germ.
931 2118 968 2144 c.
990 2102 1033 2144 6.
1067 2101 1176 2143 rari

274 2159 450 2213 gladiis
486 2165 698 2202 utuntur.
780 2158 1050 2202 Ramshorn.
1087 2157 1171 2202 Gr.

274 2220 304 2272 §
326 2215 423 2259 151.
455 2231 499 2274 p.
521 2215 620 2259 297.

332 2315 388 2342 ac
418 2307 594 2342 tamen.
657 2297 740 2342 Gr.
779 2305 861 2343 καί
889 2317 977 2346 τοι.
1038 2300 1098 2345 cf.
1132 2303 1173 2352 6,

275 2359 349 2403 30.
438 2357 684 2414 Perperam
732 2358 941 2403 Muretus
991 2359 1170 2403 emend.

276 2419 391 2459 haee
421 2423 596 2457 tamen.

335 2513 427 2554 quo
443 2498 657 2553 primum
679 2500 769 2542 die.
815 2499 951 2543 Diem
973 2500 1171 2544 tirocinii

278 2555 385 2600 dicit
405 2553 529 2598 Suet.
554 2554 648 2600 Cal.
675 2572 715 2599 c.
741 2559 780 2600 1.
811 2558 889 2616 qui
912 2568 954 2600 et
978 2558 1031 2601 de
1056 2575 1170 2602 cou-

277 2612 418 2672 giario
442 2613 561 2672 plebi
582 2613 685 2657 dato
712 2615 866 2665 eadem
891 2616 1044 2660 refert.

334 2696 526 2750 nuptiis.
567 2732 571 2734 ,
619 2696 763 2754 Igitur
810 2715 903 2742 non
949 2709 1044 2744 rata
1087 2701 1174 2745 fuit

277 2754 426 2813 pactio
460 2753 584 2811 prius
614 2755 721 2798 inita
757 2771 861 2799 cum
893 2756 1035 2800 Silani
1070 2759 1175 2811 filia,

279 2829 404 2912 f.¹¹P‘·
427 2812 469 2863 2,
487 2811 558 2855 42.
589 2813 677 2856 sive
709 2829 833 2856 mors
865 2813 988 2858 illam
1015 2818 1171 2861 abstu-

297 2879 344 2914 nt.

336 2943 535 2983 secundo
562 2954 772 2985 rumore.
832 2942 990 2987 Horat.
1020 2944 1104 3003 Ep.
1140 2947 1174 2998 l,

282 3000 350 3046 10,
372 2999 414 3041 9.
450 2999 581 3056 Quae
610 3014 691 3041 vos
717 3003 782 3042 ad
803 3005 978 3044 coelum
1003 3004 1174 3058 effertis

279 3071 476 3098 rumore
513 3059 733 3100 secundo.
812 3059 869 3102 cf.
904 3059 1172 3120 interpretes

280 3114 337 3157 ad
359 3111 520 3171 Virgil.
542 3113 660 3156 Aen.
688 3115 728 3163 8,
750 3115 821 3158 90.

323 3197 431 3254 filio
446 3197 642 3240 Claudii.
706 3198 872 3248 Druso,
905 3200 982 3257 qui
1006 3218 1086 3259 per
1105 3203 1171 3246 lu-

281 3270 381 3298 sum
404 3254 502 3314 piro
525 3254 571 3296 in
590 3254 781 3299 sublime
802 3257 961 3301 iactato
988 3268 1029 3302 et
1051 3259 1172 3303 hiatu

281 3311 372 3354 oris
401 3319 581 3369 excepto
611 3313 909 3370 strangulatus
935 3326 1023 3368 est,
1066 3334 1171 3362 cum

281 3368 320 3412 ei
343 3377 443 3412 ante
466 3383 631 3426 paucos
652 3370 742 3412 dies
763 3370 899 3414 filiam
918 3373 1066 3417 Seiani
1090 3392 1170 3433 pa-

280 3434 349 3470 ter
383 3425 708 3483 despondisset.
790 3429 976 3475 Sueton.
1016 3432 1172 3476 Claud.

283 3499 322 3527 c.
345 3483 416 3526 27.
473 3483 563 3527 Dio
585 3482 654 3535 60,
675 3483 747 3528 32.

339 3555 628 3597 videbantur.
688 3553 763 3598 Sic
797 3557 898 3601 cod.
933 3558 1033 3603 MS.
1071 3559 1170 3603 edd.

1245 1953 1333 1997 Sed
1366 1954 1485 1997 unde
1512 1954 1585 1997 hie
1607 1952 1755 1997 statim
1778 1952 1948 1995 Tiberii
1974 1969 2142 1997 nomen

1244 2011 1407 2070 legenti
1440 2027 1705 2073 succurrere
1738 2009 1902 2068 possit,
1938 2026 2031 2053 non
2065 2027 2143 2054 sa-

1242 2069 1299 2112 tis
1322 2069 1472 2115 video.
1532 2070 1679 2112 lmmo
1705 2067 1896 2111 verbum
1925 2068 2142 2111 videban-

1243 2134 1323 2168 tur
1356 2127 1522 2184 pendet
1554 2143 1577 2170 e
1607 2125 2138 2182 nominativofizmiliae,

1244 2200 1358 2241 quae
1378 2183 1693 2242 intelliguntur
1717 2183 1918 2226 Claudia
1940 2191 1982 2226 et
1997 2182 2140 2227 Iulia.

1208 2236 1212 2245 ¹
1243 2241 1447 2299 Namque
1471 2240 1644 2284 Claudii
1678 2248 1721 2283 et
1748 2239 1851 2282 Iulii
1884 2257 1963 2297 per
1989 2240 2140 2287 Liviae

1244 2299 1349 2343 alias
1387 2315 1440 2340 ue
1473 2299 1736 2357 adoptiones
1775 2297 1833 2339 ita
1867 2299 2141 2350 coaluerant,

1243 2365 1293 2398 ut
1315 2315 1453 2398 iidem
1477 2355 1570 2399 fere
1594 2364 1738 2399 essent
1759 2363 1801 2398 et
1823 2353 1922 2398 Iulii
1946 2364 1990 2399 et
2005 2355 2138 2400 Clau-

1245 2414 1322 2456 dii.
1383 2412 1513 2469 Quae
1536 2414 1650 2457 ratio
1676 2412 1710 2455 si
1738 2412 1871 2455 dubia
1893 2413 2039 2457 adhue
2059 2413 2140 2456 tibi

1244 2471 1476 2521 videatur,
1510 2471 1605 2528 lege
1626 2470 1731 2514 infr.
1753 2471 1795 2521 6,
1818 2471 1859 2512 8.
1884 2472 1992 2513 Non
2014 2472 2140 2513 em'm

1244 2527 1473 2570 Seianum
1498 2528 1867 2578 Vulsiniensem,
1896 2532 1980 2569 sed
1996 2529 2138 2571 Clau-

1245 2586 1354 2627 diae
1403 2593 1447 2626 et
1497 2584 1652 2627 Iuliae
1702 2587 1873 2626 domus
1926 2594 2134 2643 partem,

1245 2658 1365 2698 quas
1389 2642 1639 2698 adfinitate
1676 2641 1958 2700 (desponsata
1982 2641 2137 2688 Druso

1244 2700 1350 2756 filia)
1381 2709 1713 2754 occupaverat,
1752 2707 1908 2748 tuum,
1949 2700 2137 2751 Caesar,

1243 2772 1468 2812 generum
1492 2781 1548 2789 —-
1575 2785 1634 2792 —
1663 2759 1939 2800 colebamus.
1998 2759 2073 2803 Sic
2095 2769 2139 2803 et

1243 2815 1347 2857 alibi
1360 2814 1665 2871 sann'liarum
1694 2830 1804 2857 voce
1829 2814 2137 2873 significantur

1245 2872 1417 2916 Claudii
1451 2881 1495 2914 et
1532 2871 1648 2915 tulii.
1712 2871 1785 2916 cf.
1825 2874 1862 2923 l,
1895 2872 1970 2917 26.
2002 2876 2139 2931 filios

1230 2930 1546 2987 familiarum.

1303 3047 1444 3086 ultra.
1523 3043 1601 3088 Sic
1642 3044 1744 3087 cod.
1779 3043 1882 3089 MS.
1925 3045 1995 3088 ed.
2031 3045 2134 3090 Ber.

1241 3101 1452 3145 Restituit
1474 3101 1702 3145 Ernestius
1735 3119 1832 3160 sqq.
1894 3102 2008 3146 Nam
2034 3104 2134 3147 edd.

1241 3159 1386 3202 Rhen.
1421 3174 1523 3218 sqq.
1560 3159 1774 3202 dederant
1810 3161 1958 3212 ultro,
2010 3162 2135 3218 quod

1244 3216 1498 3259 defenditur
1548 3232 1572 3258 a
1620 3216 2134 3273 Baumgarten-Crusio

1242 3274 1299 3316 ad
1320 3273 1507 3316 sueton.
1531 3271 1687 3316 Claud.
1716 3291 1754 3316 c.
1777 3273 1849 3318 27.
1909 3275 1974 3319 At
2005 3278 2134 3318 ultra

1244 3331 1410 3387 optime
1443 3331 1546 3373 loco
1580 3331 1820 3383 convenit3
1865 3333 2044 3390 respicit
2077 3333 2133 3376 ad

1243 3389 1445 3429 nimiam
1476 3403 1604 3440 spem
1629 3388 1804 3437 Seiani,
1835 3392 1964 3432 ultra
1994 3405 2132 3446 quam

1242 3462 1364 3489 nunc
1387 3447 1524 3488 elatus
1547 3462 1640 3489 esse
1672 3446 1925 3490 videbatur.
1987 3450 2130 3492 Suas-

1241 3510 1337 3545 met
1356 3505 1451 3557 ipse
1472 3517 1578 3558 spes
1597 3504 1880 3547 onteiverat.
1939 3504 1998 3548 cf.
2025 3504 2130 3550 infr.

1242 3577 1281 3619 e.
1307 3561 1375 3604 66.
