2222 4030
219 195 307 238 XX

850 127 1448 233 PRAEFATIO

483 299 628 356 serie
671 306 1077 354 numerantur.
1174 292 1561 378 Compendiis
1604 292 1793 375 utitur
1819 294 2083 380 vulgari-

485 386 598 442 bus
634 382 777 439 illis:
846 383 914 478 ᾇ,
956 381 1016 449 ἕ,
1059 389 1111 447 ἴ,
1153 382 1219 445 ὃ,
1270 382 1308 436 ἃ
1347 380 1561 444 vela,
1603 395 1665 445 e,
1707 396 1769 444 ι,
1829 402 1875 444 ι,
1924 365 2085 438 ὗ...
1999 408 2085 418 -—

492 489 631 534 am,
689 485 811 535 em,
868 465 985 532 im,
1043 485 1169 532 om,
1228 485 1329 521 um
1372 465 1469 520 vel
1512 469 1631 530 αἱ),
1684 481 1789 530 en,
1845 459 1942 529 in,
1987 485 2086 532 on,

494 572 600 614 un.
635 579 908 633 ’ς’-Ξ·-
950 569 1042 610 a&
1086 585 1164 597 -—-
1214 557 1280 616 ἅ,
1324 581 1382 616 e,
1429 560 1832 616 oete-zar,
1879 565 1973 616 er,
2019 570 2087 606 01·

495 639 590 696 vel
619 652 759 704 are,
817 654 941 702 ere,
997 653 1095 691 ore
1137 643 1244 689 etc.
1287 671 1368 682 --
1418 661 1460 715 g
1504 661 1590 690 Ξ
1632 629 1756 713 qui.
1800 668 1882 680 -
1923 659 2089 714 g·—
2002 681 2089 692 -.

492 740 704 806 quam.
733 753 807 766 --
841 746 883 802 φ
919 749 1006 778 =
1048 712 1230 800 quod.
1263 751 1341 761 --
1392 736 1572 798 gs:
1599 715 1757 799 quis,
1803 736 1844 792 ἅ
1876 720 1971 776 vel
2005 730 2090 798 qd*

493 811 591 866 vel
633 825 671 887 ᾳ
713 834 799 865 Ξ
842 800 1026 885 quid,
1095 797 1277 884 quod.
1336 836 1419 846 --
1476 811 1515 879 gt
1562 831 1648 860 Ξ
1701 798 1963 886 quidem.
2009 837 2092 846 —

497 910 542 958 ,ρ
582 903 1055 973 Ξρενθῐραν.
1101 925 1178 934 —-
1212 915 1371 966 ,ρΞ
1411 907 1544 964 pro,
1590 921 1670 932 —
1712 906 1753 967 p
1796 918 1882 947 Ξ
1919 907 2093 967 prae.

493 993 672 1059 173—-
587 1025 673 1037 -.
699 995 950 1058 quoque.
983 1011 1062 1022 -
1106 979 1158 1029 et
1196 1001 1284 1031 Ξ
1326 970 1531 1034 etiam.
1570 1006 1653 1016 —
1697 971 1893 1032 αἶιΞ
1934 980 2096 1033 ante.

500 1055 933 1120 —ziz-..de.
974 1075 1390 1116 -ηΞηε,
1433 1059 2101 1121 —t‘=tur.-—ut

501 1175 588 1206 Ξ
634 1143 740 1207 νεῖ.
785 1180 870 1190 --
909 1140 1202 1224 peria:
1239 1137 1511 1224 perznde.
1546 1176 1626 1188 -
1678 1151 1901 1203 alb..-
1814 1172 1901 1184 -—-
1951 1143 2096 1200 ani-

500 1253 618 1290 m0.
659 1265 742 1276 -—
761 1241 995 1290 οῒαΞ
1031 1226 1272 1296 omnia,
1317 1225 1548 1285 omina.
1589 1265 1672 1276 --
1713 1225 1919 1308 ipi...
1832 1257 1919 1269 —-
1963 1227 2104 1308 ipsi.

502 1318 732 1376 Ibidem
755 1315 1035 1374 scribitur
1057 1312 1205 1395 quoi
1228 1334 1335 1389 pro
1366 1310 1496 1380 cui,
1526 1310 1747 1395 quoius
1772 1336 1881 1391 pro
1911 1312 2101 1383 cuiuS,

494 1423 683 1501 quom
710 1422 818 1478 pro
846 1420 1035 1482 quum
1076 1397 1335 1476 (saepius
1369 1398 1617 1478 quum),
1666 1413 1868 1463 scwus
1897 1412 1953 1458 et
1977 1418 2103 1474 sce-

502 1486 664 1546 uitia
701 1509 811 1564 pro
847 1504 1081 1542 saevus
1107 1496 1165 1543 et
1200 1482 1493 1551 saevitia,
1540 1491 1710 1542 ortus
1735 1507 1842 1560 pro
1867 1479 2104 1554 hortus,

503 1580 704 1654 ceptus
726 1594 835 1649 pro
859 1578 1125 1651 coeptuS,
1155 1569 1352 1626 contio
1377 1582 1434 1628 et
1461 1568 1810 1629 contionari
1828 1593 1937 1648 pro
1963 1589 2107 1628 con-

501 1656 593 1716 cio
624 1671 682 1716 et
717 1653 1100 1721 concionari,
1155 1650 1398 1735 phama
1438 1676 1548 1731 pro
1577 1653 1810 1738 sama,
1861 1663 2106 1740 questus

505 1764 615 1819 pro
653 1748 978 1824 quaestuS,
1035 1759 1305 1822 nequam
1334 1761 1442 1816 pro
1473 1759 1825 1821 nunquam,
1881 1763 1962 1800 no
1995 1763 2104 1818 pro

507 1849 688 1894 num,
745 1831 955 1884 coatus
997 1837 1054 1885 et
1088 1824 1363 1889 accintus
1402 1846 1511 1902 pro
1550 1832 1791 1883 coactus
1819 1838 1877 1884 et
1902 1845 2106 1884 acem-

511 1920 671 1980 εἴας,
715 1932 875 1992 quur
896 1933 1006 1988 pro
1035 1931 1171 1978 cur,
1201 1917 1490 1991 sequutus
1516 1923 1855 1969 constanter
1878 1933 1985 1988 pro
2011 1929 2106 1968 se·-

468 2025 473 2028 ·
511 2006 702 2056 cutus.
790 1997 1142 2073 Saepissime
1169 1998 1352 2053 codex
1380 1997 1482 2053 ille
1503 1996 1759 2054 litteram
1782 2018 1825 2054 n
1851 1998 1915 2054 in
1937 2017 2109 2076 prae-

511 2084 808 2161 positione
835 2081 899 2140 in
927 2094 1061 2140 ante
1082 2101 1125 2162 p
1149 2093 1340 2139 mutat
1368 2081 1431 2138 in
1458 2102 1552 2148 m,
1596 2093 1664 2140 ut
1690 2080 1950 2165 impzwe,
1993 2081 2111 2139 im-

508 2176 834 2251 posterum.
953 2166 1120 2225 Idem
1177 2167 1402 2243 ubique
1454 2168 1712 2243 praefert
1764 2169 2112 2245 scripturam

511 2252 658 2312 mile
693 2273 800 2330 pro
834 2249 1026 2311 mille.
1110 2248 1249 2311 Alia
1274 2248 1414 2311 huic
1439 2253 1594 2311 libro
1618 2253 1858 2331 propria
1881 2255 2001 2312 suis
2024 2255 2115 2311 lo·-

512 2342 593 2398 cis
618 2340 977 2398 indicantur
1110 2397 1117 2406 ,

429 2423 796 2485 Adservatur.
884 2445 1046 2482 nunc
1132 2424 1198 2479 in
1274 2420 1634 2482 bibliotheca
1723 2427 1920 2484 ducali
2006 2429 2117 2487 sub

515 2531 764 2568 numero
825 2511 965 2570 118.
1013 2507 1201 2570 Gud.:
1268 2510 1415 2566 olim
1467 2530 1859 2587 possessorem
1912 2509 2120 2573 habuit

515 2596 584 2655 P.
661 2594 1000 2666 Candidum
1030 2639 1047 2665 ,
1157 2594 1262 2670 qui
1343 2614 1448 2652 sua
1537 2617 1720 2654 manu
1809 2599 1874 2654 in
1963 2600 2119 2658 libro

518 2681 752 2758 scripsit
831 2682 906 2737 ab
983 2700 1043 2736 se
1119 2679 1383 2754 emptum
1455 2700 1577 2737 esse
1642 2683 1947 2741 Ferrariae
2025 2706 2120 2743 an.

521 2763 957 2827 MCCCCLXI.
985 2765 1080 2822 die
1105 2764 1281 2821 lunae
1304 2763 1590 2822 XXVIII.
1605 2765 1933 2844 Septemhr.
1987 2768 2122 2828 Hu-

521 2852 614 2908 ius
663 2852 880 2908 codicis
929 2849 1307 2908 collationem
1354 2850 1662 2909 ediderant
1703 2850 2016 2912 Ernestius
2067 2867 2124 2914 et

522 2934 992 2994 Strombeckius:
1047 2955 1242 3012 neque
1280 2947 1478 2992 tamen
1512 2936 1745 2995 inutilis
1775 2940 1891 2997 fuit
1927 2960 2124 3016 opera,

523 3041 703 3097 quam
748 3021 964 3078 iterum
1008 3020 1184 3097 posui
1230 3020 1295 3076 in
1331 3022 1536 3079 eodem
1570 3020 1725 3080 libro
1759 3025 2124 3084 excutiendo·

524 3104 677 3162 Nam
715 3106 1026 3180 permultis
1074 3105 1220 3162 locis
1271 3106 1357 3162 ibi
1406 3105 1612 3163 inveni
1657 3109 2006 3185 scripturam
2046 3113 2123 3169 ab

526 3189 700 3247 editis
725 3190 893 3246 libris
918 3192 1346 3267 discrepantem
1361 3236 1378 3261 ‚
1411 3212 1590 3268 quam
1612 3214 1804 3272 neque
1816 3192 2129 3255 Ernestius

529 3296 638 3332 nec
675 3273 1120 3334 Strombeckius
1156 3277 1555 3334 adnotaverat.
1641 3278 1950 3352 Quaedam
1986 3283 2127 3340 inde

533 3361 692 3436 apud
719 3372 1038 3436 utrumque
1063 3362 1209 3419 falso
1237 3362 1516 3419 adnotata
1543 3361 1926 3440 deprehendi.
1980 3367 2126 3426 Pre-

530 3447 681 3504 tium
715 3446 826 3504 fuit
866 3465 1105 3504 noscere
1142 3467 1526 3525 quaecunque
1552 3450 1638 3509 ibi
1666 3452 2126 3521 continerentur,
