2222 4030
175 170 431 283 &5⁷32
590 204 762 266 LIB.
805 201 909 267 lv.
982 201 1178 264 CAP.
1205 204 1309 267 40.
1341 206 1444 268 41.
1825 207 1991 280 331·

91 340 309 412 „disne
328 355 633 415 passuros,
674 335 783 413 qui
803 336 1047 393 fratrem
1063 331 1193 400 eius
1207 377 1224 402 ,
1267 335 1375 410 qui
1406 348 1641 411 patrem.
1665 335 1952 395 maiores-

52 442 60 445 ’
90 438 251 503 „que
278 435 513 484 nostros
537 422 604 481 in
627 421 873 479 summis
897 417 1161 496 imperiis
1184 416 1423 477 videre?
1472 419 1581 478 Vis
1602 433 1669 480 tu
1703 421 1950 499 quidem
1998 470 2006 481 .

90 512 316 582 „istum
350 510 506 573 intra
541 507 740 565 locum
771 507 1004 563 sistere:
1057 503 1155 562 sed
1193 502 1287 559 illi
1324 506 1696 579 magistratus
1731 521 1790 568 et
1819 509 1950 586 pri.

25 610 28 642 ÷
93 615 367 668 „moreS,
403 594 509 672 qui
529 604 588 652 te
620 591 810 648 invito
845 591 1239 667 perrmupiint
1259 591 1654 670 omnibusque
1681 595 1754 652 de
1773 595 1952 653 rebus

91 682 487 752 „consulunt,
538 677 844 734 excessisse
894 676 1016 732 iam
1061 674 1300 752 pridem
1338 689 1604 752 equestre
1646 680 1951 755 fastigium

89 768 428 843 „longeque
461 763 678 822 antisse
715 761 901 838 patris
934 762 1053 819 mei
1096 759 1380 819 amicitias
1425 782 1551 818 non
1598 767 1816 825 occulti
1862 767 1955 824 fe-

89 863 287 923 „runt
330 870 555 928 perque
601 848 893 906 invidiam
936 848 1026 906 tui
1060 867 1158 904 me
1196 866 1432 924 quoque
1464 847 1756 912 incusant.
1822 860 1832 870 ’
1867 847 1953 911 At

87 937 300 1009 „enim
323 933 627 1010 Augustus
653 934 837 990 filiam
860 953 1026 993 suam
1056 932 1244 1010 equiti
1263 930 1540 995 Romano
1571 937 1801 994 tradere
1825 957 1955 995 me-

92 1023 360 1095 „ditatus
400 1034 504 1082 est.
593 1018 826 1078 Mirum
856 1015 1123 1088 hercule,
1168 1018 1250 1090 si,
1294 1038 1429 1076 cum
1449 1018 1515 1077 in
1551 1021 1748 1078 omnis
1783 1043 1953 1081 curas

87 1103 560 1180 „distraheretur
605 1105 1081 1183 immensumque
1117 1102 1310 1164 attolli
1345 1105 1715 1180 provideret,
1777 1129 1956 1186 quem

87 1194 559 1265 „coniunctione
595 1191 702 1250 tali
738 1211 915 1268 super
946 1191 1095 1248 alios
1120 1189 1448 1262 extulisset,
1488 1188 1556 1252 C.
1578 1189 1960 1252 Proculeium

23 1276 25 1331 ἴ
86 1291 191 1350 „et
211 1280 500 1357 quosdam
525 1279 591 1336 in
619 1278 995 1335 sermonibus
1027 1272 1239 1337 habuit
1273 1276 1496 1351 insigni
1529 1279 1958 1359 tranquillitate

88 1366 319 1435 „vitae,
374 1365 560 1422 nullis
594 1364 682 1420 rei
719 1363 992 1439 publicae
1023 1361 1278 1437 negotiis
1309 1363 1650 1439 permixtos»
1748 1363 1868 1425 Sed
1908 1367 1960 1423 si

23 1480 25 1482 ·
86 1449 506 1522 „dubitatione
552 1445 810 1524 Augusti
868 1468 1207 1518 movemur,
1278 1459 1502 1526 quanto
1550 1449 1807 1514 validius
1855 1463 1959 1524 est,

22 1551 25 1567 ²
86 1535 301 1614 „quod
323 1533 415 1596 M.
443 1531 775 1611 Agrippae,
816 1554 956 1592 mox
990 1529 1146 1591 mihi
1183 1534 1534 1593 collocavit?
1616 1530 1818 1615 Atque
1844 1558 1954 1616 ego

88 1619 280 1693 „haec
323 1642 435 1698 pro
479 1620 738 1679 amicitia
775 1640 901 1677 non
940 1619 1258 1678 occultavi:
1317 1632 1579 1679 ceterum
1610 1642 1804 1700 neque
1838 1617 1959 1682 tuis

87 1729 326 1786 „neque
361 1706 568 1766 Liviae
600 1705 907 1765 destinatis
944 1706 1323 1766 adversabor.
1422 1703 1555 1784 Ipse
1601 1709 1748 1785 quid
1800 1710 1960 1788 intra

90 1794 404 1864 „animum
447 1791 873 1863 volutaverim,
925 1791 1144 1869 quibus
1189 1787 1385 1850 adhuc
1423 1794 1961 1855 necessitudinibus

20 1885 23 1933 i
91 1880 469 1951 „immiscere
510 1890 567 1936 te
612 1874 766 1935 mihi
813 1898 1051 1954 parem,
1114 1878 1385 1937 omittam
1432 1879 1510 1937 ad
1546 1900 1823 1957 praesens
1862 1903 1962 1941 re·-

91 1967 321 2036 „ferrez
377 1966 440 2023 id
485 1976 719 2026 tantum
764 1964 1056 2040 aperiam,
1111 1960 1269 2023 nihil
1317 1984 1439 2022 esse
1479 1976 1603 2023 tam
1647 1969 1959 2041 excelsum,

19 2079 23 2132 .'
92 2053 304 2130 „quod
339 2072 465 2109 non
500 2050 748 2109 virtutes
774 2050 916 2108 istae
941 2060 1195 2128 tuusque
1221 2050 1287 2107 in
1308 2069 1406 2108 me
1429 2051 1666 2110 animus
1688 2073 1962 2112 merean-

93 2148 271 2208 „tur,
326 2139 582 2214 datoque
622 2147 885 2213 tempore
929 2136 1025 2192 vel
1063 2136 1128 2192 in
1166 2147 1376 2194 senatu
1421 2136 1516 2193 vel
1560 2137 1627 2195 in
1672 2138 1958 2198 concione

19 2250 23 2277 ε,
89 2244 263 2296 „non
296 2219 616 2284 reticeb0.”

260 2344 421 2406 XLI.
504 2342 775 2404 Rursum
819 2342 1071 2404 Seianus
1105 2364 1232 2401 non
1267 2343 1388 2401 iam
1436 2345 1511 2402 de
1556 2346 1960 2422 matrimonio,

19 2461 21 2485 a
92 2433 196 2489 sed
221 2432 397 2489 altius
420 2442 718 2501 metuens,
760 2431 937 2489 tacita
972 2429 1401 2507 suspicionum,
1442 2431 1607 2507 vulgi
1637 2453 1960 2508 rumorem,

18 2507 22 2528 ⁸
57 2509 467 2593 'ingruentem
518 2516 813 2574 invidiam
861 2517 1227 2592 deprecatur.
1334 2512 1424 2574 Ac
1460 2537 1536 2573 ne
1577 2519 1859 2577 adsiduos
1892 2521 1959 2580 in

93 2605 340 2661 domum
388 2614 587 2660 coetus
635 2603 890 2660 arcendo
951 2602 1302 2675 infringeret
1345 2603 1674 2678 potentiam
1718 2617 1820 2665 aut
1862 2628 1961 2666 re-

19 2730 21 2735 2
94 2689 381 2764 ceptando
407 2689 747 2745 facultatem
774 2688 1228 2745 criminantibus
1253 2689 1591 2763 praeberet,
1633 2685 1752 2748 huc
1782 2691 1961 2766 flexit,

19 2814 21 2821 η
91 2786 157 2832 ut
182 2772 497 2830 Tiberium
521 2773 596 2828 ad
621 2773 805 2830 vitam
826 2774 1033 2848 procul
1057 2770 1250 2830 Roma
1277 2773 1539 2830 amoenis
1565 2775 1711 2833 locis
1742 2777 1962 2853 degen-

20 2928 21 2933 ἵ
94 2861 232 2916 dam
255 2858 600 2934 impelleret.
683 2858 872 2916 multa
898 2858 1116 2935 quippe
1138 2858 1514 2933 providebat:
1556 2880 1659 2919 sua
1684 2862 1751 2920 in
1775 2885 1962 2924 manu

18 2947 21 2978 ³
93 2944 288 3004 aditus
323 2944 769 3021 litterarumque
814 2963 1026 3019 magna
1074 2963 1139 3002 ex
1175 2955 1340 3020 parte
1382 2963 1442 3002 se
1480 2946 1773 3007 arbitrum
1816 2950 1961 3024 fore,

146 3188 480 3237 perrumpunt.
567 3178 626 3224 11.
682 3196 723 3225 e.
775 3181 992 3227 excedunt
1119 3188 1172 3225 at
1195 3181 1335 3226 enim.
1386 3179 1525 3229 Ἀλλὰ
1545 3181 1654 3245 γάρ.

94 3236 231 3290 fines,
277 3237 391 3283 intra
415 3254 530 3298 quos
563 3237 634 3284 vis
666 3246 708 3283 te
740 3239 989 3284 continere.
1502 3262 1536 3298 ¹,

95 3293 273 3339 Emest,
1119 3281 1234 3327 cip.
1255 3281 1328 3326 41.
1387 3296 1485 3327 non
1515 3299 1629 3330 iam.
1700 3287 1818 3334 Edd.
1850 3290 1956 3338 Ber.

1061 3337 1166 3384 Alc.
1198 3339 1341 3384 Rhen.
1376 3357 1474 3402 sqq.
1516 3358 1616 3387 non
1661 3354 1777 3391 tam.
1842 3349 1955 3393 Mu-

1062 3407 1186 3451 reto,
1229 3398 1430 3450 Ursino,
1469 3400 1664 3447 Pichena
1697 3405 1955 3452 suasoribus

94 3437 991 3496 ω”ὅθᾳυθθᾶὼΒθῆΑῙῢΒῑὼθῦῑιθδθ·
1061 3454 1299 3501 inductum
1334 3465 1400 3500 est
1432 3459 1553 3512 iam,
1591 3461 1714 3519 quod
1742 3473 1879 3510 exstat
1908 3467 1958 3511 in

98 3509 186 3550 que
199 3529 211 3548 ,
245 3495 419 3541 vitione·
435 3566 446 3579 ι
1064 3512 1165 3558 edd.
1180 3512 1301 3575 Lips.
1328 3515 1477 3576 (16⁰7)
1499 3518 1626 3563 Picb.
1647 3520 1711 3575 (in
1730 3523 1952 3583 margine)

155 3579 253 3611 non
277 3567 454 3610 occulti.
516 3565 576 3612 cf.
599 3573 695 3611 not.
721 3568 776 3612 nd
799 3568 841 3618 3,
858 3568 932 3614 29.
1063 3570 1286 3632 Bernegg.
1307 3587 1408 3633 sqq.

152 3382 420 3423 consulunt.
496 3383 570 3427 Sc.
609 3389 669 3426 te.
750 3380 863 3424 Mox
905 3386 990 3441 pro'
