2222 4030
795 175 1393 269 PRAEFATIO.
1883 207 2051 266 xvn‘
2107 218 2126 280 .‘
2182 186 2183 193 ἵ

166 331 488 394 Pichenam
539 335 802 393 eiusdem
846 333 989 390 libri
1028 333 1776 392 collationem'instituerat
1814 331 2023 390 Petrus

168 421 482 480 Victorius¹
516 419 951 496 reliqueratque
998 418 1256 492 margini.
1292 419 1641 493 exemplaris
1675 417 2025 492 Beroaldini

167 507 539 581 adscriptam,
581 506 742 562 unde
768 523 928 560 nunc
951 503 1145 579 primo
1173 503 1401 579 publici
1427 503 1575 560 iuris
1600 524 1730 561 eam
1753 503 2020 561 facimuS.
2086 547 2088 553 .

164 594 283 650 Sed
310 586 514 647 dehac
538 609 603 646 re
631 590 784 646 infra
810 589 1056 648 dicetur.
1139 585 1451 645 Praeterea
1478 588 1541 643 in
1569 591 1773 646 eadem
1800 589 2024 646 biblio-

163 673 331 732 theca
356 674 701 732 Florentina
727 670 990 733 Pichena
1017 686 1074 731 et
1097 672 1405 730 Broterius
1433 673 1583 729 alios
1615 676 1766 732 duos
1791 673 2023 732 codices

163 759 415 819 MSStos
437 760 748 828 viderunt,
788 761 888 816 sed
916 759 1377 828 recentissimOS,
1421 779 1679 835 quorum
1703 761 1851 818 alter
1868 759 2024 830 jnci-
2070 756 2075 764 ’

162 845 251 920 pit
286 847 363 903 ab
393 846 710 902 undecimo
738 844 1070 903 Annalium
1108 845 1297 914 libro,
1341 844 1549 902 finitur
1579 857 1830 902 exeunte
1863 844 2021 902 libro

159 933 421 987 secundo
447 925 882 1001 Historiarum,
935 931 1083 988 alter
1117 931 1357 988 eosdem
1381 925 1714 988 Annalium
1751 942 1808 987 et
1844 929 2023 1007 quin—

159 1036 273 1092 que
301 1014 705 1074 Historiarum
728 1017 915 1074 libros
952 1015 1379 1092 complectitur.
1465 1011 1729 1072 Pichena
1762 1035 1831 1072 ex
1864 1012 2023 1072 hisce

156 1101 459 1159 codicibus
504 1123 628 1160 uno
674 1103 931 1160 alterove
969 1102 1101 1160 loco
1139 1102 1431 1179 quaedam
1472 1101 1899 1177 attulitneque
1935 1112 2024 1156 ta·-

155 1205 293 1242 men
317 1187 534 1245 iustam
558 1207 764 1244 eorum
789 1188 1169 1245 collationem
1193 1186 1471 1248 instituit.
1556 1185 1710 1247 Nam
1751 1191 1881 1244 tum
1918 1187 2023 1242 de-

153 1291 319 1328 mum
344 1272 407 1327 in
431 1271 719 1329 auxilium
743 1292 843 1329 eos
862 1273 1123 1342 vocavit,
1165 1294 1301 1330 cum
1326 1274 1510 1330 codex
1530 1272 1743 1334 litteris
1755 1270 2025 1345 Langob.

154 1356 406 1432 scriptus
452 1357 774 1416 defecisset.
873 1354 1232 1433 Exspectant
1282 1358 1462 1432 igitur
1509 1359 1711 1416 virum
1761 1358 2025 1426 doctum,

153 1441 259 1518 qui
292 1442 525 1501 evolvat
561 1455 618 1502 et
653 1443 965 1500 nobiscum
1011 1443 1407 1501 communicet
1448 1463 1599 1523 quae
1625 1442 2024 1520 {praebuerint

149 1527 433 1589 subsidia.

325 1612 378 1690 ἓ».
407 1610 504 1676 15.
549 1605 802 1672 Codices
818 1609 1019 1677 MSS.
1040 1610 1360 1676 Vaticani.
1449 1612 1664 1673 Insunt
1690 1615 1875 1671 iidem
1890 1608 2022 1670 An-

152 1699 379 1756 nalium
412 1697 933 1777 Historiarumque
978 1701 1119 1758 libri
1160 1712 1440 1778 quattuor
1482 1700 1786 1758 codicibus
1821 1700 1887 1755 in
1927 1699 2022 1757 hi-

151 1780 447 1841 bliotheca
462 1784 750 1844 Vatia-ma
777 1784 1098 1844 aBroterio
1124 1787 1404 1862 repertiS‚
1446 1786 1551 1862 qui
1577 1786 2019 1843 inscribuntur:

148 1861 432 1928 Cornelii
442 1865 657 1928 Taciti
676 1878 950 1928 actorum
978 1866 1367 1929 diurnalium
1384 1866 1702 1949 Augustae
1729 1868 1885 1928 liber
1897 1865 2019 1926 XI.

149 1954 554 2012 Numerantur
581 1968 637 2012 et
662 1957 1083 2014 describuntur
1110 1958 1221 2014 sic:
1838 1993 1841 2003 ι

234 2032 387 2098 Cod.
412 2036 562 2098 MS.
594 2038 669 2103 V
658 2040 887 2099 atican.
922 2041 1139 2109 1863„
1193 2042 1705 2112 membranaceUS,
1749 2052 2017 2098 exaratus

404 2128 635 2188 saeculo
676 2126 842 2188 XIV.
875 2139 1123 2185 exeunte
1157 2140 1260 2186 aut
1292 2130 1536 2185 ineunte
1572 2125 1739 2198 XV„
1802 2127 2016 2184 similis

403 2213 595 2271 codici
626 2212 803 2272 MSto
848 2209 1247 2275 bibliothecae
1285 2214 1478 2289 regiae
1511 2211 1880 2272 ParisiensiS.
1942 2213 2015 2269 cf.

231 2376 384 2441 Cod.
401 2379 549 2442 MS.
574 2379 647 2440 V
635 2383 864 2441 alican.
896 2383 1078 2444 1864.
1097 2431 1112 2455 ‚
1152 2371 1638 2440 membranaceus
1664 2395 1720 2439 et
1745 2383 2011 2440 eiusdem

399 2490 535 2527 cum
575 2470 679 2526 illo
717 2470 949 2542 aetati8‚
999 2490 1107 2527 nec
1137 2470 1427 2527 absimilis
1463 2470 1518 2526 ei
1550 2468 1777 2538 codici,
1830 2489 2010 2545 quem

306 2592 310 2595 ·
396 2553 634 2630 Lipsius
656 2554 1086 2615 Farnesianum
1112 2557 1387 2633 appellat.
1473 2553 1562 2613 Ita
1593 2566 1835 2629 testatur
1852 2552 2008 2611 Bro-

396 2641 598 2699 terius.
1256 2700 1257 2704 ,

227 2717 381 2783 Cod.
395 2721 542 2783 MS.
562 2721 638 2788 V
627 2724 856 2783 atican.
875 2721 1057 2786 1958.
1073 2771 1088 2794 ‚
1128 2726 1295 2783 cuius
1322 2736 1477 2781 aetas
1501 2723 1565 2779 in
1591 2723 1734 2780 libri
1758 2725 1874 2782 fine
1900 2745 2003 2782 ex-

399 2831 593 2886 pressa
614 2823 701 2868 est
724 2812 829 2868 sic:
873 2806 953 2869 Si
974 2807 1286 2890 quispiam
1314 2804 1459 2865 hinc
1484 2803 1864 2888 descripserit
1887 2830 1999 2866 ηο-4

400 2915 572 2963 vum,
646 2894 801 2952 sciat
860 2913 951 2950 me
1002 2902 1305 2974 quantum
1361 2915 1420 2951 re
1465 2891 1554 2951 eri
1580 2889 1862 2972 fideliter
1915 2893 1998 2958 ab

397 2978 672 3059 exemplo
708 2977 1200 3058 transcripsisse,
1256 2914 1461 3062 quos
1459 2977 1616 3037 inter
1650 2987 1881 3047 celera.
1925 2977 1998 3038 (Ie

393 3063 617 3145 quibus
657 3063 878 3131 scitur,
936 3084 1057 3122 non
1094 3073 1180 3122 est
1221 3084 1407 3147 neque
1437 3064 1770 3146 pessimum
1810 3085 1997 3146 neque

394 3146 943 3208 mendosissimum.
1035 3158 1256 3223 Τέλος
1296 3158 1459 3231 Θεῷ·
1481 3152 1766 3230 Χάρειν.
1864 3148 1994 3209 Die

392 3235 645 3316 septimo
726 3232 954 3294 decimo
1024 3228 1308 3294 Octobris
1384 3231 1468 3293 ab
1549 3243 1684 3292 ortu
1757 3233 1991 3294 Salva-

393 3321 546 3378 loris
645 3321 844 3379 nostri
930 3317 1170 3378 domini
1255 3318 1401 3379 Iesu
1490 3315 1736 3380 Christi
1822 3342 1991 3380 anno

393 3401 697 3466 MCCCC
701 3402 822 3467 XL
833 3404 1027 3467 VIII
1028 3402 1070 3469 l
1093 3403 1346 3468 Genuae
1367 3402 1578 3487 pridie
1596 3405 1832 3489 festum
1861 3403 1990 3465 divi

391 3488 598 3554 Lucae
626 3490 1087 3572 Evangelistue.
