2222 4030
0 2540 8 2661 't

683 187 734 245 L
746 184 773 254 I
786 184 861 248 B.
881 175 994 244 111.

88 312 1327 398 crebrisqueinterrogationibnsexquirit,
1371 315 1606 390 qualem
1629 311 1768 371 Piso
1793 312 1953 370 diem

47 427 431 484 :supremum
478 412 831 475 noctemque
871 397 1167 472 exegisset.
1277 393 1475 474 Atque
1519 400 1624 457 illo
1670 399 1951 476 pleraque

1042 178 1240 244 CAP.
1271 185 1364 245 16.
1828 185 1954 243 229

86 493 410 568 sapienter,
476 486 768 566 quaedam
813 482 1205 540 inconsultius
1258 485 1682 557 respondente,
1743 483 1950 541 recitat

85 578 391 636 codicillos
429 596 460 631 a
494 570 711 628 Pisone
745 570 814 625 in
850 565 1010 625 hunc
1047 569 1231 624 ferme
1277 568 1525 624 modum
1564 570 1945 645 compositos:

81 660 581 738 „Conspiratione
613 655 995 711 inimicorum
1032 665 1090 710 et
1118 652 1345 709 invidia
1380 652 1515 707 falsi
1547 654 1812 711 criminis
1837 675 1948 730 op-

81 765 388 824 „pl-essm»,
454 755 743 820 quatenus
787 739 1025 796 veritati
1068 750 1126 796 et
1172 737 1547 794 innocentiae
1590 759 1754 796 meae
1802 759 1946 797 nus-

79 852 307 910 „quam
354 830 522 903 locus
573 838 683 895 est,
749 826 891 882 deos
936 824 1298 903 immortales
1350 834 1532 880 testor
1577 823 1788 880 vixisse
1831 840 1945 895 me,

79 964 117 988 „
131 915 374 985 Caesar,
439 935 575 971 cum
613 912 729 967 fide
764 912 1075 966 adversum
1111 921 1168 966 te
1212 928 1406 986 neque
1440 907 1556 964 alia
1596 908 1661 963 in
1696 921 1944 966 matrem

78 1014 291 1073 „tuam
327 1002 567 1077 pictate:
626 1016 847 1073 vosque
880 1016 1019 1065 oro,
1062 994 1265 1051 liberis
1300 993 1448 1050 meis
1487 994 1831 1050 consulatis:
1860 1014 1944 1051 -ex

76 1089 344 1165 „quibus
366 1086 477 1145 Cn.
499 1084 638 1141 Piso
662 1081 1059 1160 qualicunque
1083 1082 1355 1138 fortunae
1378 1099 1541 1136 meae
1568 1099 1694 1136 non
1721 1090 1807 1136 est
1838 1081 1945 1135 ad-

77 1174 392 1244 „iunctu5,
429 1191 565 1228 cum
590 1189 767 1226 omne
792 1163 906 1224 hoc
932 1178 1162 1242 tempus
1187 1167 1252 1223 in
1275 1166 1424 1226 urhe
1450 1165 1656 1239 egerit:
1701 1162 1787 1224 M.
1804 1162 1942 1220 Piso

74 1402 392 1463 awannam,
421 1401 499 1448 sed
516 1417 565 1444 ex
582 1398 812 1444 intellecto
830 1398 971 1442 verbo

74 1463 280 1520 pendeat.
367 1462 412 1505 ld
454 1460 490 1503 si
537 1459 699 1502 Noster
740 1456 974 1507 voluisset,

73 1521 163 1565 alio
213 1521 317 1564 loco
370 1535 465 1563 eam
518 1532 683 1561 vocent
736 1514 971 1575 posuisset,

72 1594 236 1638 nempe
260 1587 363 1637 post
389 1578 579 1621 caesar.
644 1573 733 1618 Ubi
759 1588 882 1615 nunc
904 1573 969 1614 le-

8 1679 9 1682 ,
71 1637 215 1694 gitur,
245 1636 371 1679 nullo
393 1635 534 1679 modo
558 1631 718 1675 referri
747 1638 891 1690 potest
913 1629 970 1673 ad

8 1711 10 1722 ¹
69 1694 262 1738 verbum
293 1693 536 1739 omissum,
578 1690 655 1733 sed
688 1688 881 1748 pertinet
901 1687 968 1756 'ad

70 1753 271 1811 proxime
315 1748 654 1794 antecedentia:
708 1762 852 1789 suam
890 1759 969 1787 m-

69 1810 249 1853 mutam
274 1810 364 1852 eali
381 1815 535 1850 morte
558 1806 822 1862 quaesitam
843 1805 972 1858 apud

66 1875 300 1910 semeiam.
380 1866 559 1908 Poterat
598 1864 721 1905 enim
759 1860 968 1904 Tiberius

67 1924 212 1968 videri
249 1934 484 1984 propterea
517 1919 727 1979 periculis
752 1918 968 1962 Pisonem

68 1982 212 2041 pridie
233 1982 467 2028 exemisse,
494 1987 542 2022 ut
566 1978 781 2037 permissa
805 1977 967 2020 volun-

67 2041 181 2083 taria
205 2048 351 2084 morte
372 2054 499 2081 reum
515 2035 740 2080 iudicibus
757 2034 967 2092 eriperet,

66 2106 111 2141 et
133 2097 196 2142 nil
220 2097 424 2157 profecto
450 2094 664 2153 ingratius
688 2090 965 2136 accusatori-

67 2155 150 2199 bus
174 2154 379 2200 accidere
413 2153 584 2212 potuit,
620 2166 757 2209 quam
791 2149 966 2193 subitus

64 2212 247 2258 Pisonis
298 2213 459 2256 exitus.
552 2209 792 2252 Invidiam
836 2210 967 2262 apud

64 2278 286 2313 amatum
319 2270 455 2318 dicit,
495 2275 543 2311 ut
573 2282 697 2326 supr.
734 2269 772 2314 1,
795 2265 838 2308 7.
870 2266 964 2307 mi-

64 2340 152 2373 ro
166 2331 297 2384 opud
315 2329 548 2383 'mpulum
559 2327 722 2381 favor.
783 2324 841 2365 At
864 2322 963 2366 iam

65 2393 222 2438 erunt,
267 2387 344 2444 qui
377 2383 633 2427 desiderent
673 2380 963 2432 vocabulum,

63 2457 157 2501 quo
200 2450 378 2487 constet
430 2441 476 2484 in
525 2447 678 2487 senatu
726 2439 960 2483 Tiberium

61 2500 172 2546 haec
202 2516 298 2545 ease
331 2500 553 2544 locutum.
617 2497 668 2540 ld
700 2505 851 2539 tamen
882 2512 964 2555 per

60 2566 210 2603 totum
233 2559 384 2603 locum
409 2557 511 2600 satis
533 2554 813 2612 intelligitur.
847 2554 962 2598 Nam

54 2614 243 2673 flexum
274 2618 323 2660 in
355 2615 648 2657 maestitiam
685 2628 739 2654 os
778 2612 960 2663 indicat,

0 2691 1 2726 3
63 2673 241 2733 publice
276 2673 384 2717 baec
417 2671 545 2714 illum
580 2670 866 2722 disseruisse,
918 2678 960 2713 et

0 2748 6 2777 t

60 2732 292 2789 sequentia
335 2744 405 2773 res
444 2727 490 2770 in
522 2736 678 2771 senatu
712 2735 830 2770 actas
865 2743 957 2769 non

59 2789 214 2855 sinunt
254 2801 528 2888 quemquam
572 2793 750 2851 praeter
776 2783 957 2842 Ruper-

62 2855 177 2889 tuum
210 2845 432 2889 dunitare.
511 2841 631 2885 Alibi
662 2849 796 2885 etiam
830 2841 961 2885 tacite

0 2936 5 2958 ,Α
64 2904 228 2947 Noster
246 2920 271 2946 a
288 2901 423 2945 rebus
444 2900 787 2958 quibuscunque
809 2898 958 2942 subito

0 2976 5 2990 ³
62 2961 217 3006 transit
246 2959 302 3003 ad
333 2975 405 3002 rea
437 2959 482 3001 in
512 2966 669 3000 senatu
704 2963 839 3001 actas.
898 2955 957 3001 cs.

1 3037 5 3048 ⁴
60 3018 169 3063 infr.
203 3033 244 3063 c.
268 3016 342 3061 23.

117 3133 380 3189 crebrisque
399 3131 845 3184 meet-rogationibus
870 3144 954 3172 ex-

0 3213 4 3226 ι
60 3191 218 3247 quirit.
276 3190 472 3233 Crebrae
497 3187 875 3248 interrogationes
898 3186 951 3230 ad

60 3263 193 3307 quem
220 3246 487 3307 pertineant,
515 3246 835 3306 interpretibus
861 3259 951 3287 non

59 3314 123 3349 est
149 3305 193 3348 in
215 3310 441 3362 promptu.
492 3303 609 3347 Nam
631 3322 680 3347 ex
707 3310 858 3346 senatu
872 3302 972 3359 'Pi-¹

58 3363 208 3408 bertus
241 3378 330 3405 nnn
367 3361 510 3419 potuit
544 3363 796 3420 exquirere,
838 3377 950 3419 qua-

6 3455 7 3458 *
59 3419 147 3464 lem
174 3419 277 3463 Piso
300 3419 416 3462 diem
449 3434 710 3478 supremum
743 3428 949 3462 noctem-

58 3492 147 3579 que
164 3477 391 3545 exegisset..
432 3476 588 3533 Quare
606 3477 803 3536 cogitant
826 3490 952 3543 nune

91 3550 116 3577 e
147 3534 226 3579 fitn
259 3550 471 3587 nomine.
522 3534 643 3594 quod
676 3543 795 3580 textu
827 3548 950 3578 cxci-

1042 1397 1182 1466 derit‚
1213 1413 1338 1443 nunc
1369 1397 1426 1442 de
1451 1395 1616 1443 liberti.
1679 1395 1942 1464 Cogitemus

1041 1466 1192 1514 potius
1215 1456 1268 1498 de
1299 1455 1480 1499 testium
1508 1453 1941 1512 interrogationibus

1041 1515 1496 1571 (Zeugenverh6r2)‚
1527 1528 1642 1571 quos
1662 1512 1709 1557 in
1734 1511 1810 1558 tali
1837 1527 1940 1556 cau-

1040 1590 1088 1616 sa
1122 1571 1240 1615 haud
1273 1571 1409 1614 dubie
1441 1572 1664 1615 acciverat
1686 1571 1850 1614 Caesar
1872 1568 1940 1611 in-
1966 1584 1970 1593 ¹

1039 1628 1335 1683 terrogandos
1357 1629 1403 1671 in
1429 1637 1603 1672 senatu.
1665 1627 1722 1671 cf.
1745 1625 1851 1670 infr.
1873 1625 1940 1674 16,

1040 1689 1111 1731 82.
1146 1688 1263 1730 Mox
1283 1689 1426 1730 datus
1444 1688 1637 1736 testibus
1657 1687 1804 1728 locus.
1855 1683 1940 1727 Ta·

1039 1747 1158 1791 libus
1180 1741 1609 1803 interrogationibus
1642 1742 1800 1787 eximie
1830 1755 1940 1787 con·

1040 1804 1161 1847 venit
1184 1801 1374 1848 verbum
1403 1801 1627 1858 exquirit.
1838 1811 1841 1815 ’

1097 1898 1240 1946 atque
1258 1890 1340 1931 illo
1364 1920 1376 1931 .
1392 1920 1402 1930 .
1418 1919 1430 1931 .
1450 1888 1781 1941 respondente..
1812 1882 1943 1934 Cave,

1041 1964 1096 1991 ne
1119 1946 1286 1991 referas
1318 1946 1371 1988 ad
1401 1944 1778 2002 interrogationes
1798 1941 1938 1984 modo

1041 2006 1196 2049 dictas.

1040 2063 1146 2121 quid
1190 2059 1493 2106 inconsultius
1535 2056 1799 2116 responderi
1850 2070 1936 2114 po-

1040 2121 1184 2163 terat?
1256 2117 1496 2162 Debebant
1535 2115 1802 2171 interrogati
1837 2128 1939 2156 rem

1037 2194 1283 2236 exponere,
1313 2176 1376 2220 uti
1413 2173 1587 2226 fuerat,
1617 2180 1668 2217 ut
1698 2172 1759 2216 ita
1789 2182 1937 2229 neque

1037 2235 1279 2295 sapientiae
1322 2249 1467 2290 neque
1505 2229 1834 2290 imprudentiae
1865 2231 1936 2272 lo-

1036 2310 1117 2337 cus
1137 2299 1403 2351 superesset.
1444 2288 1595 2333 Altius
1610 2288 1714 2346 quid
1735 2293 1936 2345 spectant

1036 2352 1107 2394 illa
1125 2350 1360 2396 vocabula.
1402 2347 1630 2391 Nimirum
1649 2348 1936 2400 respondere

1036 2417 1101 2452 est
1139 2411 1324 2451 verbum
1361 2407 1415 2451 de
1449 2405 1528 2455 iis,
1560 2403 1639 2462 qui
1665 2402 1935 2448 sententiam

1035 2468 1192 2511 dicunt
1221 2466 1267 2509 in
1302 2472 1473 2509 senatu.
1543 2462 1701 2518 Quare
1735 2476 1827 2504 non
1852 2458 1929 2502 in-

1034 2533 1135 2583 epte
1178 2523 1354 2583 putabis
1387 2535 1643 2580 pronomen
1674 2521 1755 2560 illo
1789 2516 1932 2576 respi-

1034 2598 1136 2626 cere
1171 2582 1226 2626 ad
1257 2580 1529 2626 vocabulum
1570 2584 1774 2627 senatus,
1813 2573 1933 2618 scri-

1034 2649 1300 2698 ptoremque
1339 2637 1513 2682 dicere:
1574 2633 1775 2682 Caesaris
1811 2631 1931 2676 rela-

1032 2698 1156 2741 tione
1187 2696 1242 2740 de
1269 2704 1417 2739 morte
1449 2692 1627 2737 Pisonis
1658 2691 1772 2734 facta
1803 2691 1932 2733 testis

1033 2755 1202 2821 busque
1227 2751 1536 2810 interrogatis,
1565 2757 1793 2793 senatores
1819 2762 1928 2790 aen-

1033 2820 1215 2855 tentiam
1247 2810 1430 2858 dixisse,
1460 2806 1572 2852 alios
1609 2806 1830 2866 sapienter
1859 2802 1922 2861 (h.

1031 2885 1068 2912 e.
1103 2868 1160 2912 ita
1198 2876 1246 2911 ut
1277 2866 1445 2911 invidia
1477 2862 1646 2909 Tiberii
1685 2863 1929 2914 vitaretur,;

1031 2924 1138 2971 haec
1179 2924 1299 2969 enim
1337 2933 1430 2967 erat
1462 2921 1537 2968 illa
1569 2919 1801 2980 sapientia.
1860 2917 1922 2964 cf·

1030 2982 1134 3028 insr.
1151 2985 1194 3035 6,
1219 2986 1286 3027 10.
1321 2981 1387 3032 14,
1408 2981 1479 3025 60.
1514 2997 1527 3032 ς
1552 2979 1662 3024 alio·
1686 2975 1923 3023 inconsul-

1493 3036 1685 3084 iberium
1708 3035 1922 3081 videren-

1030 3043 1116 3086 tiua
1147 3042 1208 3096 (b.
1235 3059 1271 3083 e.
1300 3041 1357 3084 ita
1383 3047 1432 3084 ut

1504 3096 1569 3141 lta
1604 3101 1799 3143 textum,
1842 3093 1920 3152 qui

1029 3107 1101 3143 tur
1144 3099 1414 3156 offendisse).

1026 3168 1118 3207 est,
1180 3156 1485 3216 qualit-unque
1536 3150 1675 3198 modo
1727 3149 1916 3211 explico.

1025 3215 1219 3260 Minime
1256 3222 1404 3262 tamen
1438 3209 1546 3256 milii
1574 3209 1828 3270 adrogabo,
1868 3215 1919 3253 ut

1026 3291 1108 3333 pro
1132 3272 1381 3331 integritate
1405 3268 1491 3316 loci
1517 3283 1730 3329 pugnem.

1082 3365 1327 3413 quatenus.
1418 3354 1478 3401 cf.
1517 3354 1636 3399 Ptin.
1677 3370 1747 3412 ep.
1789 3351 1840 3401 8.
1870 3350 1914 3395 7.

1028 3416 1270 3475 Quatenus
1295 3415 1430 3459 nobis
1449 3418 1711 3468 denegatur
1735 3411 1816 3453 dtu
1842 3410 1916 3452 vi-

1023 3489 1155 3525 vere,
1206 3470 1526 3533 relinquamus
1569 3469 1773 3527 aliquid,
1824 3482 1917 3526 quo

1022 3546 1109 3575 ηω
1131 3532 1309 3576 velarine
1337 3539 1577 3576 eeseernur.

1281 2002 1404 2059 Quid
1437 2002 1558 2044 enim
1596 1999 1820 2058 sapienter
1861 1998 1939 2050 ibi,
1996 2036 1998 2038 .
2053 1978 2057 2023 *³
