2222 4030
1798 205 1851 239 A.
1867 193 1923 239 iJ.
1938 203 2021 240 τω.

248 204 334 264 40
927 198 1434 261 ANNALIUM
1801 245 1922 283 Μ,
1962 248 2024 283 „3

250 343 460 391 nerent
494 332 745 405 legatOS,
795 346 972 408 seque
1013 352 1212 389 coram
1251 332 1528 389 mandata
1565 333 1791 396 darent.
1889 335 2110 398 Adcla-

251 436 512 486 mavere,
563 427 632 474 ut
663 416 819 472 filius
849 415 1047 473 Blaesi
1080 417 1359 473 tribunus
1398 418 1689 490 legatione
1729 439 1796 477 ea
1834 424 2111 498 fungere-2

253 515 381 572 tur,
432 512 767 578 peteretque
810 502 1098 559 militibus
1135 501 1476 557 missionem
1515 505 1588 560 ab
1625 505 1878 563 sedecim
1913 512 2108 566 annis}

255 600 443 644 cetera
480 588 892 655 mandaturOS,
945 587 1052 642 ubi
1088 586 1280 660 prima
1314 589 1739 661 provenissent.
1836 590 2107 651 Profecto

254 673 467 729 iuvene
491 672 791 728 modicum
820 672 1034 728 otium:
1081 672 1181 725 sed
1207 672 1508 746 superbire
1534 674 1732 744 mileS‚
1771 679 1931 752 quod
1957 679 2113 736 filius

254 757 431 831 legati
455 768 654 814 orator
685 757 956 832 publicae
993 775 1196 812 causae
1232 756 1369 811 satis
1403 759 1736 817 ostenderet
1774 765 2114 822 necessitate

257 860 554 918 expressa,
598 861 746 919 quae
774 861 880 916 per
901 841 1251 896 modestiam
1274 861 1398 897 non
1424 843 1835 907 obtinuissent.

425 996 561 1057 XX:
648 994 880 1053 Interea
932 995 1227 1070 manipuli
1279 1007 1415 1052 ante
1457 1011 1722 1074 coeptam
1766 1003 2116 1062 'seditionem

256 1079 629 1158 Nauportum
651 1081 816 1137 missi
839 1082 916 1137 ob
942 1081 1155 1137 itinera
1177 1091 1234 1136 et
1257 1094 1466 1156 pontes
1495 1095 1551 1140 et
1575 1084 1723 1141 alios
1748 1106 1914 1157 usuS‚
1953 1101 2119 1163 post-

259 1188 438 1244 quam
465 1168 769 1224 turbatum
810 1166 875 1221 in
908 1166 1110 1222 castris
1150 1186 1451 1241 accepere,
1508 1170 1722 1227 vexilla
1761 1174 2120 1244 convellunt,

259 1253 619 1329 direptisque
652 1250 935 1327 proximis
959 1250 1105 1306 vicis
1142 1251 1387 1328 ipsoque
1411 1251 1748 1329 Nauport0‚
1787 1259 1948 1333 quod
1984 1280 2120 1316 mu-

257 1337 467 1413 nicipii
491 1338 677 1393 instar
712 1346 861 1405 erat,
903 1336 1211 1392 retinentis
1246 1338 1618 1396 centuriones
1653 1340 1845 1398 inrisu
1883 1355 1940 1400 et
1978 1364 2123 1400 con-

258 1423 518 1480 tumeliis
536 1468 554 1491 ‚
594 1432 890 1497 postremo
916 1421 1263 1478 verberibus
1284 1422 1675 1495 insectantur,
1712 1427 2028 1504 praecipua
2055 1430 2121 1486 in

258 1503 646 1564 Aufidienum
686 1505 916 1564 Rufum
972 1508 1331 1581 praefectum
1388 1520 1714 1566 castrorum
1756 1511 1875 1582 ira,
1945 1531 2122 1590 quem

259 1594 568 1667 dereptum
609 1589 882 1648 vehiculo
932 1591 1175 1648 sarcinis
1215 1605 1461 1666 gravant
1497 1608 1793 1672 aguntque
1825 1598 2018 1673 primo
2057 1600 2122 1656 in

259 1677 523 1751 agmine,
582 1698 690 1753 per
740 1674 1072 1733 ludibrium
1126 1678 1478 1750 rogitanteS,
1546 1693 1624 1736 an
1674 1692 1795 1737 tam
1835 1683 2124 1742 immensa

261 1782 471 1833 onera,
511 1773 635 1820 tam
654 1763 831 1836 longa
861 1762 1075 1819 itinera
1101 1763 1359 1820 libenter
1382 1757 1603 1822 ferret?
1665 1764 1903 1843 Quippe
1924 1767 2124 1829 Rufus

261 1979 482 2024 tationem
506 1979 630 2023 illam
650 1979 849 2023 militum
880 1977 1161 2037 significabat

260 2048 478 2096 tanquam
499 2054 594 2081 non
616 2037 808 2080 in'facto
831 2038 1021 2095 positam
1035 2068 1047 2085 ‚
1081 2036 1159 2080 sed

262 2113 289 2140 a
319 2095 479 2139 Blaeso
512 2103 687 2138 tantum
721 2094 985 2152 cogitatam,
1035 2093 1159 2152 quo'd

261 2169 349 2197 nos
390 2153 612 2197 dicimus:
661 2167 848 2195 warum
885 2153 950 2195 sie
981 2175 1039 2185 —
1073 2149 1173 2206 auf

266 2211 452 2255 Gewalt
489 2211 656 2253 sinnen
696 2213 886 2252 sollten.
970 2209 1059 2252 Sed
1092 2224 1161 2250 re-

263 2285 367 2312 vera
400 2267 490 2310 iam
523 2267 870 2310 meditabantur.
950 2265 1059 2325 Cap.
1095 2265 1162 2309 17.

265 2334 414 2370 autem
437 2325 628 2368 debebat
647 2324 806 2368 scribit
838 2338 922 2367 cur
939 2348 996 2357 -
1013 2324 1162 2366 obedi·

264 2385 406 2427 rent?
450 2384 543 2425 nisi
569 2404 628 2414 —
657 2385 874 2425 adirent?
943 2381 1059 2424 Nam
1098 2379 1161 2424 ibi

264 2457 316 2484 ea
347 2447 413 2484 est
445 2440 586 2491 ratio,
630 2456 765 2498 quam
801 2439 887 2482 dixi
922 2455 1015 2482 esse
1039 2439 1162 2497 o'pta-

265 2497 361 2541 tivi.
426 2496 605 2540 Deinde
637 2512 741 2539 vero
774 2500 999 2545 tolerent,
1038 2498 1162 2539 acci-

258 2557 414 2612 piant.
473 2553 590 2598 Nam
609 2571 681 2597 res
704 2555 762 2597 ita
793 2570 946 2597 revera
972 2553 1069 2596 fieri
1098 2553 1162 2595 di·

267 2613 502 2658 cebantur.
595 2612 756 2655 Fusius
805 2610 999 2669 explicui
1045 2610 1164 2654 hanc

266 2670 500 2728 utriusque
552 2669 679 2712 modi
734 2668 902 2726 legem,
967 2668 1070 2725 quia
1121 2675 1164 2710 et

265 2727 396 2770 multi
431 2726 504 2769 alii
540 2725 629 2770 loci
660 2726 708 2769 in
739 2726 898 2769 Tacito
938 2725 1162 2783 interpre-

267 2793 364 2828 tum
406 2783 760 2828 dubitationibus
801 2783 870 2827 sic
910 2790 1044 2826 erunt
1078 2780 1164 2824 exi-

267 2842 445 2893 mendi,
491 2850 542 2884 ut
584 2841 665 2885 inf.
702 2841 768 2894 14,
805 2842 844 2883 κ.
894 2841 1074 2941 flamm·
1107 2862 1166 2871 —

264 2907 420 2956 posset
431 2899 447 2948 ,’
481 2903 725 2942 reddatur.
785 2897 897 2942 Simi
938 2899 1025 2940 ima
1061 2903 1167 2941 sunt

269 2957 389 3015 apud
421 2956 603 3000 Sallust.
634 2955 764 3001 Catil.
798 2972 836 3000 c.
869 2955 940 2998 34.
974 2955 1032 2998 Si
1057 2955 1168 3011 quid

269 3016 331 3058 ab
350 3013 519 3059 senatu
534 3023 692 3068 petere
715 3016 910 3064 vellent,
940 3015 999 3055 ab
1018 3013 1168 3055 armis

270 3073 536 3123 discedant,
569 3072 778 3114 Romam
799 3069 1025 3126 supplices
1050 3084 1167 3125 pro-

257 3130 550 3188 ficiscuntur.
641 3128 754 3171 Ibid.
809 3144 848 3171 c.
882 3129 952 3171 41.
1000 3127 1170 3181 legatis

265 3188 529 3250 praecepit,
578 3187 787 3228 studium
836 3185 1170 3228 coniurationis

272 3246 570 3287 vehementer
588 3243 813 3285 simulent
827 3276 840 3293 ,
870 3251 1046 3286 ceteros
1077 3245 1169 3284 ad-

274 3310 387 3345 eant
417 3309 501 3344 etc.

272 3374 416 3418 praes.
448 3366 682 3416 ponuntur
711 3356 869 3406 verba,
903 3357 1169 3415 significant,

274 3416 442 3472 aliquid
463 3430 617 3473 revera
637 3413 735 3457 fieri
763 3429 893 3471 posse
927 3431 978 3457 ae
1008 3414 1171 3456 debere

276 3475 372 3530 (sie
419 3474 628 3529 sollen)‚·
679 3479 840 3515 contra
889 3487 1002 3529 quae
1052 3471 1170 3528 apud

275 3531 493 3575 Nostrum
551 3546 657 3574 mox
711 3537 962 3586 sequuntur
1014 3529 1172 3571 verba:

561 3299 691 3356 Quae
724 3299 799 3342 hic
827 3301 875 3341 in
907 3300 1167 3343 coniuntivo
1216 3332 1217 3335 η

1229 1985 1542 2034 decernerent,
1562 1985 1743 2033 darent,
1770 1983 1972 2029 indicant
1993 2002 2126 2046 quam

1230 2038 1483 2098 philosophi
1516 2039 1674 2083 dicunt
1696 2041 2039 2099 possibilitatem
2061 2044 2126 2089 lo·

1231 2097 1377 2156 gieam
1416 2098 1505 2152 (sie
1527 2097 1782 2156 ko'nnten).

1286 2183 1500 2237 sedecim.
1557 2181 1672 2226 Edd.
1693 2181 1904 2227 Beroald.
1927 2191 1973 2226 et
1983 2184 2127 2232 Rhen.

1232 2255 1329 2298 sqq.
1360 2240 1614 2306 sexdecim.
1687 2241 1803 2284 Edd.
1846 2241 1878 2284 Ι.
1924 2240 2128 2291 Gronov,

1233 2296 1443 2341 Oberhn.
1464 2313 1561 2355 sqq.
1585 2299 1800 2342 sedecim.
1859 2298 1917 2342 cf.
1940 2316 1980 2344 c.
2005 2301 2073 2344 17.

1285 2381 1625 2436 provenissent.
1671 2381 1730 2425 cf.
1752 2380 1835 2424 inf.
1859 2381 1902 2431 4,
1925 2382 1993 2427 12.
2018 2385 2128 2440 quia

1228 2442 1388 2496 prima
1414 2447 1759 2495 provenerant3
1806 2440 1875 2488 14,
1907 2440 1978 2483 25.
2010 2456 2129 2498 quae

1220 2498 1416 2555 facilius
1434 2498 1787 2550 proveniebant.
1819 2496 2127 2558 Suet.Vespas.

1236 2572 1273 2598 c.
1299 2556 1339 2598 5.
1374 2555 1600 2611 quidquid
1633 2555 1860 2608 cogitaret
1893 2558 2128 2600 volveret-

1235 2628 1319 2669 que
1341 2614 1500 2654 animo
1515 2620 1869 2667 proventurum.

1291 2698 1454 2739 otium.
1514 2694 1571 2738 cf.
1596 2702 1691 2736 not.
1732 2695 1787 2738 ad
1799 2712 1837 2738 c.
1857 2697 1901 2739 2.

1291 2779 1398 2824 Cap.
1424 2781 1496 2823 20.
1552 2779 1733 2821 vexilla
1763 2782 2039 2823 convellunt.
2100 2780 2131 2825 i.

1235 2854 1274 2881 e.
1308 2854 1331 2880 e
1362 2837 1462 2881 solo
1498 2835 1718 2887 evellunt,
1754 2836 1918 2896 quippe
1940 2837 2131 2882 redituri

1234 2895 1283 2938 in
1321 2902 1487 2948 castra,
1525 2901 1570 2936 et
1602 2896 1861 2936 conuellere
1891 2895 2130 2954 proprium

1238 2954 1291 2996 de
1323 2952 1408 2995 hac
1437 2968 1486 2995 re
1530 2959 1596 2994 est
1635 2952 1838 2994 verbum.
1917 2952 1975 2995 cf.
2008 2953 2131 2997 Suet.

1239 3010 1398 3053 Claud.
1431 3026 1470 3053 c.
1493 3008 1562 3053 13.

1296 3097 1550 3148 dereptum.

1629 3091 1707 3135 Sic
1749 3091 1851 3135 cod.
1892 3093 1994 3136 MS.
2037 3101 2133 3137 test.

1239 3152 1464 3203 Pichena,
1517 3148 1594 3207 qui
1629 3150 1686 3192 ita
1724 3150 1941 3250 reiposuit.
2017 3150 2133 3195 Edd.

1239 3209 1414 3268 priores
1468 3212 1712 3266 praeeunte
1774 3208 2007 3252 feroaldoz
2057 3209 2135 3251 di-

1240 3275 1443 3321 reptum.

1298 3356 1546 3412 antiquam
1565 3359 1845 3413 duramque.
1894 3354 1937 3398 h.
1961 3371 1999 3400 e.
2023 3356 2132 3399 anti-

1242 3429 1376 3471 quam
1426 3413 1633 3456 militiam
1676 3415 1857 3466 duram,
1911 3413 1981 3455 vel
2023 3415 2134 3456 anti·

1244 3486 1377 3528 quam
1406 3470 1592 3512 militiae
1628 3471 1863 3524 duritiem,
1902 3469 1954 3515 ἓν
1980 3470 2058 3515 διὰ
2086 3472 2132 3517 δ.

1246 3528 1309 3573 ef.
1327 3527 1446 3571 Roth
1479 3544 1520 3587 p.
1546 3528 1611 3572 55.
