2222 4030
217 211 346 274 252
404 183 406 190 ’

878 190 1400 266 ANNALIUM

1766 198 1819 238 Δ.
1832 200 1886 236 U.
1899 201 1993 237 '774-

1773 246 1824 281 A.
1847 244 1895 282 C.
1934 248 1994 284 21.

220 362 398 422 quam
422 341 581 397 solus
609 349 665 395 et
685 335 869 402 nullis
888 335 1293 412 voluptatibus
1316 344 1590 390 avocatus
1625 349 1904 396 maestam
1930 342 2083 417 vigi-

217 428 468 486 lantiam
494 437 552 482 et
572 425 758 480 malas
785 443 954 480 curas
983 430 1290 478 exerceret.

387 533 732 597 XXXVIII.

219 625 594 683 fatiscebant.

817 533 958 592 Non
996 533 1156 589 enim
1189 529 1506 600 Tiberim,
1562 551 1690 588 non
1724 550 2083 596 accusatores

689 617 770 677 Et
814 614 1154 676 Ancharius
1203 614 1439 673 Priscus
1486 614 1759 674 Caesium
1820 619 2086 682 Cordum
2164 624 2166 626 ’

219 701 637 787 proconsulem
667 703 904 762 *Cretae
965 701 1366 778 postulaverat
1432 704 1808 778 repetundiS‚
1879 709 2082 781 addito

219 792 539 852 maiestatis
591 791 837 848 crimine
857 835 872 858 ‚
949 788 1111 864 quod
1155 798 1283 843 tum
1324 788 1598 845 omnium
1648 794 2090 852 accusationum

222 869 718 957 complementum
759 885 899 932 erat.
984 869 1201 929 Caesar
1224 869 1554 930 Antistium
1579 872 1854 935 Veterem
1896 901 1926 936 e
1962 882 2091 957 pri-

220 967 488 1025 moribus
513 959 903 1022 Macedoniae
929 958 1268 1016 absolutum
1294 958 1573 1016 adulterii
1595 960 1899 1039 increpitis
1932 967 2092 1023 iudi-

219 1201 286 1247 tio
317 1198 474 1244 dedit?
517 1204 559 1240 et
589 1204 638 1238 ut
668 1193 830 1239 vitium
867 1193 980 1244 sint,
1020 1191 1120 1251 quis

223 1257 420 1317 scriptor
463 1254 509 1297 id
555 1252 754 1312 prodidit
806 1252 861 1295 de
900 1251 1122 1293 Druso?”

220 1317 296 1361 Ad
343 1329 459 1373 quae
498 1310 778 1370 respondeo:
835 1307 1122 1352 Aedificandi

222 1373 421 1422 studium
450 1369 499 1412 in
525 1368 719 1428 publicis
745 1366 957 1426 operibus
982 1374 1123 1432 tuen-

221 1434 290 1478 dis
310 1428 618 1474 reficiendisve
643 1425 867 1484 positum,
894 1425 997 1467 utA
1034 1440 1124 1491 ‘¹1'ss

220 1506 327 1551 pac,
353 1485 545 1543 Augusti
567 1483 760 1526 aliorum
795 1499 850 1525 ue
870 1496 978 1526 sane
1007 1481 1121 1544 audi

222 1563 358 1609 quam
390 1541 618 1602 vituperio
652 1540 739 1584 illis
789 1539 875 1584 uit.
950 1537 1039 1584 Sed
1074 1539 1124 1581 in

254 1603 408 1650 rivatis
477 1597 868 1643 aedificationibus
932 1613 1123 1657 parcum

220 1624 465 1708 faudabant
493 1657 612 1700 iuxta
646 1672 772 1706 eum,
806 1655 883 1714 qui
910 1671 984 1699 ma
1017 1655 1121 1721 nifi-

222 1737 304 1765 cus
338 1724 455 1761 esset
492 1715 541 1759 in
582 1713 834 1772 publicum.
906 1713 967 1763 cf.
1040 1713 1121 1756 lm.

220 1779 449 1835 Panegyr.
485 1789 526 1817 c.
562 1773 632 1816 51.
703 1771 815 1816 Tac.
850 1771 945 1815 An.
974 1771 1017 1820 6,
1050 1769 1121 1812 45.

221 1838 432 1880 modicus
463 1830 674 1886 privatis
708 1829 1125 1886 aedificationibus.

219 1894 279 1938 Et
323 1893 388 1941 in'v
413 1887 691 1933 aedificando
731 1887 972 1946 profusum
1002 1885 1129 1930 vitu-

219 1948 458 2013 perabant.
517 1945 578 1990 ef.
612 1944 802 1990 Sueton.
836 1944 946 1990 Ner.
980 1959 1022 1988 c.
1055 1943 1125 1988 31.

223 2009 381 2066 Quare
406 2004 577 2056 miror,
606 2003 841 2070 quomodo
866 2002 942 2046 illa
970 2001 1124 2060 Lipsio

222 2065 424 2112 excidere
459 2068 709 2121 potuermt.
789 2060 940 2118 Magis
978 2061 1127 2104 miror

221 2124 274 2169 Li
308 2123 362 2166 sii
415 2118 779 2163 emendationem
845 2118 1127 2161 editionibus

221 2139 334 2228 inge
362 2196 387 2224 a
419 2176 619 2223 Grutero
651 2176 699 2220 in
730 2192 888 2220 omnes
920 2175 1022 2220 edd.
1047 2191 1123 2231 re-

224 2256 276 2284 ce
308 2245 416 2282 tam.
496 2235 590 2277 Iam
626 2233 733 2277 licet
767 2233 910 2278 Drusi
951 2249 1126 2277 nomen

222 2310 285 2357 pu
321 2293 421 2338 licis
470 2290 683 2350 operibus
726 2308 822 2335 non
863 2291 1127 2342 innotuerit,

222 2351 375 2414 potuit
394 2360 546 2394 tamen
566 2348 826 2392 aedificator
848 2348 1019 2407 (Nepos
1035 2350 1127 2397 Att,

224 2429 265 2458 c.
288 2409 361 2456 13.
421 2405 621 2452 Iuvenal.
647 2404 717 2455 14,
739 2406 811 2450 86.
870 2407 908 2449 F
912 2406 999 2449 lor.
1029 2407 1068 2457 1,
1087 2406 1128 2456 8,

222 2470 286 2527 4.)
321 2482 419 2512 esse
448 2463 507 2509 in¹
529 2459 740 2523 privatis,
778 2463 845 2506 uti
876 2473 973 2507 tum
1005 2464 1126 2506 sole-

222 2528 336 2573 bant
363 2521 601 2570 luxuriosi.
661 2520 718 2565 cf.
742 2520 854 2565 infr.
877 2537 916 2564 c.
940 2519 1012 2563 53.
1046 2521 1129 2563 vil·

222 2580 389 2629 'arum
421 2581 610 2638 infinita
636 2579 814 2634 spatia.
873 2579 931 2622 Et
954 2579 1129 2645 aedifi·-

225 2643 434 2698 eationes
451 2647 541 2681 tam
564 2645 665 2695 apte
690 2637 973 2683 conveniunt
990 2635 1130 2688 luxm,

226 2701 282 2744 de
304 2695 396 2758 quo
418 2697 493 2741 hic
511 2709 664 2739 sermo
688 2702 779 2743 est,
806 2702 856 2736 ut
878 2694 1011 2753 plane
1031 2709 1130 2761 non

225 2757 427 2808 videam,
467 2752 578 2811 quid
606 2750 655 2794 in
682 2751 766 2795 illo
794 2751 1019 2796 vocabulo
1052 2767 1131 2794 111-

224 2813 498 2874 terpretibus
512 2809 750 2866 displicere
771 2807 988 2867 potuerit.
1017 2809 1128 2851 Edi-

226 2875 380 2917 tiones
409 2877 529 2915 certe
562 2867 637 2912 bic
667 2867 798 2911 nihili
828 2875 950 2911 sunt.
1023 2867 1127 2910 Do·

227 2938 360 2976 ceant
380 2942 561 2986 quaeso,
589 2925 650 2967 ita
670 2925 792 2968 nude
815 2924 1008 2992 positam
1032 2940 1130 2968 eam

224 3000 386 3030 vocem
401 2984 489 3029 dici
512 2983 567 3027 de
587 2983 855 3041 spectaculns
871 2982 919 3025 in
933 2981 1010 3025 tali
1024 2998 1130 3026 con-

226 3051 364 3095 textu,
387 3041 465 3086 ubi
485 3040 606 3085 nulla
618 3041 984 3098 spectaculorum
1005 3055 1130 3083 men·

227 3102 293 3145 tio
326 3098 581 3159 praecessit.
666 3096 731 3142 Ut
766 3114 821 3140 ue
862 3113 965 3140 eum
999 3112 1131 3141 usum

229 3157 488 3208 obtineant,
518 3164 567 3197 ut
593 3170 690 3199 non
714 3172 741 3198 o
777 3155 1012 3207 tinebunt,
1040 3171 1130 3214 po-

227 3205 318 3259 tius
339 3215 394 3258 ad
425 3213 578 3256 luxum
611 3221 814 3271 spectant
842 3213 1132 3270 aedificatio-

227 3288 317 3317 nes
351 3287 490 3332 quam
522 3271 765 3314 editiones.
834 3269 983 3314 Etiam
1014 3270 1130 3314 Sue-

228 3330 385 3374 tonius
419 3328 543 3384 (Ner.
566 3327 596 3371 l.
616 3328 664 3383 l.)
701 3328 799 3372 aliis
833 3330 958 3371 luxus
981 3344 1133 3371 exem-

264 3387 322 3431 lis
349 3386 501 3432 relatis
534 3383 700 3427 deinde
737 3385 1000 3429 aedificandi
1033 3395 1130 3429 stu-

228 3405 361 3489 gium
403 3443 545 3489 addit.
637 3441 718 3484 Vir
759 3444 922 3487 doctus
953 3442 1131 3501 Gryph-

229 3501 442 3547 emendat
465 3499 755 3545 aditionibus
779 3515 848 3543 sc.
873 3501 929 3544 ad
962 3509 1133 3552 coetus,

232 3560 290 3606 ad
313 3557 533 3612 circulos,
562 3558 619 3603 ed
642 3557 841 3610 amicos,
869 3557 926 3602 ad
951 3557 1132 3608 amicas,

1192 1191 1247 1236 ad
1278 1191 1528 1244 ientacula,
1561 1194 1778 1252 prandia,
1810 1213 1998 1253 coenas,
2037 1202 2094 1246 ad

1193 1251 1326 1295 ludos
1345 1268 1528 1310 quoque
1544 1260 1585 1295 et
1598 1255 1875 1310 spectacula;
1906 1257 2094 1303 Pascha-

1194 1307 1280 1350 lius
1313 1311 1730 1361 ambulationibus,
1760 1329 1873 1371 quae
1902 1324 2094 1375 utraque

1194 1367 1456 1410 coniectura
1498 1368 1534 1411 si
1563 1368 1655 1412 ‘cui
1705 1371 1948 1428 placuerit,
2008 1390 2093 1432 ego

1195 1439 1290 1468 non
1315 1424 1544 1482 invidebo.

1254 1498 1470 1538 traheret
1502 1482 1606 1540 edd.
1626 1497 1746 1557 Lips.
1767 1516 1867 1558 sqq.
1903 1504 2096 1547 trahere

1195 1553 1299 1597 edd.
1335 1553 1547 1598 Beroald.
1586 1556 1731 1599 Rhea.
1771 1558 1875 1603 ΑΜ.
1917 1559 2095 1621 Micyll.

1194 1621 1246 1655 ut
1265 1612 1456 1670 pendeat
1478 1625 1503 1654 e
1525 1615 1662 1657 verbo
1691 1615 1978 1662 intenderet.

1254 1699 1318 1726 m.
1346 1683 1650 1737 vigilantiam
1679 1693 1723 1728 et
1753 1690 1912 1731 malas
1936 1705 2095 1735 curas.

1195 1738 1330 1784 Roth.
1361 1757 1406 1798 p.
1428 1741 1501 1786 45.
1530 1741 1642 1787 baec
1672 1743 1803 1788 habet
1836 1747 1953 1790 inter
1979 1747 2097 1792 dicta

1196 1815 1279 1900 ger
1309 1798 1557 1866 formulam
1588 1799 1638 1844 ἓν
1672 1801 1750 1845 διὰ
1784 1803 1938 1872 ᾆυοῖν..
1959 1805 2100 1873 ’.Εο-

1231 1873 1301 1900 em
1327 1872 1423 1899 lure
1447 1873 1531 1915 pro
1554 1874 1822 1919 synonymis
1845 1878 2052 1922 accipies.

1254 1927 1367 1971 CAP.
1387 1927 1458 1972 38.
1522 1929 1736 1974 Caesium
1755 1933 1975 1977 Cordum.
2021 1934 2100 1980 Sic

1197 1984 1298 2030 edd.
1331 1985 1537 2031 Rhenan.
1580 2004 1681 2047 sqq.
1753 1990 1977 2034 Cordium
2008 1993 2097 2037 Be-

1197 2044 1341 2087 roald.
1402 2045 1490 2089 Sed
1520 2044 1628 2089 infr.
1653 2063 1694 2090 c.
1713 2047 1783 2092 70.
1812 2048 1934 2093 idem
1965 2049 2098 2095 habet

1201 2100 1391 2144 Cordus.
1434 2102 1546 2145 Mox
1562 2117 1655 2158 pro
1667 2108 1858 2148 consule
1879 2107 1978 2152 edd.
1994 2107 2099 2154 Ber.

1198 2157 1288 2204 lac.
1300 2157 1502 2215 Gronov.
1550 2160 1612 2204 cf.
1627 2171 1722 2207 not.
1738 2163 1794 2207 ad
1813 2164 1932 2208 035.
1989 2181 2099 2223 pro-

1198 2217 1438 2261 consulem
1469 2217 1570 2261 edd.
1602 2219 1810 2265 Rhenan.
1847 2239 1943 2283 sqq.
2024 2225 2099 2269 Ad

1194 2290 1284 2329 pro
1311 2277 1497 2318 consule
1518 2275 1720 2336 intellige
1744 2277 1874 2324 ὄντα.

1259 2347 1438 2392 Cretae.
1519 2346 1643 2391 Haec
1676 2349 1799 2393 enim
1829 2352 1948 2396 inter
1988 2369 2098 2412 pro-

1201 2403 1369 2448 vincias
1414 2406 1588 2448 senatui
1621 2407 1882 2467 populoque
1915 2411 1969 2454 ab
1999 2410 2099 2456 Au-

1230 2471 1330 2505 usto
1386 2461 1608 2506 ermissas.
1656 2465 1760 2509 Vid.
1783 2476 1879 2510 not.
1901 2467 1956 2510 ad
1979 2470 2102 2521 12⁷4.

1241 2527 1309 2562 ost
1404 2519 1543 2562 esium
1572 2519 1776 2565 Cordum
1809 2533 2098 2582 quaestorum

1201 2576 1361 2620 Cretae
1396 2577 1567 2621 mentio
1598 2587 1664 2622 est
1687 2581 1806 2637 apud
1841 2581 2097 2640 scriptores

1200 2634 1327 2678 Suet.
1355 2633 1493 2693 Vesp.
1523 2650 1565 2682 e.
1586 2637 1628 2680 2.
1676 2638 1974 2694 Moxviterum
1997 2651 2101 2685 sunt

1199 2693 1500 2751 proconsules
1523 2694 1605 2738 sub
1626 2683 1872 2740 Hadpiaho.

1261 2749 1456 2793 Caesar.
1537 2750 1612 2795 Sc.
1650 2752 1885 2806 Tiberius,
1943 2754 2101 2802 litteris

1202 2805 1258 2850 ad
1280 2815 1484 2851 senatum
1505 2808 1668 2853 missis.
1727 2810 1928 2859 Rickless
1953 2813 2030 2857 hic
2057 2824 2102 2859 et

1202 2880 1244 2908 c.
1266 2863 1336 2908 37.
1368 2880 1607 2923 perperam
1642 2868 1850 2926 intelligit
1876 2867 2099 2916 Drusum.

1202 2922 1290 2965 Se'd
1312 2922 1367 2966 de
1378 2922 1564 2967 Tiberio
1585 2933 1628 2968 et
1649 2929 1985 2973 accusatoribus
2006 2947 2102 2974 non

1200 2979 1511 3024 fatiscentibus
1531 2998 1658 3027 nunc
1680 2999 1831 3027 sermo
1856 2995 1935 3030 est.

1262 3053 1287 3080 e
1319 3039 1610 3092 primoribus
1635 3042 1960 3087 Macedoniae.
2020 3046 2100 3089 In-

1202 3095 1353 3152 tellige
1395 3095 1544 3140 virum
1581 3098 1884 3143 Macedonem
1926 3101 2102 3146 civitate

1203 3153 1421 3196 donatum
1451 3153 1585 3198 simul
1609 3155 1760 3198 addito
1796 3158 1982 3203 nomine
2004 3160 2100 3203 Ro-

1203 3226 1366 3262 mane,
1396 3212 1460 3254 uti
1480 3212 1620 3256 moris
1645 3221 1766 3263 erat,
1795 3214 1890 3262 sive
1911 3232 1994 3274 per
2015 3217 2099 3261 ad-

1204 3267 1437 3326 optionem
1486 3268 1533 3312 id
1583 3279 1741 3314 nactus
1793 3281 1874 3318 est.
1961 3274 2103 3332 Quod

1204 3333 1354 3369 autem
1375 3325 1547 3370 Romae
1567 3327 1789 3374 iudicatus
1813 3339 1908 3382 est,
1937 3332 1983 3376 id
2003 3348 2102 3377 non

1202 3381 1364 3427 miror.
1424 3383 1540 3426 Nam
1567 3385 1685 3429 cives
1705 3387 1898 3433 Romani
1928 3389 1978 3434 in
2008 3391 2099 3434 cri-

1204 3440 1329 3485 mine
1362 3440 1540 3501 capitali
1573 3457 1597 3484 a
1630 3446 1960 3501 magistratibus
1989 3463 2102 3506 pro-

1203 3498 1471 3544 vincialibus
1507 3515 1602 3543 non
1636 3501 1862 3548 debebant
1895 3505 2100 3556 iudicari,

1203 3556 1282 3601 sed
1305 3555 1422 3602 mitti
1443 3556 1658 3605 Romam.
