2222 4030
308 237 432 298 336
962 237 1466 298 ANNALIUM
1754 237 2068 319 223273227332

305 357 461 437 sem,
502 366 608 423 ubi
633 366 820 441 specie
846 368 1176 438 studiorum
1200 388 1422 424 nomen
1445 368 1633 425 exsilii
1657 380 1965 444 tegeretur.
2049 367 2157 428 ha-

303 453 464 509 bitus
487 463 684 509 tamen
708 452 994 527 supremis
1022 450 1217 509 honor
1240 472 1485 530 ossaque
1511 456 1741 512 tumulo
1766 453 2159 513 Octaviorum

305 537 489 594 inlata
514 557 621 612 per
645 537 943 594 decretum
966 549 1218 596 senatus,

473 619 660 681 XLV.
748 619 962 678 Iisdem
994 622 1333 678 consulibus
1358 624 1586 681 facinus
1607 636 1772 682 atrox
1798 627 1864 681 in
1888 625 2158 683 citeriore

302 705 594 782 Hispania
623 707 946 763 ‘admissum
979 726 1013 762 a
1035 708 1294 782 quodam
1317 710 1529 782 agresti
1552 711 1813 767 nationis
1835 710 2160 768 Termesti-

303 813 434 852 nae.
520 792 570 847 is
599 803 921 868 praetorem
955 791 1295 865 provinciae
1317 792 1387 852 L.
1409 793 1685 869 Pisonem
1717 817 1857 871 pace
1894 797 2161 853 incurio-

303 897 436 935 sum
463 897 531 933 ex
554 877 872 953 improviso
895 875 961 931 in
981 876 1193 934 itinere
1225 879 1466 936 adortus
1495 901 1616 937 uno
1639 883 1886 938 vulnere
1908 881 1974 937 in
1995 902 2160 939 mor-

303 975 424 1021 tem
452 962 689 1020 adfecit:
734 982 797 1018 ac
824 960 1169 1035 pernicitate
1209 963 1346 1040 equi
1381 967 1664 1039 profugus
1698 977 2011 1042 postquam
2044 967 2162 1023 sal—

302 1060 503 1106 tuosos
524 1047 683 1104 locos
709 1046 1006 1118 attigerat,
1048 1048 1293 1105 dimisso
1328 1069 1477 1125 equo
1510 1071 1618 1126 per
1653 1051 1901 1126 derupta
1937 1062 1994 1107 et
2029 1052 2161 1108 avia

303 1133 598 1211 sequentis
634 1134 944 1188 frustratus
985 1143 1089 1192 est.
1175 1154 1367 1210 neque
1402 1135 1508 1191 diu
1544 1136 1768 1195 fefellit.
1854 1156 1994 1192 nam
2026 1156 2166 1212 pre-

302 1214 488 1276 henso
538 1219 830 1292 ductoque
866 1236 973 1291 per
1016 1219 1317 1293 proximos
1351 1239 1531 1294 pagos
1568 1241 1749 1298 equ0‚
1798 1221 1966 1278 cuius
2011 1223 2163 1278 foret

302 1305 625 1379 cognitum:
671 1312 727 1358 et
759 1313 1025 1376 repertus
1059 1324 1194 1360 cum
1220 1306 1528 1362 tormentis
1550 1307 1723 1364 edere
1748 1306 2012 1363 conscios
2033 1307 2163 1364 adi-

301 1400 564 1465 geretur,
608 1406 749 1443 voce
782 1406 994 1460 magna
1032 1409 1301 1446 sermone
1334 1391 1525 1466 patrio
1557 1393 1774 1449 frustra
1810 1412 1870 1448 se
1907 1391 2163 1448 interro-

300 1475 426 1550 gari
461 1471 807 1530 clamitavit:
848 1473 1198 1543 adsisterent
1232 1476 1376 1532 socii
1412 1497 1478 1533 ac
1503 1488 1847 1552 spectarent.
1933 1478 2163 1534 nullam

299 1561 422 1617 vim
446 1568 672 1615 tantam
699 1557 923 1614 doloris
943 1558 1098 1629 fore,
1136 1571 1203 1617 ut
1231 1561 1537 1619 veritatem
1563 1563 1814 1622 eliceret.
1886 1562 2163 1639 idemque

300 1666 436 1702 cum
458 1653 692 1719 postero
718 1643 793 1699 ad
818 1645 1242 1719 quaesitionem
1278 1643 1703 1718 retraheretur,
1745 1668 1813 1704 eo
1854 1647 1991 1704 nisu
2022 1668 2165 1724 pro-

300 1731 488 1807 ripuit
510 1749 570 1786 se
595 1729 939 1786 custodibus
969 1750 1224 1808 saxoque
1255 1743 1429 1807 caput
1454 1733 1709 1803 adflixit,
1750 1744 1818 1790 ut
1843 1734 2040 1791 statim
2066 1753 2165 1788 ex-

300 1816 682 1874 animaretur.
769 1813 888 1873 Sed
924 1813 1060 1873 Piso
1090 1814 1607 1875 Termestinorum
1641 1819 1780 1876 dolo
1817 1838 2016 1876 caesus
2053 1813 2164 1874 ha-

299 1903 498 1960 betur:
543 1899 649 1977 qui
680 1900 958 1974 pecunias
994 1922 1024 1958 e
1059 1902 1300 1977 publico
1338 1903 1687 1981 interceptas
1722 1903 1943 1974 acrius,
1987 1924 2166 1981 quam

298 1998 367 2044 ut
387 1988 708 2045 tolerarent
730 1985 1000 2056 barbari,
1044 1988 1304 2061 cogebat.

471 2068 691 2130 XLVI.
777 2069 1034 2128 Lentulo
1071 2070 1410 2144 Gaetulic0,
1463 2071 1531 2133 C.
1567 2071 1825 2132 Calvisio
1873 2095 2016 2134 coss,
2060 2075 2166 2131 de-

302 2168 457 2215 creta
489 2151 782 2233 triumphi
814 2156 1070 2231 insignia
1101 2156 1376 2234 Poppaeo
1420 2157 1644 2217 Sabino
1680 2160 1938 2217 contusis
1966 2156 2166 2217 Thra-

301 2256 439 2300 cum
463 2241 764 2315 gentibuS,
807 2243 911 2318 qui
937 2243 1232 2301 montium
1257 2244 1429 2302 editis
1453 2245 1665 2302 inculti
1694 2257 1869 2323 atque
1907 2266 1974 2302 eo
2008 2246 2167 2302 fero-

302 2328 428 2385 cius
458 2326 773 2401 agitabant.
860 2324 1051 2385 Causa
1083 2341 1279 2386 motus
1304 2351 1479 2407 super
1500 2325 1815 2388 hominum
1846 2332 2167 2405 ingenium,

301 2413 464 2490 quod
486 2412 610 2487 pati
634 2411 892 2468 delectus
916 2422 972 2469 et
994 2414 1424 2471 validissimum
1449 2437 1742 2493 quemque
1767 2417 2016 2474 militiae
2052 2437 2165 2472 no·-

302 2510 453 2556 strae
476 2498 615 2553 dare
641 2498 1133 2570 aspernabantur,
1178 2519 1254 2555 ne
1280 2500 1517 2573 regibus
1545 2502 1783 2578 quidem
1809 2522 2014 2577 parere
2049 2502 2166 2556 nisi

303 2604 372 2640 ex
396 2582 650 2640 libidine
685 2581 875 2651 soliti,
916 2595 1018 2641 aut
1042 2584 1093 2639 si
1113 2584 1414 2642 mitterent
1434 2586 1682 2656 auxilia,
1722 2606 1857 2643 suos
1894 2587 2166 2644 ductores

302 2669 616 2746 praeficere
665 2685 774 2723 nec
814 2667 933 2723 nisi
971 2669 1285 2727 adversum
1328 2670 1564 2727 adcolas
1605 2671 1970 2745 belligerare.
2077 2667 2166 2728 Ac

361 2914 474 2958 CAP.
493 2913 564 2958 45.
624 2916 814 2970 agresti.
877 2915 954 2959 Sic
976 2917 1077 2960 cod.
1096 2916 1198 2959 MS.
1273 2917 1353 2972 (ef.
1382 2916 1516 2965 230.
1546 2916 1616 2968 14,
1637 2917 1725 2974 60.)
1750 2915 1921 2975 vulgari
1945 2917 2165 2984 sc1iptura

304 2980 403 3015 test.
432 2973 519 3015 Iac.
549 2970 755 3016 Gronov.
785 2973 887 3016 edd.
912 2973 1071 3017 Oberl.
1104 2989 1200 3031 sqq.
1272 2975 1505 3017 uteietur?
1536 2974 1630 3017 Pro
1654 2974 1798 3018 lubitu
1822 2991 1924 3017 eum
1940 2974 2006 3018 sie
2027 2975 2166 3032 egisse

303 3037 489 3083 agreste
521 3029 624 3071 edd.
659 3030 762 3073 Ber.
793 3046 892 3088 sqq.
949 3031 1061 3073 Mox
1090 3030 1199 3074 Ald.
1271 3047 1407 3074 nemo
1429 3031 1538 3074 mihi
1559 3031 1860 3090 persuadebit.

305 3085 472 3130 Offilfflt
497 3102 536 3128 ‘S
557 3095 660 3129 ame
679 3102 740 3141 1⁰¹⁶
741 3097 878 3130 aem?
880 3104 970 3132 em
1325 3103 1552 3156 pecunias
1591 3117 1616 3144 e
1645 3104 1830 3158 publico
1871 3104 2164 3157 mterceptas.

339 3159 409 3199 in
445 3163 646 3198 mortem
678 3157 867 3213 adfeci&
940 3158 1017 3203 Sic
1053 3161 1092 3207 1,
1126 3159 1196 3202 57.
1272 3160 1476 3217 Intellige
1498 3167 1706 3211 retentas,
1732 3176 1829 3202 non
1851 3159 2018 3202 solutas
2042 3176 2066 3202 a
2087 3159 2164 3202 de-

305 3215 428 3256 victa
447 3216 496 3256 in
515 3215 756 3257 lacrimas.
806 3216 862 3258 cf
883 3225 977 3259 not.
1001 3217 1116 3267 ad2,
1129 3218 1198 3260 62.
1270 3195 1492 3259 bitoribus
1524 3217 1590 3260 rei
1624 3217 1846 3282 publicae.
1908 3215 2165 3260 Gronovius

302 3272 417 3326 Mox
458 3269 565 3314 Ald.
610 3274 895 3327 sequenteis,
953 3274 1018 3316 uti
1071 3275 1198 3318 solet.
1272 3274 1394 3316 iubet
1416 3274 1746 3317 conferriplin.
1770 3290 1839 3332 ep.
1867 3277 1933 3325 10,
1954 3274 2011 3318 28
2031 3283 2074 3319 et
2091 3274 2162 3318 34.

306 3329 542 3385 sequentis
566 3328 666 3370 cod.
689 3330 791 3373 MS.
1271 3330 1439 3389 Paneg.
1479 3348 1518 3376 c.
1541 3332 1612 3374 70.

363 3403 427 3442 ad
447 3399 797 3455 quaeszmtz'onem
845 3398 1092 3460 Ἀρχαὶκως
1114 3401 1200 3444 hoc
1331 3400 1444 3445 CAP.
1472 3402 1543 3445 46.
1617 3402 1874 3445 Gaetulzco.
1936 3403 2020 3446 Ed.
2058 3402 2163 3445 Be1.

307 3475 399 3501 esse
441 3456 664 3522 seriptum
707 3455 876 3501 ferunt.
960 3459 1053 3502 Sed
1092 3459 1200 3516 quid
1275 3459 1506 3511 Gelultto;
1545 3460 1646 3504 edd.
1668 3460 1869 3503 Rhenan.
1892 3476 1989 3518 sqq.
2017 3461 2162 3504 Getu-

305 3515 488 3558 tandem
521 3512 686 3583 aqcidit
706 3512 888 3566 Tacito,
926 3524 977 3558 ut
1006 3515 1083 3560 hic.
1111 3532 1196 3581 po·-
1271 3517 1375 3563 lico.
1436 3517 1494 3560 ef.
1515 3518 1556 3569 6,
1580 3517 1652 3562 30.
1676 3526 1718 3561 et
1741 3534 1873 3575 supra
1898 3533 1936 3561 c.
1952 3518 2009 3560 42
2030 3528 2071 3561 et
2093 3519 2164 3561 44.

308 3572 529 3614 tissimum
555 3569 787 3629 ἀρχαὶκῶς
820 3573 1059 3622 smiberet,
1093 3573 1198 3618 alibi
1272 3574 1422 3630 ibique
1445 3583 1541 3618 not.
