2222 4030
266 146 308 201 2
949 132 1458 225 ANNALIUM

270 265 366 308 ditu
386 261 552 306 irritae.
613 258 684 302 52.
716 259 922 304 Tiberius
947 261 1058 304 mali
1085 277 1142 303 ue
1171 260 1321 303 laudat
1345 259 1684 303 Germanicum.
1747 261 1819 305 53.
1850 263 1986 307 Iuliae
2013 278 2136 307 mors
2198 260 2219 314 .‚''

269 329 317 365 et*
337 335 502 419 mores).
537 315 769 377 Gracchus
787 333 954 362 caesus.
1016 320 1042 361 5
1075 349 1087 361 .
1114 317 1299 361 Sodales
1311 317 1578 376 Augustales
1592 318 1903 366 instituuntur.
1934 321 2136 364 Histrio·-

268 379 368 425 niae
393 385 466 421 tur
501 391 564 417 ae.
1521 405 1525 411 .

439 433 510 475 55.
525 432 737 475 Proximo
759 448 878 476 anno
900 431 947 475 in
963 432 1117 476 Cattos
1143 434 1366 475 excursus.
1398 431 1645 476 Arminius.
1676 432 1894 488 Segestes.
1926 436 1996 479 56.
2018 435 2137 479 Catti
2208 471 2217 478 .

266 491 518 550 improviso
544 490 760 549 oppressi.
813 490 1028 532 Mattium
1052 490 1303 532 incensum.
1359 489 1431 532 57.
1465 485 1693 548 Segestem
1722 482 1954 535 o‘hsessum
1977 494 2134 536 liberat

270 547 582 594 Germanicus.
645 547 776 592 Uxor
806 547 1002 590 Arminii
1036 555 1178 603 capta.
1242 546 1311 591 58.
1345 546 1537 604 Segestis
1576 550 1735 591 oratio.
1795 549 1995 608 Segestes
2029 566 2134 593 cum

267 607 359 651 suis
408 605 601 661 benigne
650 605 842 648 habitus.
927 604 1000 646 59.
1043 602 1276 646 Arminius
1316 603 1364 646 iu
1403 620 1508 646 eum
1549 615 1592 648 et
1627 606 1857 650 Romanos
1899 606 2133 650 invehitur.

267 666 339 709 60.
372 661 588 706 Cherusci
616 663 779 720 aliique
847 661 970 719 opuli
1004 660 1237 704 rebellant.
1297 660 1505 704 Bructeri
1542 662 1644 705 fusi.
1747 663 1818 706 61.
1850 665 2134 707 Monimenta

269 721 405 765 cladis
430 719 664 764 Varianae.
723 720 815 763 62„
863 719 1051 775 eliquiae
1078 717 1196 759 illius
1226 716 1362 760 cladis
1386 720 1655 772 tumulatae,
1686 720 1972 778 improbante
1995 721 2135 763 Tibe—

268 780 355 823 rio.
428 777 501 821 63.
533 777 690 836 Pugna
726 793 833 821 cum
867 776 1093 819 Arminio.
1163 771 1236 816 64.
1269 773 1508 819 Caecinam
1545 777 1646 820 loco
1687 779 1843 835 iniquo
1879 779 2136 837 aggreditur

266 835 501 880 Arminius
524 834 814 893 intrepidum.
876 834 949 876 65.
983 833 1152 875 Milites
1188 833 1474 876 consternati.
1538 833 1755 878 Caecinae
1793 838 2022 880 somnium
2058 836 2134 878 in-

265 894 477 941 faustum.
510 892 638 936 Caesi
661 908 800 950 paene
822 890 1034 934 Romani.
1078 890 1148 932 66.
1163 887 1358 933 Panicus
1381 899 1527 933 terror
1550 900 1600 933 ut
1624 909 1866 949 repressus.
1916 894 1988 937 67.
2006 893 2132 936 Con—

265 952 418 995 silium
451 949 668 994 Caecinae
705 950 760 992 de
798 964 990 992 recessu.
1068 947 1140 989 68.
1177 946 1299 988 Felix
1336 947 1528 1004 eruptio.
1595 948 1931 994 Germanorum
1969 951 2132 995 clades.

265 1009 339 1053 69.
365 1008 641 1067 Agrippinae
668 1006 810 1049 viriles
836 1022 969 1050 curae
983 1003 1218 1047 Tiberium
1242 1003 1488 1047 offendunt.
1547 1003 1618 1048 70.
1653 1005 1867 1064 Legiones
1891 1016 2012 1052 aestu
2039 1025 2131 1051 ma-

264 1066 326 1110 ris
351 1083 458 1111 cum
484 1065 686 1122 periculo
707 1072 930 1109 revectae.
981 1063 1054 1104 71.
1079 1061 1335 1118 Segimerus
1360 1061 1406 1103 in
1434 1061 1707 1106 deditionem
1733 1075 1957 1124 acceptus.
1993 1065 2132 1107 Exer-

267 1125 382 1168 citus
407 1122 568 1166 damna
594 1121 811 1181 suppleta.
873 1120 944 1162 72.
977 1119 1147 1162 Tiberii
1182 1118 1284 1162 ficta
1319 1118 1556 1163 modestia.
1618 1121 1703 1164 Lex
1727 1123 1966 1166 maiestatis
1994 1139 2131 1168 revo-

266 1191 384 1232 cata,
423 1181 496 1225 73.
525 1180 637 1223 etin
663 1178 859 1222 minimis
886 1177 1152 1234 quibusdam
1183 1176 1390 1219 exercita.
1453 1176 1741 1221 Delationum
1780 1182 1912 1239 pestis
1947 1181 2132 1237 ingruit.

263 1239 334 1282 74.
353 1238 598 1282 Marcellus
622 1236 859 1280 maiestatis
886 1235 1153 1291 postulatus.
1200 1233 1254 1275 In
1280 1250 1384 1276 eum
1408 1234 1473 1277 ira
1485 1235 1651 1278 Tiberii
1676 1237 1913 1286 incautior.
1965 1228 2034 1280 755.
2050 1238 2134 1280 Ti-

261 1296 377 1340 berii
412 1295 663 1340 liberalitas.
734 1294 806 1336 76.
839 1292 1012 1335 Tiberis
1050 1291 1302 1334 inundatio.
1364 1290 1532 1336 Achaia
1568 1302 1611 1336 et
1642 1294 1911 1339 Macedonia
1948 1297 2132 1339 levatae,

263 1353 402 1398 Drusi
440 1369 621 1395 munus.
705 1352 778 1394 77.
810 1349 990 1393 Theatri
1028 1349 1204 1392 licentia
1249 1350 1459 1392 coercita.
1539 1350 1612 1393 78.
1646 1351 1888 1409 Templum
1922 1353 2133 1411 Augusti.

263 1411 533 1456 Centesima.
593 1410 665 1452 79.
698 1409 771 1452 An
795 1424 936 1467 aquae
959 1407 1110 1449 Tiberi
1143 1406 1475 1450 subducendae.
1536 1407 1606 1450 80.
1641 1408 1849 1453 Tiberius
1885 1428 1968 1454 cur
2000 1428 2133 1469 prae-

261 1469 377 1512 sides
400 1484 503 1512 raro
527 1468 728 1511 mutarit.
789 1467 864 1511 81.
897 1464 1202 1508 Comitiorum
1229 1464 1417 1513 confusa
1438 1465 1569 1509 ratio.

433 1536 556 1579 Haec
587 1536 680 1578 sere
710 1535 894 1579 biennio
926 1542 1074 1591 gesta,

374 1592 504 1636 Sex.
547 1594 835 1635 Pompmo
882 1605 948 1633 ET
995 1591 1124 1633 Sex.
1167 1589 1512 1639 ΑΡΡυιΕιο,

375 1650 632 1694 Nenour:
676 1651 948 1695 CLAumo
992 1647 1201 1691 Dauso
1246 1647 1534 1692 CAESARE

433 1708 486 1752 C.
530 1708 861 1759 NORBANO,
907 1705 1078 1750 Coss.

1564 1591 1734 1637 Cosa

1588 1664 1658 1693 ET

230 1931 507 2022 ‘Urbem
527 1959 787 2018 Romam
818 1979 850 2015 a
878 1959 1174 2033 principio
1212 1977 1374 2031 reges
1408 1954 1686 2016 habuere.
1771 1956 2130 2016 Libertatem

260 2061 318 2106 et
348 2049 720 2104 consulatum
751 2044 821 2103 L.
853 2043 1076 2102 Brutus
1110 2043 1382 2102 instituit.
1425 2043 1746 2100 dictaturae
1786 2046 1860 2100 ad
1903 2056 2131 2120 tempus

260 2134 669 2191 sumebantur:
741 2151 933 2207 neque
990 2129 1396 2186 decemviralis
1447 2140 1700 2203 potestas
1749 2130 1905 2185 ultra
1960 2130 2130 2187 bien-

257 2220 460 2289 nium,
503 2237 697 2294 neque
727 2216 1109 2274 tribunorum
1134 2215 1395 2271 militum
1427 2215 1736 2270 consulare
1769 2214 1860 2271 ius
1894 2215 1998 2272 diu
2027 2238 2131 2273 va-

775 2389 1623 2437 COMMENTARIUS.

318 2478 432 2523 CAP.
464 2481 504 2523 1.
565 2480 630 2521 ad
660 2484 860 2531 tempus.
922 2476 978 2520 Η.
1010 2493 1049 2520 e.
1091 2477 1156 2519 di·
1228 2473 1406 2532 καιρόν.
1468 2477 1561 2520 Dio
1599 2477 1668 2528 56,
1697 2475 1771 2519 39.
1818 2474 1992 2536 μικράν
2025 2494 2128 2523 τινα

261 2547 482 2582 ctaturam
518 2552 611 2579 non
646 2535 780 2577 fuisse
811 2534 1051 2592 imperium
1085 2551 1155 2576 or-

261 2595 484 2639 dinarium
519 2603 594 2637 aut
626 2608 856 2641 annuum,
888 2601 935 2634 ut
965 2606 1154 2649 regnum

260 2663 305 2697 et
329 2652 608 2703 consulatus,
639 2649 716 2694 sed
737 2659 853 2693 extra
881 2650 1086 2693 ordinem
1114 2656 1156 2690 et

261 2720 438 2755 tantum
470 2711 518 2752 in
551 2717 755 2767 tempus,
807 2706 930 2765 quod
968 2707 1154 2750 dictato·

261 2784 359 2810 rem
396 2775 623 2826 posceret,
668 2766 840 2808 datum.
923 2765 999 2808 Sic
1030 2763 1152 2806 Suet.

251 2825 346 2869 ·Iul.
400 2841 441 2868 c.
473 2825 546 2868 39.
591 2825 800 2868 stadium
852 2826 918 2865 ad
974 2830 1158 2876 tempus

263 2890 552 2926 exstructum
586 2891 650 2926 est
684 2880 878 2929 stadium
908 2895 1004 2924 non
1038 2878 1156 2923 stati-

261 2956 372 2985 vum
389 2972 402 2989 ,
433 2940 510 2982 sed
533 2939 580 2982 in
605 2954 739 2983 usum
762 2937 947 2981 illorum
980 2938 1155 2980 dierum

261 2998 460 3049 factum,
514 3005 563 3039 ut
599 3005 752 3055 postea
795 2997 952 3039 abrum
991 3003 1154 3038 eretur.

260 3056 434 3100 Eodem
469 3068 602 3098 sensu
634 3054 743 3096 ibid.
776 3069 816 3096 c.
845 3055 912 3096 10.
975 3054 1158 3097 icuntur

255 3116 466 3169 porticus
517 3115 583 3154 ad
633 3119 818 3165 tempus
872 3117 1155 3154 exstructae.

257 3170 475 3214 prudent.
519 3167 776 3214 Cathemer.
820 3168 956 3227 Hym.
1001 3169 1046 3219 1,
1083 3164 1156 3209 25.

259 3243 450 3272 somnus
477 3230 547 3270 ad
573 3234 755 3282 tempus
786 3229 924 3269 datus
952 3233 1021 3269 est
1038 3224 1153 3281 for-

259 3303 345 3330 ma
364 3288 527 3328 mortis
544 3283 763 3340 perpetis,
807 3283 918 3327 Tac.
943 3285 997 3326 de
1024 3283 1155 3326 Orat.

208 3368 214 3377 x
261 3361 304 3389 c.
328 3344 400 3388 32.
430 3342 622 3400 sufficit,
648 3349 702 3391 ut
734 3344 799 3384 ad
831 3349 1009 3396 tempus
1037 3342 1157 3384 sim-

255 3404 378 3457 plex
411 3404 633 3458 quiddam
659 3407 706 3442 et
731 3399 963 3454 uniforme
987 3402 1156 3441 docea-

261 3473 382 3503 mur.
473 3457 635 3503 Graeci
677 3456 743 3503 sie
785 3455 998 3501 adhibent
1039 3455 1156 3514 πρὸς

1226 2532 1366 2592 ὶσχὺν
1385 2536 1462 2578 καὶ
1488 2531 1659 2590 ταύτην
1682 2532 1795 2591 πρὸς
1813 2535 1978 2594 καιρὸν
1993 2536 2129 2594 ἕχον-

1228 2608 1314 2641 τες.
1376 2592 1557 2635 Arrian.
1594 2593 1746 2651 exped.
1775 2593 1900 2636 Alex.
1926 2595 1968 2643 7,
1992 2594 2035 2637 7.
2074 2596 2128 2638 de

1225 2650 1337 2695 rivis
1366 2650 1485 2708 apud
1509 2650 1805 2708 Euphratem:
1839 2654 1890 2694 αἱ
1913 2653 2004 2709 μὲν
2027 2651 2126 2696 ἀέν-

1228 2722 1335 2751 ναοι
1348 2722 1446 2776 *—·
1499 2706 1580 2756 τὰς
1612 2708 1664 2751 δὲ
1696 2710 1775 2750 καὶ
1806 2708 1923 2767 πρὸς
1965 2710 2129 2769 καιρὸν

1230 2780 1492 2810 πὀιουνται.

1287 2827 1415 2866 ultra
1438 2823 1690 2867 biennium.
1751 2822 1927 2883 Lipsius
1953 2826 2128 2884 accipit,

1231 2882 1354 2940 quasi
1373 2889 1532 2925 auctor
1548 2881 1799 2938 scripserit:
1829 2885 1958 2925 haud
1978 2887 2127 2926 multo

1229 2943 1358 2982 ultra
1390 2940 1647 2989 biennium,
1678 2939 1891 2996 quoniam
1926 2957 2032 2983 sane
2061 2943 2127 2985 ul-

1228 3006 1295 3041 tra
1331 2995 1564 3039 biennium
1606 2996 1843 3039 decemviri
1880 2999 2126 3056 potentiam

1228 3060 1428 3097 tenuere.
1500 3052 1614 3095 Cum
1642 3052 1792 3110 Lipsio
1819 3054 1925 3098 facit
1948 3055 2125 3100 Freins-

1228 3111 1418 3154 hemius.
1482 3110 1744 3153 Vertranius
1777 3111 1932 3156 locum
1959 3114 2124 3172 corrigi

1227 3169 1351 3212 iubet
1381 3168 1428 3210 in
1465 3170 1595 3210 ultra
1639 3170 1905 3214 triennium.
1985 3170 2047 3215 At
2077 3188 2126 3215 re

1228 3242 1335 3271 vera
1354 3233 1564 3279 potestas
1589 3229 2030 3283 decemv1'mlzsnon
2058 3230 2123 3272 ul·-

1227 3291 1296 3327 tra
1333 3283 1566 3326 biennium
1599 3283 1792 3327 duravit.
1845 3285 1905 3328 cf.
1939 3285 2038 3330 Liv.
2077 3285 2119 3336 3,

1226 3340 1301 3384 38.
1345 3341 1463 3394 Idus
1513 3341 1672 3383 Maiae
1720 3355 1905 3386 venere.
1966 3345 2123 3388 Nullis

1225 3393 1487 3454 subt-&gratis
1552 3399 1900 3452 magistratibus
1946 3402 2127 3453 privati

1219 3470 1312 3513 pro
1339 3457 1613 3500 decemviris
1639 3479 1694 3490 —-
1711 3461 1961 3510 prodeunt.
2037 3459 2119 3517 lgi-
