2222 4030
59 1557 68 1574 0

97 1590 284 1661 Alc-‘uzi

361 209 483 266 308
1022 199 1544 261 ANNALIUM
1886 199 2127 280 2:223}

359 337 588 410 egitque
610 329 768 388 Nero
797 342 986 406 grates
1009 352 1073 389 ea
1100 350 1270 388 causa
1290 330 1557 407 patribus
1580 341 1754 408 atque
1778 352 1888 390 avo
1911 334 2090 392 laetas
2118 336 2215 392 in-

359 434 446 478 ter
473 417 841 475 audientium
865 418 1220 474 adfectiones
1237 460 1252 483 ,
1293 416 1396 491 qui
1420 417 1643 473 recenti
1663 419 1948 476 memoria
1962 418 2215 477 Germa-

356 505 478 562 nici
500 504 673 560 illum
695 502 921 578 aspici.
956 502 1128 557 illum
1153 499 1345 555 audiri
1364 501 1673 558 rebantur:
1729 504 2086 581 aderantque
2117 506 2214 563 iu-

356 590 495 648 veni
517 587 801 644 modestia
823 607 890 644 ac
911 587 1098 643 forma
1124 584 1390 660 principe
1414 585 1544 642 viro
1573 587 1778 660 digna,
1805 589 1964 646 notis
1987 591 2054 646 in
2078 611 2213 648 eum

352 674 558 735 Seiani
583 672 736 731 odiis
761 672 838 729 ob
864 670 1194 747 periculum
1216 670 1489 743 gratiora.

521 808 686 870 XVI.
729 809 853 868 Sub
893 808 1051 863 idem
1087 818 1314 882 tempus
1351 809 1423 865 de
1456 808 1696 866 flamine
1720 806 1882 866 Diali
1914 811 1979 868 in
2010 811 2210 869 locum

354 895 548 957 Servii
593 892 1024 967 Maluginensis
1073 893 1336 949 defuncti
1385 894 1662 966 legendo,
1727 897 1903 953 simul
1947 898 2212 971 roganda

352 1000 507 1040 nova
544 981 669 1055 lege
701 977 976 1035 disseruit
1009 974 1241 1036 Caesar.
1327 997 1466 1034 nam
1509 979 1785 1052 patricios
1833 975 2211 1039 confarreatis

349 1064 692 1145 parentibus
715 1063 941 1137 genitos
965 1074 1083 1119 tres
1111 1062 1288 1119 simul
1311 1063 1644 1133 nominari,
1689 1085 1756 1120 ex
1779 1067 1910 1142 quis
1932 1087 2091 1124 unus
2119 1068 2209 1124 le-

349 1164 582 1228 geretur
615 1159 843 1205 vetusto
870 1168 1061 1204 more:
1107 1168 1298 1224 neque
1325 1150 1522 1205 adesse
1550 1161 1617 1206 ut
1640 1149 1784 1206 olim
1811 1171 1939 1207 eam
1964 1152 2209 1228 copiam,

346 1236 559 1299 omissa
582 1233 993 1331 confarreagdi
1016 1234 1403 1290 adsuetudine
1425 1246 1526 1292 aut
1546 1234 1701 1291 inter
1721 1245 1937 1310 paucos
1960 1249 2207 1299 retenta.

343 1324 656 1400 pluresque
680 1319 803 1376 eius
829 1328 916 1375 rei
940 1339 1139 1375 causas
1161 1319 1485 1378 adferebat:
1521 1320 1888 1395 potissimam
1910 1343 2087 1397 penes
2109 1323 2208 1378 in-

346 1408 569 1465 curiam
597 1405 866 1462 virorum
889 1404 1385 1481 feminarumque:
1431 1406 1702 1463 accedere
1729 1418 1784 1463 et
1812 1407 1994 1483 ipsius
2022 1409 2207 1465 caeri-

339 1491 575 1549 moniae
603 1490 1002 1560 difficultateS,
1025 1509 1174 1567 quae
1197 1490 1466 1546 consulto
1490 1490 1821 1548 vitarentur
1835 1538 1850 1562 ‚
1885 1504 1940 1549 et
1963 1495 2203 1571 quando

341 1578 524 1635 exiret
556 1597 586 1633 e
622 1576 751 1632 iure
785 1575 1007 1651 patric,
1052 1577 1156 1651 qui
1182 1575 1244 1630 id
1267 1575 1602 1632 flaminium
1626 1577 1982 1651 apisceretur
2009 1569 2204 1655 'qua-el·¹

338 1684 451 1741 que
490 1662 555 1718 in
587 1681 832 1718 manum
865 1659 1123 1717 flaminis
1157 1660 1520 1721 conveniret.
1607 1661 1687 1717 ita
1722 1663 2084 1720 medendum
2109 1684 2202 1721 se-

334 1760 509 1806 natus
533 1748 765 1803 decreto
789 1758 890 1803 aut
913 1747 1068 1819 lege,
1121 1745 1271 1803 sicut
1291 1741 1592 1820 Augustus
1626 1749 1916 1824 quaedam
1952 1770 2020 1805 ex
2055 1745 2201 1806 hor-

332 1832 600 1898 ridailla
631 1831 979 1908 antiquitate
1008 1832 1083 1888 ad
1118 1842 1482 1906 praesentem
1516 1852 1691 1889 usum
1724 1833 1995 1894 flexisset.
2079 1833 2202 1909 Igi÷

331 1932 431 1978 tur
455 1917 712 1978 tractatis
735 1917 1126 1992 religionibus
1152 1917 1436 1992 placitum
1459 1917 1727 1976 instituto
1762 1919 2072 1977 flaminum
2103 1921 2222 2002 11ἰ-1

328 2136 510 2180 Nerone
550 2143 694 2194 grates
740 2142 898 2193 agente
941 2134 1141 2193 patribus
1185 2142 1228 2178 et

329 2209 416 2240 avo
445 2194 502 2237 ob
527 2193 744 2250 templum
776 2201 1065 2236 exstructum.
1130 2194 1227 2236 Mi-

327 2267 448 2294 rum.
511 2250 605 2292 13111
625 2265 733 2294 vero
759 2257 970 2292 statuere
994 2260 1057 2294 est
1081 2250 1226 2293 infmi-

328 2310 468 2362 tivus,
507 2306 584 2365 qui
611 2307 773 2364 pendet
797 2323 820 2348 e
838 2308 1145 2361 permissum,
1178 2317 1227 2350 ut

328 2365 384 2409 sit
405 2379 512 2418 pro:
544 2371 595 2406 ut
615 2371 896 2405 statuerent.
961 2364 1036 2407 Sic
1059 2362 1225 2407 Noster

327 2423 376 2466 in
390 2420 547 2465 Germ.
575 2420 673 2464 007.
708 2421 927 2463 Ceterum
950 2436 1098 2476 neque
1123 2423 1223 2463 ani-

328 2482 630 2523 madvertere
675 2492 824 2533 neque
864 2478 1037 2520 vincire
1079 2494 1224 2534 neque

324 2539 575 2582 verberare
594 2536 778 2592 quidem
799 2535 895 2578 nisi
909 2538 1223 2580 sacerdotibus

321 2594 622 2653 permissum.
684 2593 773 2636 An.
810 2593 849 2644 1,
881 2590 952 2635 72.
989 2607 1138 2650 neque
1175 2595 1222 2635 in

323 2660 436 2696 aeta
456 2666 547 2695 sua
566 2651 719 2694 iurari
734 2680 772 2695 ..
788 2679 800 2692 .
823 2649 1054 2704 permisit.
1106 2650 1217 2695 Hist.

324 2709 366 2762 4,
387 2711 461 2754 22.
494 2708 606 2762 rupi
626 2707 904 2763 permisere.
971 2706 1064 2750 An.
1087 2708 1128 2760 4,
1150 2709 1221 2751 48.

321 2766 613 2823 permissum
664 2771 884 2820 vastare,
949 2779 1085 2808 urere
1136 2775 1220 2808 etc.

324 2824 375 2868 E-
396 2825 500 2868 loco
526 2838 566 2867 c.
590 2822 661 2866 55.
685 2822 789 2866 satis
815 2821 1080 2879 intelligitur
1109 2822 1218 2866 illud

324 2881 546 2940 templum
584 2895 683 2924 non
724 2880 873 2924 statim
918 2895 1011 2924 esse
1046 2889 1220 2924 exstru-

326 2948 466 2984 etum.

382 2996 562 3052 egitque
594 2995 720 3038 Nero
758 3001 920 3048 grates
962 3009 1020 3038 ea
1059 3009 1217 3056 causa.

323 3052 399 3098 Sc.
437 3052 622 3096 nomine
662 3049 843 3094 urbium
882 3059 933 3094 ut
975 3052 1218 3096 earundem

323 3120 556 3171 patronus.
600 3108 674 3152 Nil
693 3108 829 3166 igitur
850 3123 963 3167 opus
986 3117 1053 3152 est
1076 3118 1218 3153 trans·

322 3167 547 3270 positione
569 3165 810 3217 Paschalii,
853 3166 932 3223 qui
966 3166 1032 3209 his
1069 3167 1218 3212 verbis

341 3240 476 3269 ocum
499 3223 700 3282 adsignat
720 3223 767 3266 in
795 3239 835 3267 c.
857 3226 900 3269 9.
939 3232 1041 3283 post
1070 3224 1218 3280 fidem
1239 3259 1246 3262 .

321 3282 542 3336 dempsit.

381 3339 494 3383 CAP.
537 3337 604 3379 16.
666 3337 820 3380 Servii
859 3337 1212 3392 Maluginensis.

322 3395 381 3442 cf.
405 3396 446 3446 8,
471 3393 525 3437 58
546 3401 590 3437 et
611 3394 682 3437 71.

379 3451 693 3508 confarreatis
706 3453 989 3505 parentibus.
1020 3451 1090 3495 De
1106 3468 1211 3496 con·

321 3510 593 3554 farreatione
627 3506 688 3554 cf.
723 3508 915 3565 Dionys.
949 3509 1045 3554 Hal.
1072 3510 1113 3555 2.
1134 3510 1207 3554 25.

1300 2136 1560 2181 Scheibner.
1604 2141 1662 2180 de
1709 2140 1826 2194 legg.
1868 2139 2007 2186 Rom.
2052 2141 2222 2196 regiis}

1299 2211 1345 2254 p.
1368 2196 1411 2240 4.
1463 2194 1640 2239 Prodiit
1664 2195 1837 2241 libellus
1861 2197 2043 2243 Erford.
2068 2201 2196 2247 1824.
2221 2202 2222 2213 ¹

1353 2294 1495 2334 penes
1538 2280 1783 2322 incuriam.

1864 2281 2015 2326 Penes
2055 2284 2193 2342 vulgo

1297 2338 1491 2380 refertur
1511 2338 1565 2381 ad
1619 2353 1843 2393 ersonarn,
1872 2339 1918 2381 in
1941 2339 2068 2383 cuius
2091 2358 2193 2400 pos-

1297 2395 1492 2438 sessione
1534 2411 1587 2439 ve
1645 2401 1859 2452 potestate
1905 2397 2071 2455 aliquid
2109 2408 2190 2444 est.

1297 2451 1355 2495 cf.
1408 2450 1547 2496 Ovid.
1592 2451 1710 2494 Fast.
1765 2454 1801 2505 1,
1846 2453 1941 2496 119.
2005 2455 2189 2502 Terent.

1295 2508 1404 2552 Hec.
1426 2509 1470 2564 4,
1499 2511 1536 2556 1,
1560 2510 1629 2550 ΞΟ.
1675 2508 1770 2553 Cic.
1799 2511 1844 2554 in
1871 2510 2000 2557 Orat.
2024 2529 2064 2557 c.
2091 2515 2189 2558 142.

1298 2565 1451 2622 Quare
1497 2566 1679 2609 Tacitus
1723 2566 1843 2611 Hillo
1898 2570 2192 2628 vituperatur,

1297 2624 1419 2680 quod
1443 2637 1588 2678 penes
1619 2639 1726 2665 usur
1759 2625 1899 2669 averit
1932 2627 1987 2669 de
2021 2644 2094 2679 re,
2135 2630 2190 2674 de

1293 2680 1446 2724 habitu
1488 2681 1662 2722 morali.
1728 2641 1990 2740 ¹{Respondet
2021 2684 2190 2731 Buhle:

1291 2736 1516 2790 „Habitus
1554 2737 1734 2781 moralis
1767 2743 1981 2798 supponit
2013 2759 2190 2801 semper

1291 2810 1557 2852 personam,
1589 2796 1660 2837 cui
1680 2796 1928 2848 inhaereat,
1959 2807 2007 2841 ut
2037 2814 2188 2855 penes

1290 2854 1524 2895 incuriam
1570 2854 1776 2895 virorum
1803 2855 2188 2914 feminarumque

1290 2909 1347 2953 sit
1390 2925 1504 2968 pro:
1548 2925 1694 2965 penes
1731 2913 1853 2955 viros
1882 2913 2198 2973 feminasque·

1288 2969 1560 3012 incuriosos.
1579 2967 1610 2989 ''

1347 3053 1566 3094 accedere
1585 3059 1630 3093 et
1644 3052 1800 3104 ipsius.
1833 3052 1946 3096 Edd.
1963 3054 2063 3099 Ber.
2077 3057 2196 3102 Alc.l

1289 3108 1490 3152 Rhenan.
1514 3124 1616 3167 sqq.
1639 3112 1855 3152 accedere
1875 3110 2032 3165 ipsius.
2063 3114 2193 3158 Cods

1289 3167 1390 3209 MS.
1429 3174 1529 3208 test.
1566 3166 1654 3208 lac.
1692 3163 1900 3214 Gronov.
1939 3173 2193 3216 accederes

1288 3223 1457 3279 ipsius,
1507 3223 1624 3265 unde
1656 3222 1742 3266 lac.
1774 3222 2034 3270 Gronovius
2064 3228 2191 3274 bene.

1288 3281 1483 3325 coniecit
1506 3278 1742 3338 legenduni
1772 3298 1861 3325 esse
1887 3287 2105 3328 accedere
2132 3295 2180 3330 et

1286 3337 1444 3392 ipsiu-s.
1506 3337 1680 3380 Etenim
1706 3340 1978 3396 respondent
2002 3341 2086 3385 sibi
2110 3344 2178 3387 in·

1284 3394 1455 3439 vicem:
1487 3402 1532 3438 et
1554 3395 1700 3450 ipsius
1730 3419 1786 3427 -
1817 3405 1862 3438 et
1884 3402 2071 3452 quando
2095 3395 2187 3455 -;1

1283 3461 1528 3512 utrumque
1579 3451 1742 3495 dicitur
1799 3455 2025 3499 accedere.
2114 3459 2186 3503 Εἴ

1281 3512 1471 3564 quando
1494 3509 1624 3553 aliam
1647 3509 1820 3555 inducit
1840 3527 2035 3558 causam.
