2222 4030
1838 213 1891 254 A.
1903 215 1956 252 U.
1980 217 2059 254 775.

1835 259 1890 295 A.
1911 259 1958 300 C.
2001 262 2061 298 22.

290 212 418 272 282
969 208 1478 273 ANNALIUM

457 337 739 401 LXVIII.
825 338 1104 416 Tiberius
1139 362 1287 419 quae
1323 341 1388 396 in
1413 340 1686 400 Silanum
1712 347 1984 419 parabat,
2026 369 2144 424 quo

290 426 617 485 excusatius
662 424 778 483 sub>
809 428 1072 502 exemplo
1110 423 1543 501 acciperentur,
1594 428 1828 486 libellos
1863 432 1989 486 divi
2018 430 2149 490 Au-

288 511 444 586 gusti
508 512 581 569 de
632 509 850 568 Voleso
906 511 1183 568 Messalla
1239 510 1504 568 eiusdem
1558 508 1735 570 Asiae
1781 519 2146 589 *proconsule

286 599 624 673 factumque
675 595 743 654 in
763 616 941 654 eum
997 606 1230 652 senatus
1286 599 1620 654 consultum
1675 599 1912 657 recitari
1965 601 2147 661 iubet.

290 680 451 738 Tum
475 680 546 741 L.
570 679 848 742 Pisonem
873 680 1224 737 sententiam
1255 694 1439 754 rogat.
1526 683 1628 739 ille
1649 684 1904 741 multum
1930 687 2001 742 de
2031 688 2149 742 cle-

286 767 507 823 mentia
536 765 822 842 principis
854 765 1148 840 praefatus
1179 785 1329 842 aqua
1363 779 1536 843 atque
1574 769 1699 842 igni
1723 769 1926 826 Silano
1963 771 2148 827 inter-

289 851 611 908 dicendum
636 851 862 926 censuit
882 851 1192 926 ipsumque
1219 851 1284 906 in
1312 851 1567 908 insulam
1595 853 1863 932 Gyarum
1882 857 2148 929 relegan-

288 938 453 997 dum.
485 933 765 1008 ,·'Eadem
803 935 1008 1004 ceteri,
1044 935 1164 991 nisi
1196 937 1357 1012 quod
1381 935 1491 995 Cn.
1514 937 1803 996 Lentulus
1827 944 2148 1016 separanda

288 1020 479 1080 Silani
502 1033 766 1079 materna
785 1021 965 1090 bona,
998 1020 1216 1096 quippe
1239 1021 1353 1077 alia
1383 1034 1625 1097 parente
1658 1024 1862 1097 geniti,
1893 1027 2150 1082 redden-

287 1107 479 1184 daque
506 1107 628 1163 filio
662 1106 811 1162 dixit
835 1106 1132 1162 adnuente
1159 1105 1425 1165 Tiberio.

454 1190 670 1250 LXIX.
754 1186 837 1247 At
856 1187 1169 1248 Cornelius
1190 1189 1501 1248 Dolabella
1518 1238 1533 1261 ‚
1578 1193 1722 1250 dum
1749 1194 2149 1252 adulationem

285 1276 523 1350 longius
575 1275 867 1352 sequitur,
922 1276 1224 1352 increpitis
1258 1274 1325 1336 C.
1362 1276 1554 1334 Silani
1591 1279 1858 1336 moribus
1904 1281 2150 1351 addidit,

285 1383 363 1419 ne
402 1361 533 1438 quis
570 1361 693 1417 vita
740 1362 1063 1437 probrosus
1099 1373 1156 1419 et
1203 1373 1442 1437 opertus
1491 1362 1734 1420 infamia
1781 1365 2150 1440 provinciam

287 1448 623 1504 sortiretur:
691 1447 871 1524 idque
905 1446 1179 1522 princeps
1214 1448 1582 1508 diiudicaret.
1682 1469 1821 1505 nam
1854 1471 1884 1506 a
1920 1451 2149 1525 legibus

286 1532 497 1589 delicta
532 1531 761 1610 puniri:
820 1544 1040 1609 quanto
1083 1533 1209 1588 sore
1256 1533 1458 1590 mitius
1492 1533 1556 1588 in
1599 1534 1785 1610 ipSOS‚
1837 1536 2049 1592 melius
2085 1537 2150 1592 in

287 1618 476 1674 socios
511 1617 847 1692 provideri,
891 1638 968 1674 ne
1002 1618 1380 1693 peccaretur?
1464 1613 1802 1676 Adversum
1841 1642 1990 1696 quae
2028 1623 2151 1678 dis-

287 1703 472 1759 seruit
504 1699 741 1761 Caesar:
788 1723 914 1760 non
951 1704 1191 1782 quidem
1229 1704 1343 1761 sibi
1368 1703 1602 1778 ignara,
1653 1725 1803 1782 quae
1838 1706 1910 1762 de
1944 1706 2148 1765 Silano

223 3421 233 3434 Δ
293 3381 357 3430 'pe
389 3374 517 3417 Iulia
555 3391 602 3430 p.
637 3389 682 3429 g.

345 1878 458 1924 CAP.
479 1879 554 1924 68.
615 1875 854 1923 Messalla.
917 1878 977 1923 ef.
1004 1886 1098 1922 not.
1128 1879 1183 1924 ad

290 1939 330 1990 1,
351 1938 393 1982 8.
414 1953 509 1981 non
538 1937 593 1981 de
618 1937 740 1990 viro,
773 1937 852 1981 sed
875 1937 929 1980 de
951 1938 1184 1995 scriptura.

291 1995 410 2040 Cod.
448 1994 552 2040 MS.
592 2002 636 2038 et
675 2003 783 2040 vett.
821 1995 922 2040 edd.
963 1994 1039 2039 hie
1078 1994 1186 2039 dant

287 2053 514 2098 Messala.

348 2111 460 2165 igni.
543 2110 620 2156 Sic
651 2110 755 2154 edd.
787 2111 897 2159 Ber.
933 2110 1052 2172 Lips.
1087 2127 1186 2171 sqq.

288 2168 393 2225 igne
415 2167 516 2211 edd.
539 2168 684 2212 Rhen.
710 2167 817 2216 Ald-

348 2226 516 2282 quippe
548 2227 647 2268 alia
671 2234 873 2280 parente
903 2228 1063 2282 geniti.
1133 2227 1186 2272 C.

288 2281 468 2326 Silanus
492 2284 528 2327 si
553 2282 638 2326 suit
668 2283 806 2327 frater
827 2285 898 2328 M.
926 2293 968 2327 et
989 2285 1038 2328 L.
1061 2293 1103 2328 et
1124 2285 1187 2330 D.

290 2340 553 2385 Silanorum
567 2374 580 2393 ,
611 2340 667 2383 de
721 2341 851 2384 uibus
871 2342 1034 2385 Noster
1055 2341 1096 2394 3,
1113 2342 1186 2386 24.

290 2406 336 2440 et
359 2399 426 2451 12,
447 2398 566 2456 4.,8.
599 2406 642 2442 et
665 2401 687 2442 1
722 2430 734 2447 ,
758 2400 820 2450 1.,
861 2409 957 2442 tum
996 2408 1186 2442 matrem

290 2454 384 2499 eius
434 2455 574 2500 intelli
609 2470 634 2497 e
669 2452 916 2499 'Aemiliam
961 2456 1189 2514 Lepidam,

288 2514 558 2572 proneptem
626 2513 774 2578 ugusti
809 2529 858 2556 ex
876 2513 998 2557 -Julia
1027 2514 1188 2572 Agrip-

287 2617 290 2620 ,
324 2587 375 2614 ae
405 2580 449 2614 et
482 2571 616 2616 luliae
650 2571 759 2616 filia.
819 2570 869 2614 ld
903 2580 1077 2615 certum
1111 2580 1190 2623 est,

323 2645 417 2674 unc
434 2627 635 2673 Silanum
661 2628 796 2672 fuisse
820 2626 1010 2681 fratrem
1034 2628 1188 2672 Iuniae

287 2683 574 2745 'Torquataffl'
602 2685 660 2729 cf.
689 2703 727 2729 c.
753 2685 823 2728 69.
850 2695 893 2729 et
915 2685 1188 2729 luniusTor-

294 2752 481 2804 quatus,
521 2744 596 2802 qui
627 2743 815 2786 abavum
847 2743 1016 2788 serebat
1038 2744 1190 2802 Augu-

293 2811 441 2854 stum,
489 2801 652 2860 legitur
694 2801 760 2849 15,
796 2799 867 2844 35.
950 2800 1190 2844 Connexus

292 2858 430 2919 igitur
453 2859 570 2903 haud
592 2858 726 2901 dubie
748 2858 833 2901 fuit
854 2858 1010 2901 domui
1037 2858 1190 2902 Caesa-

289 2929 399 2959 rum
426 2933 506 2976 per
529 2925 735 2973 matrem.
800 2916 893 2959 Iam
926 2917 1190 2975 interpretes

294 2974 479 3027 haerent
506 2975 564 3017 'in
594 2989 709 3018 voce
751 2975 874 3022 alia,
925 2989 1036 3032 quae
1076 2974 1190 3016 mul-

294 3031 350 3075 tis
389 3031 778 3075 emendationibus
826 3030 1191 3089 coniecturisque

295 3090 581 3132 occasionem
653 3088 874 3146 praebuit.
986 3088 1190 3146 Lipsius:

297 3146 467 3202 quippe
514 3148 604 3189 tali
647 3154 848 3203 parente
888 3147 1062 3201 geniti,
1116 3145 1190 3190 vel

297 3202 467 3262 quippe
486 3204 571 3246 illa
592 3211 789 3259 parente
813 3219 854 3259 g.
926 3204 1006 3246 Vir
1029 3203 1191 3246 doctus

295 3259 352 3304 ad
377 3259 577 3319 Lipsium
606 3278 656 3304 ex
685 3262 823 3304 veteri
847 3261 990 3304 libro=
1029 3262 1193 3317 quippe

297 3318 402 3360 alta
414 3325 637 3372 parente.
678 3318 1038 3362 Freinshemius}
1064 3321 1189 3373 quip-

760 3374 973 3419 Grotius:
1006 3375 1193 3431 ‚quippe

297 3431 464 3474 Mallio
490 3439 692 3487 parente
719 3448 764 3486 g.
845 3433 1106 3476 Reinesius=
1149 3448 1191 3487 q.

302 3488 520 3535 Cornelia
540 3506 587 3544 p.
611 3504 659 3543 g.
726 3489 958 3534 Heinsius:
994 3507 1037 3547 q.
1056 3491 1193 3533 Aelia

298 3562 344 3601 ρ.
365 3563 411 3603 g.-
470 3546 697 3591 fflllerus:
729 3562 772 3603 q.
797 3549 879 3590 dia
897 3564 944 3602 p.
970 3563 1014 3603 g.
1030 3581 1043 3600 ‚
1071 3548 1194 3605 quod

1253 1879 1414 1924 imitati
1437 1889 1542 1924 sunt
1564 1879 1767 1925 Rieklefs
1788 1890 1830 1925 et
1847 1880 2151 1929 Woltmann.

1254 1938 1568 1982 Herrmannus
1603 1939 1760 1982 maluit
1793 1939 1920 1983 Iulia
1945 1950 2152 1995 parente

1260 1997 1408 2051 (einer
1422 1997 1658 2040 Iulischen
1674 1997 1882 2054 Muecer).
1943 1997 2151 2058 Longum

1256 2057 1402 2104 foret,
1452 2055 1610 2097 barum
1647 2054 2015 2099 coniecturarum
2054 2071 2153 2100 sen·

1256 2122 1356 2158 s'um
1377 2112 1691 2170 rationemque
1718 2112 1950 2170 explicare.
2012 2113 2152 2156 Wei-

1256 2171 1406 2215 kertus
1443 2169 1622 2214 locum:
1672 2170 1837 2224 quippe
1875 2201 1888 2213 .
1910 2202 1922 2213 .
1947 2202 1960 2214 .
1992 2171 2154 2225 geniti,

1258 2228 1498 2272 delendum
1537 2235 1706 2271 censet.
1791 2226 1971 2282 Quibus
2009 2228 2154 2271 consi-

1257 2286 1330 2330 liis
1382 2284 1796 2343 supersedebimus,
1857 2301 1999 2343 quum
2051 2286 2154 2330 cod.

1257 2342 1364 2387 MS.
1403 2343 1589 2386 verbum
1620 2344 1744 2386 bono
1775 2358 1909 2387 sensu
1947 2358 2043 2386 non
2083 2357 2154 2387 ca·

1258 2409 1367 2444 reat.
1430 2402 1538 2441 Alia
1567 2399 1641 2443 hic
1671 2407 1722 2442 ut
1751 2399 2004 2458 saepissime
2026 2416 2155 2468 prae-

1259 2457 1414 2515 gnanti
1446 2456 1589 2500 utitur
1616 2456 1892 2514 significatu,
1910 2468 1978 2504 ‚ut
2002 2466 2058 2500 sit
2079 2458 2156 2500 di-

1259 2529 1418 2565 versa,
1448 2515 1686 2556 dissimilis
1706 2530 1770 2557 se.
1794 2514 1841 2557 in
1866 2516 2033 2558 bonam
2055 2532 2155 2573 par-

1260 2580 1368 2614 tem.
1429 2570 1521 2614 Liv.
1550 2571 1620 2620 44,
1657 2570 1723 2613 18.
1757 2572 1896 2614 Alius
1929 2573 2001 2614 vir
2033 2580 2152 2618 erat.

1259 2629 1404 2672 Tacit.
1429 2628 1542 2671 Hist.
1566 2628 1608 2680 3,
1627 2627 1698 2670 55.
1729 2631 1776 2671 si
1801 2631 1920 2671 alius
1947 2630 2155 2689 duxso-

1259 2693 1349 2730 ret.
1420 2685 1533 2728 lbid.
1566 2689 1604 2735 1,
1635 2685 1706 2728 89.
1745 2687 1790 2729 si
1823 2685 2014 2729 ducibus
2053 2690 2158 2732 aliis

1259 2745 1484 2786 bellatum
1495 2743 1643 2798 foret.
1700 2743 1788 2787 An.
1811 2745 1848 2792 1,
1866 2742 1937 2786 43.
1960 2759 2156 2799 quorum

1261 2801 1362 2844 alia
1391 2815 1514 2842 nunc
1546 2814 1632 2843 ora
1645 2831 1657 2849 ,
1695 2803 1792 2843 alia
1820 2808 2014 2856 pectora
2042 2817 2158 2845 con-

1263 2867 1414 2901 tueor.
1478 2858 1640 2917 Igitur:
1668 2860 1829 2915 quippe
1848 2860 1945 2901 alia
1961 2869 2158 2913 parente

1260 2915 1424 2970 geniti,
1454 2916 1769 2975 accipiendum
1792 2917 1875 2959 erit
1893 2932 1975 2974 pro
1994 2918 2158 2974 quippe

1264 2975 1460 3016 meliore
1493 2978 1537 3025 (a
1563 2974 1617 3019 C.
1642 2973 1799 3016 Silano
1824 2973 2042 3030 dissimili)
2063 2992 2155 3029 pa-

1262 3039 1398 3073 rente
1432 3031 1602 3084 geniti,
1650 3032 1776 3074 cuius
1810 3031 2028 3073 memoria
2060 3048 2155 3077 non

1263 3088 1320 3131 sit
1342 3089 1495 3146 (ligna,
1531 3099 1580 3131 ut
1602 3088 1904 3146 ignominiose
1928 3096 2156 3133 tractetur.

1263 3146 1534 3188 Adulatione
1559 3147 1667 3189 haee
1690 3145 1983 3188 iactabantur.
2046 3148 2158 3190 Vide

1262 3200 1442 3245 initium
1475 3219 1574 3260 cap.
1597 3219 1688 3260 seq.
1748 3202 1902 3244 Meam
1935 3201 2158 3248 rationem

1262 3259 1435 3302 Hackio
1463 3269 1689 3318 acceptam
1716 3258 1978 3303 esse-video.
2035 3261 2157 3305 Non-

1263 3316 1379 3360 nulli
1401 3334 1424 3359 e
1439 3332 1548 3360 voce
1564 3318 1665 3359 alia
1681 3316 1799 3360 haud
1814 3317 2003 3360 absurde
2018 3319 2157 3375 suspi-

1266 3383 1427 3418 cantur
1465 3374 1571 3416 duas
1605 3373 1760 3417 Silano
1802 3373 1936 3417 fuisse
1982 3386 2158 3428 matres,

1266 3438 1486 3475 veramet
1522 3448 1778 3475 novercam.
1840 3432 2048 3476 Ceterum
2088 3450 2157 3476 so-

1265 3489 1341 3533 lita
1386 3487 1606 3532 eiusmodi
1650 3490 1880 3534 bonorum
1923 3492 2157 3549 separatio.

1266 3546 1331 3591 cs.
1351 3546 1459 3592 infr.
1485 3545 1551 3595 13,
1576 3546 1647 3591 43.
