2222 4030
731 167 1122 230 PRAEFA
1144 168 1329 226 Tio.
1782 180 1958 226 xxxv

96 305 278 360 ratius
300 303 551 359 contulit
575 300 837 358 codicem
867 296 1000 356 MS.
1027 296 1182 355 Bud.
1205 318 1312 354 nec
1337 320 1519 372 pauca
1551 301 1677 356 eius
1699 298 1958 366 auctori-

94 400 212 445 tate
234 398 294 444 et
317 408 349 444 e
378 385 662 445 sententia
677 383 1143 459 Bipontinorum
1164 383 1503 443 immutavit
1526 384 1711 441 multo
1734 384 1952 440 damno

91 472 394 547 dignitatis
435 483 610 548 atque
653 468 951 538 veritatiS‚
1019 487 1363 544 quanquam
1407 486 1511 524 sua
1559 468 1770 526 merita
1819 467 1951 524 viro

89 557 365 631 denegari
400 566 720 632 nequeunt.
804 552 1043 610 Primus
1070 549 1402 610 Annalium
1430 553 1582 609 liber
1617 566 1673 611 et
1709 553 1952 611 secundi

91 643 232 700 libri
267 642 458 717 capita
492 640 708 714 viginti
739 650 1022 717 quattuor
1061 659 1094 695 e
1132 657 1317 695 manu
1356 635 1423 694 F.
1454 632 1528 694 Α.
1554 636 1779 696 Wolfii
1811 658 1953 715 pro-

90 728 345 784 dierunt.
1579 795 1582 798 Δ

257 805 482 868 Editio
509 804 619 868 Ge.
641 803 822 865 Alex.
847 803 1157 888 Rupertii.
1242 807 1477 866 Prodiit
1502 805 1820 882 Gottingae
1854 830 1951 867 an.

29 947 31 949 .
93 894 303 965 1804„
345 892 458 954 hoc
497 897 700 953 titulo:
771 885 843 950 C.
882 887 1164 953 Cornelii
1201 889 1419 951 Taciti
1447 913 1649 972 opera.
1747 891 1821 954 V
1812 891 1950 951 ola—

85 1001 221 1037 men
259 978 319 1039 I.
357 977 572 1039 Taciti
614 976 895 1038 Annales
945 973 1040 1037 ad
1087 976 1452 1058 optimorum
1505 973 1950 1058 exemplarium

66 1061 262 1141 fidem
309 1064 584 1124 recensiti
626 1073 809 1145 atque
844 1061 1181 1145 prooemia,
1241 1061 1623 1143 argumentis
1663 1070 1717 1120 et
1754 1061 1949 1121 indice

87 1171 282 1209 rerum
314 1149 616 1208 instructi.
699 1148 967 1208 Accedit:
1013 1145 1318 1209 Eiusdem
1358 1147 1783 1208 commentarii
1809 1169 1950 1229 per—

75 1234 249 1315 petui
282 1234 348 1292 in
388 1234 678 1292 classicos
703 1231 1138 1293 Romanorum
1164 1233 1485 1317 scriptores
1517 1233 1793 1293 volumen
1829 1231 1953 1295 VI.

81 1319 148 1377 in
190 1314 262 1380 C.
302 1315 585 1381 Cornelii
616 1316 830 1377 Taciti
866 1339 1067 1399 opera.
1104 1333 1211 1380 etc.
1252 1356 1337 1366 —
1422 1321 1715 1398 Reliquos
1754 1320 1952 1379 Taciti

83 1408 266 1467 libros
288 1410 364 1464 ab
388 1408 492 1464 illa
517 1426 700 1463 manu
728 1407 990 1462 edendos
1015 1403 1211 1463 adhuc
1234 1419 1652 1483 exspectamus,

2 1542 5 1545 Α
250 1489 475 1550 Editio
497 1489 683 1548 Ioan.
711 1484 861 1550 Car.
900 1486 1228 1549 Wilcerti.
1312 1492 1550 1550 Prodiit
1572 1491 1812 1568 Lipsiae
1853 1513 1947 1550 an.

86 1578 267 1637 1813.
298 1580 487 1636 tribus
507 1578 932 1646 voluminibus,
964 1588 1020 1634 et
1046 1572 1159 1634 hoc
1183 1578 1387 1636 titulo:
1432 1570 1503 1636 C.
1519 1570 1802 1637 Cornelii
1811 1573 1876 1635 T
1873 1599 1949 1634 a-

78 1661 188 1720 citi
208 1683 408 1744 opera.
477 1659 611 1722 Mt
632 1659 1112 1739 Einleitungen,
1154 1659 1338 1719 Zeit·
1366 1659 1502 1722 und
1521 1657 1950 1729 Geschlechts-
2013 1659 2015 1662 ⁸
2040 1716 2064 1740 ,

75 1746 281 1830 taseIn
322 1745 458 1807 und
485 1744 881 1806 erklc‘irenden
912 1743 1384 1827 Anmerlcungen
1413 1747 1539 1830 fiir
1569 1744 1952 1807 studierende

73 1831 426 1913 Jt'inglinge
459 1831 594 1891 und
627 1831 755 1891 alle
778 1828 848 1889 F
845 1828 1067 1890 reunde
1106 1828 1214 1891 der
1253 1832 1422 1891 alten
1445 1828 1805 1902 Literatur,
1851 1829 1977 1907 die.

74 1915 245 1978 nicht
280 1914 635 1997 eigentliche
658 1914 1035 1995 Philologen
1062 1914 1229 1978 sind.

243 2002 469 2063 Editio
498 2002 767 2064 Dureau
803 2000 875 2061 de
909 1999 1228 2061 Lamalle.
1314 1999 1590 2062 Oeuvres
1627 2005 1702 2062 de
1739 2003 1948 2064 Tacite

73 2111 212 2149 avec
269 2092 326 2150 la
380 2091 717 2150 traduction
770 2090 1087 2165 franqoise.
1159 2088 1359 2159 PariS‚
1411 2086 1720 2148 Michaud.
1768 2091 1950 2149 1808.

74 2175 301 2233 Vovoll.
328 2178 391 2234 in
416 2177 474 2234 8.
503 2214 584 2225 -
635 2174 818 2234 1817.
843 2174 931 2233 VI
949 2174 1106 2233 Voll.
1133 2174 1198 2232 in
1225 2176 1281 2234 8.
1325 2171 1624 2253 (Primum
1646 2176 1950 2253 prodierat

78 2260 259 2319 1790.
304 2261 612 2341 111V011.)

242 2343 470 2408 Editio
488 2343 616 2405 Ios-
641 2341 942 2407 Naudeti.
1026 2345 1261 2409 Prodiit
1281 2345 1526 2404 Parisiis
1551 2367 1692 2405 cura
1712 2344 1947 2406 Nicolai

70 2429 253 2507 Eligii
269 2434 540 2491 Lemaire
569 2454 664 2490 an.
683 2433 865 2491 1820.
894 2433 1159 2510 quinque
1184 2433 1611 2503 voluminibus,
1649 2445 1707 2491 et
1729 2427 1844 2490 hoc
1869 2433 1946 2491 ti-

73 2518 225 2576 tulo:
281 2511 483 2579 Caius
511 2512 839 2578 Cornelius
867 2514 1129 2577 Tacitus
1160 2516 1408 2599 qualem
1442 2517 1614 2577 omni
1649 2525 1826 2598 parte
1862 2514 1944 2574 il·-

71 2600 407 2662 lustratum
442 2612 746 2685 postremo
781 2601 1120 2684 publicavit
1161 2601 1284 2661 Ier.
1326 2600 1461 2660 Iac.
1500 2597 1796 2669 Oberlin,
1851 2602 1949 2666 cui

70 2697 388 2767 postumus
417 2686 678 2749 eiusdem
705 2687 1137 2747 annotationes
1167 2696 1219 2746 et
1247 2686 1467 2746 selecta
1492 2687 1802 2748 variorum
1826 2684 1945 2747 ad-

74 2770 414 2834 ditamenta
453 2774 778 2834 subiunxit
811 2773 940 2836 Ios.
966 2771 1222 2834 Naudet
1264 2793 1341 2835 ea:
1385 2773 1554 2850 regia
1596 2772 1945 2854 inscriptio-

76 2880 220 2917 num
267 2867 319 2916 εἰ
365 2858 708 2919 litterarum
751 2858 1072 2919 academia
1118 2858 1184 2915 in
1229 2856 1512 2916 instituto
1546 2854 1817 2918 Gallico.
1862 2893 1943 2904 —

76 2944 337 3021 Repetiit
402 2946 500 3002 ille
565 2943 848 3004 Oberlini
908 2945 1231 3001 editionem
1256 2990 1273 3014 ,
1391 2965 1632 3021 perraro
1701 2947 1943 3004 adiectis

71 3032 573 3090 adnotatiunculis
640 3032 830 3092 novis.
940 3029 1267 3086 volumine
1336 3042 1546 3106 quarto
1606 3042 1736 3106 post
1792 3029 1942 3094 Dia-

76 3117 271 3189 logum
323 3118 396 3172 de
447 3117 782 3174 oratoribus
833 3117 1065 3173 addidit
1119 3113 1614 3195 Supplementum
1667 3114 1947 3193 Dialogi

73 3215 308 3259 auctore
355 3199 616 3259 Brotier:
684 3200 765 3258 lo.
805 3200 991 3258 llenr.
1044 3197 1195 3274 Aug.
1232 3197 1498 3260 Schulzii
1543 3223 1818 3260 excursus
1866 3204 1940 3260 ad

72 3283 414 3361 Dialoguln:
499 3284 797 3346 Excursus
831 3286 917 3344 M.
948 3283 1021 3345 Α.
1050 3286 1311 3358 Mureti,
1350 3287 1497 3347 Iusti
1522 3287 1711 3364 Lipsii
1751 3300 1809 3345 et
1836 3311 1940 3345 va*

76 3373 302 3431 riorum
336 3375 410 3429 ad
447 3393 625 3449 opera
662 3372 729 3430 C.
752 3372 935 3430 Corn.
966 3371 1179 3429 Taciti.
1213 3404 1281 3416 —
1363 3374 1592 3447 Quinto
1635 3373 1940 3431 volumine

75 3459 483 3520 continentur:
544 3458 839 3538 appendix
879 3455 1314 3535 Chronologica
1370 3471 1605 3522 auctore
1648 3457 1942 3529 Brute-rio,
