2222 4030
1108 5 1125 74 ¹
1976 14 1979 17 ’
2102 0 2135 25 “

1299 54 1306 66 x
1544 53 1545 57 ,

1119 75 1124 95 i
2147 94 2163 105 '-

1821 201 1872 236 A.
1889 200 1942 242 U.
1960 199 2042 238 774.

1822 245 1872 279 A.
1892 242 1950 278 (ὶ-
1982 246 2042 278 21.

274 202 400 263 248
943 197 1455 266 ANNALIUM

269 331 629 410 explevisset.
714 328 893 387 Haud
918 331 1078 387 enim
1099 331 1316 388 frustra
1338 330 1623 404 placitum
1643 329 1816 401 olim,
1859 354 1936 392 ne
1958 334 2131 392 femi-
2200 341 2204 348 ’

269 437 382 475 nae
420 417 485 473 in
530 413 718 472 socios
766 427 867 474 aut
914 427 1113 489 gentes
1164 426 1427 474 externas
1475 411 1875 475 traherentur:
1939 420 2153 492 inesseu

270 497 591 559 mulierum
630 496 962 570 comitatui,
1016 519 1163 576 quae
1204 520 1404 574 pacem
1439 500 1613 570 luxu,
1666 502 1893 578 bellum
1922 504 2133 561 formi—
2211 535 2213 561 ς

273 588 414 644 dine
460 580 767 642 morentur
814 597 870 642 et
919 583 1263 642 Romanum
1308 603 1521 657 agmen
1561 588 1636 642 ad
1682 586 2132 645 similitudinem
2212 605 2215 614 ’

271 671 514 729 barbari
537 672 796 728 incessus
821 679 1181 727 convertant.
1265 667 1405 725 Non
1425 670 1791 728 imbecillum
1819 683 2051 730 tantum
2077 685 2135 730 et
2168 664 2169 669 ¹

271 757 556 833 imparem
602 756 904 813 laboribus
947 773 1178 824 sexum,
1233 756 1359 824 sed,
1413 756 1464 811 si
1499 756 1736 813 licentia
1772 758 1954 827 adsit,
2009 778 2135 815 sae-
2214 792 2222 811 .

269 863 443 913 vum,
511 841 921 907 ambitiosum,
979 839 1283 913 potestatis
1333 841 1601 898 avidum:
1668 842 1936 899 incedere
1979 843 2134 900 inter

269 927 517 997 militeS‚
558 922 774 983 habere
803 925 877 979 ad
909 943 1152 979 manum
1180 925 1578 982 centuriones:
1621 928 1980 1001 praesedisse
2017 949 2136 985 nu·-

269 1031 377 1088 per
422 1012 706 1070 feminam
757 1007 1028 1065 exercitio
1083 1003 1449 1079 cohortium,
1514 1012 1765 1067 decursu
1815 1011 2133 1085 legionum.

270 1095 610 1172 Cogitarent
635 1095 776 1171 ipsi,
815 1093 1088 1170 quotiens
1117 1096 1581 1168 repetundarum
1608 1095 1795 1172 aliqui
1819 1086 2137 1170 argueren-

268 1193 411 1253 turg.
448 1183 620 1257 plura
655 1180 941 1237 uxoribus
978 1179 1289 1235 obiectari:
1349 1176 1442 1235 his
1488 1182 1684 1237 statim
1723 1177 2136 1238 adhaerescere
2206 1182 2222 1197 ''

270 1268 653 1324 deterrimum
712 1284 1005 1341 quemque
1066 1265 1555 1339 provincialium:
1622 1266 1697 1323 ab
1752 1262 1846 1324 his
1903 1269 2136 1341 negotia
2197 1260 2203 1267 “

271 1353 514 1427 suscipi,
559 1350 830 1423 transigi:
875 1351 1132 1406 duorum
1170 1369 1430 1422 egressus
1467 1351 1612 1422 coli,
1654 1352 1774 1408 duo
1809 1371 1931 1409 esse
1965 1373 2137 1429 prae·
2220 1415 2222 1419 Α

269 1439 446 1507 toria,
489 1435 894 1511 pervicacibus
918 1434 1104 1508 magis
1128 1445 1183 1491 et
1202 1436 1627 1510 impotentibus
1656 1437 1978 1495 mulierum
2013 1438 2138 1497 ius-
2220 1432 2222 1436 ⁸

271 1523 377 1591 siS,
445 1543 594 1599 quae
633 1518 851 1596 Oppiis
901 1521 1205 1597 quondam
1240 1521 1490 1598 aliisque
1530 1522 1759 1595 legibus
1791 1523 2136 1580 constrictae

268 1627 431 1664 nunc
476 1607 690 1663 vinclis
737 1605 1015 1662 exsolutis
1061 1605 1299 1676 dom08‚
1366 1607 1525 1676 fora,
1576 1608 1708 1664 viam
1748 1619 1806 1666 et
1853 1610 2138 1666 exercitus

271 1703 561 1766 regerent.
2209 1761 2212 1767 Ι

437 1774 722 1836 XXXIV.
807 1774 1145 1854 Paucorum
1184 1772 1328 1833 haec
1365 1777 1617 1834 adsensu
1653 1777 1885 1847 audita,
1937 1773 2193 1854 plures

268 1862 670 1920 obturbabant
700 1882 892 1938 neque
927 1861 1179 1918 relatum
1217 1862 1291 1920 de
1327 1861 1564 1936 negotio
1601 1882 1794 1939 neque
1820 1860 2136 1921 Caecinam

269 1948 516 2023 dignum
538 1958 733 2007 tantae
756 1946 843 2004 rei
872 1966 1193 2007 censorem.
1278 1967 1416 2004 mox
1429 1946 1708 2006 ValerIus
1733 1946 2135 2019 MessallinUS‚

327 2157 623 2205 imbecillum.
703 2160 782 2206 Sic
830 2161 901 2204 ed.
951 2159 1164 2205 Beroald.
1237 2160 1864 2206 hinclocusiurisdictionis.
1922 2160 1984 2205 Et
2015 2161 2138 2205 hunc

270 2221 544 2263 imbecillem
591 2220 690 2263 edd.
730 2220 933 2263 Rhenan.
968 2235 1068 2278 sqq.
1108 2246 1166 2254 --

268 2277 397 2322 Pieh.
422 2278 642 2335 Bernegg.
663 2294 761 2336 sqq.
783 2277 1074 2320 restituerunt
1096 2292 1165 2318 ve-

268 2342 413 2379 terem
442 2335 656 2378 formam.
719 2336 776 2378 cf.
813 2337 852 2382 1,
884 2334 955 2377 56.
989 2342 1032 2376 et
1063 2350 1167 2376 mox

271 2410 313 2439 c.
339 2393 412 2436 34.

323 2451 616 2507 praesedisse
636 2464 790 2504 nuper
800 2449 1058 2505 feminam.
1107 2448 1166 2492 cf.

269 2511 312 2561 2,
340 2509 410 2551 55.
452 2507 556 2555 Ed.
585 2508 791 2550 Beroald.
824 2507 947 2550 addit
982 2515 1027 2549 et
1065 2514 1167 2549 ante

269 2580 435 2622 nuper.
497 2565 627 2608 Haud
649 2565 814 2623 inepte.

328 2614 621 2667 cohortium!
674 2621 776 2666 Hoc
807 2621 1084 2667 vocabulum
1118 2636 1169 2662 ex

261 2681 556 2740 ‚oppositione
588 2680 818 2737 legionum
853 2680 909 2722 de
941 2677 1164 2721 auxiliari-

270 2740 356 2782 bus
383 2737 726 2796 intelligendum
757 2737 862 2787 erit,
905 2736 1022 2779 inter
1053 2750 1168 2792 quos

209 2799 214 2812 ¹
273 2804 316 2839 et
346 2797 515 2854 equites
549 2803 687 2838 erant.
749 2794 805 2837 cf.
830 2793 872 2842 4,
895 2795 936 2837 5.
973 2795 1169 2848 alaeque

275 2861 320 2895 et
357 2855 541 2896 auxilia
576 2853 851 2894 cohortium.
921 2850 1097 2895 Contra
1127 2850 1171 2898 2,

273 2910 343 2953 55.
378 2911 584 2955 cohortes
615 2910 835 2968 equitibus
865 2916 1171 2967 opponuntur,

273 2976 324 3010 ut
351 2969 570 3027 intelligas
599 2976 644 3011 et
672 2966 904 3010 auxiliares
930 2964 1102 3025 pedites
1126 2971 1170 3007 et

274 3026 563 3082 legionarios.

330 3086 543 3131 decursu,
600 3081 673 3126 Ut
695 3098 735 3126 c.
757 3081 829 3125 30.
861 3084 997 3124 luxu.

333 3143 428 3182 duo
454 3155 555 3181 esse
573 3140 838 3193 praetoria.
898 3137 1023 3181 Male
1049 3135 1167 3180 Ger-

273 3197 450 3242 manice
472 3204 759 3241 convertunt:
780 3197 1171 3240 Feldherrnzelte.

275 3254 577 3300 Praetorium
617 3253 665 3296 in
700 3254 855 3299 castris
884 3252 1004 3296 haud
1037 3252 1170 3295 dubie

277 3322 344 3357 est
372 3310 710 3355 tabernaculum
742 3330 777 3356 s.
809 3311 1081 3361 tentorium,
1121 3308 1170 3351 in

276 3386 368 3430 quo
395 3375 578 3434 praetor
603 3368 677 3413 vel
705 3369 790 3411 dux
811 3384 1013 3412 summus
1039 3365 1167 3410 habi·

276 3435 366 3481 tat;
403 3441 452 3468 m
474 3424 704 3483 provincia
726 3427 887 3469 domus
941 3439 1168 3468 roconsu-

276 3485 330 3529 lis
362 3492 437 3527 aut
468 3483 771 3541 propraetoris
804 3491 846 3525 et
875 3500 899 3526 a
963 3481 1169 3526 habitan-

279 3542 387 3586 dum
418 3548 462 3584 et
491 3539 546 3584 ad
577 3556 648 3585 res
676 3539 922 3599 praetorias
954 3537 1168 3597 agendas:

1237 2219 1422 2278 quidem
1464 2235 1643 2262 sensum
1684 2217 1898 2266 vocabuli
1928 2218 2137 2263 'Caecina

1238 2278 1286 2320 in
1312 2278 1465 2320 animo
1487 2277 1663 2327 hahuit,
1693 2293 1833 2335 quum
1858 2276 2026 2320 diceret
2043 2280 2136 2319 duo

1240 2350 1336 2378 esse
1362 2337 1608 2390 praetoria
1638 2333 1680 2379 h.
1710 2352 1748 2377 e.
1782 2334 2010 2391 duplicem
2043 2348 2136 2386 esse

1237 2394 1286 2435 in
1309 2391 1544 2450 provincia
1567 2391 1930 2435 iurisdictionem
1958 2407 2138 2434 rerum-

1272 2466 1325 2490 ue
1347 2449 1798 2492 administrationem.
1849 2448 1900 2491 ld
1922 2448 2006 2490 sibi
2023 2447 2138 2491 velle

1240 2466 1481 2549 {aet-,inam
1525 2515 1645 2563 patet
1681 2506 1810 2548 etiam
1850 2521 1874 2548 e
1904 2505 2133 2563 sequenti-

1238 2565 1346 2607 bus:
1391 2563 1711 2617 pervicacibus
1736 2590 1794 2599 --
1826 2563 1993 2615 iussis,
2033 2563 2134 2621 qui-

1237 2621 1322 2664 bus
1346 2621 1494 2663 innuit
1515 2637 1607 2662 non
1630 2621 1779 2662 solum
1800 2620 1890 2663 duo
1905 2635 1997 2662 esse
2011 2636 2136 2678 prae·

1239 2679 1380 2737 toria,
1409 2678 1484 2720 sed
1521 2676 1775 2736 praevalere
1809 2676 1944 2720 etiam
1973 2677 2134 2720 mulie-

1239 2735 1300 2779 ris
1317 2736 1616 2793 praetorium‚
1650 2742 1699 2776 ut
1722 2735 1782 2777 ita
1803 2733 1953 2777 maior
1974 2735 2030 2778 sit
2048 2752 2134 2794 po·-

1240 2794 1378 2836 tentia
1407 2793 1524 2851 apud
1549 2793 1665 2835 hanc
1695 2808 1830 2850 quam
1853 2791 1972 2851 apud
1995 2792 2139 2836 mari-

1224 2860 1352 2894 dum.

1304 2907 1466 2962 Oppiis
1490 2939 1502 2950 .
1520 2939 1531 2950 .
1556 2907 1752 2960 legibus.
1811 2904 1870 2950 cf.
1885 2905 1981 2950 Liv.
2007 2905 2077 2959 34,
2097 2908 2137 2951 1.

1296 2980 1421 3007 nunc
1439 2965 1605 3007 vinclis
1626 2964 1872 3007 exsolutis.
1913 2965 2046 3007 Nune
2067 2964 2136 3008 ed.

1239 3021 1450 3066 Beroald.
1494 3021 1703 3064 Restituit
1714 3021 1968 3074 Rhenanus,
1996 3037 2136 3078 quum

1241 3079 1443 3123 Alciatus
1469 3079 1676 3122 edidisset
1707 3092 1819 3121 non.
1852 3101 1911 3111 --
1962 3079 2139 3122 Vinclis

1241 3137 1472 3180 exsolutis
1492 3145 1542 3178 ut
1566 3144 1669 3178 ante
1692 3151 1731 3178 e.
1754 3136 1826 3178 28.
1850 3136 2060 3179 exsoluti
2077 3159 2138 3168 —

1241 3209 1408 3237 nexuS.
1468 3192 1583 3237 Hist.
1615 3192 1656 3244 3,
1692 3193 1761 3235 12.
1801 3192 1964 3236 vincla-
1989 3208 2135 3237 exso-

1241 3255 1359 3294 luta.
1413 3251 1750 3309 Supervacanea
1771 3250 1907 3307 igitur
1927 3249 2012 3294 fuit
2023 3250 2133 3295 Aci·

1242 3308 1347 3352 dalii
1377 3307 1655 3352 emendatio:
1705 3308 1902 3353 vinculis
1935 3311 2134 3352 exsolu-

1243 3374 1336 3409 tae.

1296 3421 1411 3473 CAP.
1438 3422 1511 3467 34.
1573 3433 1726 3480 ‘neque
1759 3425 1979 3468 relatum.
2046 3422 2136 3467 Per

1240 3479 1543 3537 egressionem
1565 3479 1701 3537 igitur
1713 3478 1905 3523 Caecina
1925 3495 2023 3523 eam
2037 3496 2134 3524 sen·

1242 3537 1426 3583 tentiam
1452 3545 1804 3596 exprompserat.
1857 3534 1918 3582 cf.
1939 3537 1981 3587 2,
2003 3535 2075 3582 58.
