<?xml version="1.0" encoding="UTF-8"?>
<!DOCTYPE html PUBLIC "-//W3C//DTD XHTML 1.0 Transitional//EN"
    "http://www.w3.org/TR/xhtml1/DTD/xhtml1-transitional.dtd">
<html xmlns="http://www.w3.org/1999/xhtml" xml:lang="en" lang="en">
 <head>
  <title>
</title>
<meta http-equiv="Content-Type" content="text/html;charset=utf-8" />
  <meta name='ocr-system' content='tesseract 3.04.00' />
  <meta name='ocr-capabilities' content='ocr_page ocr_carea ocr_par ocr_line ocrx_word'/>
</head>
<body>
  <div class='ocr_page' id='page_1' title='image "./operarecensuitet01taciuoft/operarecensuitet01taciuoft_0202.png"; bbox 0 0 2222 4030; ppageno 0'>
   <div class='ocr_carea' id='block_1_1' title="bbox 229 198 350 262">
    <p class='ocr_par' dir='ltr' id='par_1_1' title="bbox 229 198 350 262">
     <span class='ocr_line' id='line_1_1' title="bbox 229 198 350 262; baseline 0.017 -2"><span class='ocrx_word' id='word_1_1' title='bbox 229 198 350 262; x_wconf 76' lang='lat'>152</span> 
     </span>
    </p>
   </div>
   <div class='ocr_carea' id='block_1_2' title="bbox 887 196 1877 275">
    <p class='ocr_par' dir='ltr' id='par_1_2' title="bbox 887 196 1877 275">
     <span class='ocr_line' id='line_1_2' title="bbox 887 196 1877 275; baseline -0.002 -17"><span class='ocrx_word' id='word_1_2' title='bbox 887 196 1408 259; x_wconf 78' lang='lat' dir='ltr'><strong>ANNALIUM</strong></span> <span class='ocrx_word' id='word_1_3' title='bbox 1547 259 1551 268; x_wconf 12' lang='grc' dir='ltr'>,Α</span> <span class='ocrx_word' id='word_1_4' title='bbox 1755 240 1809 275; x_wconf 50' lang='grc' dir='ltr'>Α,</span> <span class='ocrx_word' id='word_1_5' title='bbox 1843 238 1877 274; x_wconf 69' lang='lat'><em>0</em></span> 
     </span>
    </p>
   </div>
   <div class='ocr_carea' id='block_1_3' title="bbox 1755 195 1996 277">
    <p class='ocr_par' dir='ltr' id='par_1_3' title="bbox 1755 195 1996 277">
     <span class='ocr_line' id='line_1_3' title="bbox 1755 195 1992 231; baseline 0.008 -2"><span class='ocrx_word' id='word_1_6' title='bbox 1755 195 1805 230; x_wconf 78' lang='lat' dir='ltr'><strong>A.</strong></span> <span class='ocrx_word' id='word_1_7' title='bbox 1829 197 1883 231; x_wconf 87' lang='lat' dir='ltr'><strong>U.</strong></span> <span class='ocrx_word' id='word_1_8' title='bbox 1905 196 1992 231; x_wconf 74' lang='lat'><strong>769.</strong></span> 
     </span>
     <span class='ocr_line' id='line_1_4' title="bbox 1879 241 1996 277; baseline -0.017 0"><span class='ocrx_word' id='word_1_9' title='bbox 1879 266 1890 277; x_wconf 86' lang='lat'><strong>.</strong></span> <span class='ocrx_word' id='word_1_10' title='bbox 1935 241 1996 275; x_wconf 74' lang='lat' dir='ltr'>m.</span> 
     </span>
    </p>
   </div>
   <div class='ocr_carea' id='block_1_4' title="bbox 227 324 2085 575">
    <p class='ocr_par' dir='ltr' id='par_1_4' title="bbox 227 324 2085 575">
     <span class='ocr_line' id='line_1_5' title="bbox 227 324 2085 406; baseline 0.001 -18"><span class='ocrx_word' id='word_1_11' title='bbox 227 342 322 388; x_wconf 86' lang='lat' dir='ltr'>tus</span> <span class='ocrx_word' id='word_1_12' title='bbox 360 327 650 387; x_wconf 86' lang='lat' dir='ltr'>consulta:</span> <span class='ocrx_word' id='word_1_13' title='bbox 716 348 971 406; x_wconf 86' lang='lat' dir='ltr'>quorum</span> <span class='ocrx_word' id='word_1_14' title='bbox 1002 350 1033 386; x_wconf 88' lang='lat' dir='ltr'>e</span> <span class='ocrx_word' id='word_1_15' title='bbox 1067 349 1316 386; x_wconf 84' lang='lat' dir='ltr'>numero</span> <span class='ocrx_word' id='word_1_16' title='bbox 1353 326 1424 388; x_wconf 89' lang='lat' dir='ltr'>L.</span> <span class='ocrx_word' id='word_1_17' title='bbox 1454 324 1769 384; x_wconf 83' lang='lat' dir='ltr'><strong>Pituanius</strong></span> <span class='ocrx_word' id='word_1_18' title='bbox 1810 351 1946 389; x_wconf 85' lang='lat' dir='ltr'>saxo</span> <span class='ocrx_word' id='word_1_19' title='bbox 1979 333 2085 389; x_wconf 89' lang='lat' dir='ltr'>de-</span> 
     </span>
     <span class='ocr_line' id='line_1_6' title="bbox 229 411 2084 493; baseline 0.002 -22"><span class='ocrx_word' id='word_1_20' title='bbox 229 416 412 472; x_wconf 87' lang='lat' dir='ltr'>iectus</span> <span class='ocrx_word' id='word_1_21' title='bbox 447 426 555 471; x_wconf 86' lang='lat' dir='ltr'>est:</span> <span class='ocrx_word' id='word_1_22' title='bbox 612 414 677 470; x_wconf 88' lang='lat' dir='ltr'>in</span> <span class='ocrx_word' id='word_1_23' title='bbox 698 411 764 475; x_wconf 91' lang='lat' dir='ltr'><strong>P.</strong></span> <span class='ocrx_word' id='word_1_24' title='bbox 791 414 1088 471; x_wconf 84' lang='lat' dir='ltr'>Marcium</span> <span class='ocrx_word' id='word_1_25' title='bbox 1125 414 1394 470; x_wconf 87' lang='lat' dir='ltr'>consules</span> <span class='ocrx_word' id='word_1_26' title='bbox 1422 424 1582 469; x_wconf 82' lang='lat' dir='ltr'>extra</span> <span class='ocrx_word' id='word_1_27' title='bbox 1605 425 1839 488; x_wconf 86' lang='lat' dir='ltr'>portam</span> <span class='ocrx_word' id='word_1_28' title='bbox 1861 414 2084 493; x_wconf 73' lang='lat' dir='ltr'>Esqui-</span> 
     </span>
     <span class='ocr_line' id='line_1_7' title="bbox 227 499 2085 575; baseline 0.002 -19"><span class='ocrx_word' id='word_1_29' title='bbox 227 501 443 570; x_wconf 77' lang='lat' dir='ltr'>linam,</span> <span class='ocrx_word' id='word_1_30' title='bbox 486 520 623 555; x_wconf 86' lang='lat' dir='ltr'>cum</span> <span class='ocrx_word' id='word_1_31' title='bbox 646 500 953 557; x_wconf 84' lang='lat' dir='ltr'>classicum</span> <span class='ocrx_word' id='word_1_32' title='bbox 974 519 1180 556; x_wconf 86' lang='lat' dir='ltr'>canere</span> <span class='ocrx_word' id='word_1_33' title='bbox 1203 499 1509 555; x_wconf 88' lang='lat' dir='ltr'>iussissent</span> <span class='ocrx_word' id='word_1_34' title='bbox 1523 543 1539 567; x_wconf 90' lang='lat'>‚</span> <span class='ocrx_word' id='word_1_35' title='bbox 1575 519 1744 555; x_wconf 88' lang='lat' dir='ltr'>more</span> <span class='ocrx_word' id='word_1_36' title='bbox 1764 501 1955 575; x_wconf 86' lang='lat' dir='ltr'>prisc&#39;o</span> <span class='ocrx_word' id='word_1_37' title='bbox 1979 505 2085 559; x_wconf 87' lang='lat' dir='ltr'>ad-</span> 
     </span>
    </p>
   </div>
   <div class='ocr_carea' id='block_1_5' title="bbox 229 596 474 644">
    <p class='ocr_par' dir='ltr' id='par_1_5' title="bbox 229 596 474 644">
     <span class='ocr_line' id='line_1_8' title="bbox 229 596 474 644; baseline 0.012 -3"><span class='ocrx_word' id='word_1_38' title='bbox 229 596 474 644; x_wconf 86' lang='lat' dir='ltr'>vertere.</span> 
     </span>
    </p>
   </div>
   <div class='ocr_carea' id='block_1_6' title="bbox 223 667 2087 1001">
    <p class='ocr_par' dir='ltr' id='par_1_6' title="bbox 223 667 2087 1001">
     <span class='ocr_line' id='line_1_9' title="bbox 394 667 2087 740; baseline 0.001 -15"><span class='ocrx_word' id='word_1_39' title='bbox 394 667 685 740; x_wconf 77' lang='lat' dir='ltr'><strong>XXXIIJ.</strong></span> <span class='ocrx_word' id='word_1_40' title='bbox 704 718 706 720; x_wconf 96' lang='lat'><strong>.</strong></span> <span class='ocrx_word' id='word_1_41' title='bbox 725 668 1005 726; x_wconf 83' lang='lat' dir='ltr'>Proximo</span> <span class='ocrx_word' id='word_1_42' title='bbox 1035 678 1270 724; x_wconf 81' lang='lat' dir='ltr'>senatus</span> <span class='ocrx_word' id='word_1_43' title='bbox 1305 668 1400 724; x_wconf 86' lang='lat' dir='ltr'>die</span> <span class='ocrx_word' id='word_1_44' title='bbox 1434 668 1623 725; x_wconf 85' lang='lat' dir='ltr'>multa</span> <span class='ocrx_word' id='word_1_45' title='bbox 1658 669 1725 724; x_wconf 90' lang='lat' dir='ltr'>in</span> <span class='ocrx_word' id='word_1_46' title='bbox 1761 670 1967 726; x_wconf 87' lang='lat' dir='ltr'>luxum</span> <span class='ocrx_word' id='word_1_47' title='bbox 2002 671 2087 727; x_wconf 82' lang='lat' dir='ltr'>ci&#39;-</span> 
     </span>
     <span class='ocr_line' id='line_1_10' title="bbox 223 750 2084 827; baseline 0 -15"><span class='ocrx_word' id='word_1_48' title='bbox 223 754 420 812; x_wconf 84' lang='lat' dir='ltr'>vitatis</span> <span class='ocrx_word' id='word_1_49' title='bbox 457 755 611 812; x_wconf 85' lang='lat' dir='ltr'>dicta</span> <span class='ocrx_word' id='word_1_50' title='bbox 649 776 682 811; x_wconf 86' lang='lat' dir='ltr'>a</span> <span class='ocrx_word' id='word_1_51' title='bbox 720 754 794 827; x_wconf 98' lang='lat' dir='ltr'><strong>Q.</strong></span> <span class='ocrx_word' id='word_1_52' title='bbox 816 753 1061 810; x_wconf 84' lang='lat' dir='ltr'>Haterio</span> <span class='ocrx_word' id='word_1_53' title='bbox 1108 753 1436 823; x_wconf 86' lang='lat' dir='ltr'>consulari,</span> <span class='ocrx_word' id='word_1_54' title='bbox 1489 750 1740 811; x_wconf 81' lang='lat' dir='ltr'>Octavio</span> <span class='ocrx_word' id='word_1_55' title='bbox 1779 754 2084 813; x_wconf 85' lang='lat' dir='ltr'>Frontone</span> 
     </span>
     <span class='ocr_line' id='line_1_11' title="bbox 228 841 2085 917; baseline 0 -21"><span class='ocrx_word' id='word_1_56' title='bbox 228 851 501 917; x_wconf 87' lang='lat' dir='ltr'>praetura</span> <span class='ocrx_word' id='word_1_57' title='bbox 526 841 758 896; x_wconf 87' lang='lat' dir='ltr'>functo:</span> <span class='ocrx_word' id='word_1_58' title='bbox 806 841 1255 914; x_wconf 85' lang='lat' dir='ltr'>decretumque,</span> <span class='ocrx_word' id='word_1_59' title='bbox 1299 858 1375 894; x_wconf 89' lang='lat' dir='ltr'>ne</span> <span class='ocrx_word' id='word_1_60' title='bbox 1400 858 1539 894; x_wconf 85' lang='lat' dir='ltr'>vasa</span> <span class='ocrx_word' id='word_1_61' title='bbox 1566 860 1710 896; x_wconf 83' lang='lat' dir='ltr'>auro</span> <span class='ocrx_word' id='word_1_62' title='bbox 1742 841 1932 896; x_wconf 81' lang='lat' dir='ltr'>solida</span> <span class='ocrx_word' id='word_1_63' title='bbox 1968 841 2085 897; x_wconf 85' lang='lat' dir='ltr'>mi-</span> 
     </span>
     <span class='ocr_line' id='line_1_12' title="bbox 223 923 2084 1001; baseline 0.002 -20"><span class='ocrx_word' id='word_1_64' title='bbox 223 925 547 1001; x_wconf 81' lang='lat' dir='ltr'>nistrandis</span> <span class='ocrx_word' id='word_1_65' title='bbox 583 926 730 982; x_wconf 87' lang='lat' dir='ltr'>cibis</span> <span class='ocrx_word' id='word_1_66' title='bbox 764 925 1000 980; x_wconf 87' lang='lat' dir='ltr'>fierent:</span> <span class='ocrx_word' id='word_1_67' title='bbox 1068 944 1145 980; x_wconf 92' lang='lat' dir='ltr'>ne</span> <span class='ocrx_word' id='word_1_68' title='bbox 1177 923 1354 980; x_wconf 87' lang='lat' dir='ltr'>vestis</span> <span class='ocrx_word' id='word_1_69' title='bbox 1389 924 1572 980; x_wconf 84' lang='lat' dir='ltr'>serica</span> <span class='ocrx_word' id='word_1_70' title='bbox 1605 924 1765 981; x_wconf 89' lang='lat' dir='ltr'>viros</span> <span class='ocrx_word' id='word_1_71' title='bbox 1803 927 2084 987; x_wconf 88' lang='lat' dir='ltr'>foedaret.</span> 
     </span>
    </p>
   </div>
   <div class='ocr_carea' id='block_1_7' title="bbox 215 1114 1119 2314">
    <p class='ocr_par' dir='ltr' id='par_1_7' title="bbox 215 1114 1119 2314">
     <span class='ocr_line' id='line_1_13' title="bbox 220 1114 1117 1176; baseline -0.004 -15"><span class='ocrx_word' id='word_1_72' title='bbox 220 1125 318 1170; x_wconf 87' lang='lat' dir='ltr'>tur,</span> <span class='ocrx_word' id='word_1_73' title='bbox 371 1117 451 1176; x_wconf 89' lang='lat' dir='ltr'>qui</span> <span class='ocrx_word' id='word_1_74' title='bbox 492 1114 737 1176; x_wconf 80' lang='lat' dir='ltr'>gentilicio&#39;</span> <span class='ocrx_word' id='word_1_75' title='bbox 759 1115 946 1159; x_wconf 87' lang='lat' dir='ltr'>nomine</span> <span class='ocrx_word' id='word_1_76' title='bbox 989 1122 1117 1158; x_wconf 85' lang='lat' dir='ltr'>erant</span> 
     </span>
     <span class='ocr_line' id='line_1_14' title="bbox 219 1172 1117 1224; baseline -0.002 -6"><span class='ocrx_word' id='word_1_77' title='bbox 219 1173 448 1219; x_wconf 82' lang='lat' dir='ltr'>Chaldaei.</span> <span class='ocrx_word' id='word_1_78' title='bbox 504 1175 562 1219; x_wconf 89' lang='lat' dir='ltr'>cf.</span> <span class='ocrx_word' id='word_1_79' title='bbox 606 1173 778 1216; x_wconf 89' lang='lat' dir='ltr'><strong>Gellius</strong></span> <span class='ocrx_word' id='word_1_80' title='bbox 815 1175 853 1224; x_wconf 88' lang='lat'>1,</span> <span class='ocrx_word' id='word_1_81' title='bbox 876 1173 918 1216; x_wconf 88' lang='lat'>9.</span> <span class='ocrx_word' id='word_1_82' title='bbox 978 1172 1117 1216; x_wconf 83' lang='lat' dir='ltr'>Simi-</span> 
     </span>
     <span class='ocr_line' id='line_1_15' title="bbox 219 1231 1116 1300; baseline -0.002 -25"><span class='ocrx_word' id='word_1_83' title='bbox 219 1231 283 1275; x_wconf 86' lang='lat' dir='ltr'>les</span> <span class='ocrx_word' id='word_1_84' title='bbox 331 1232 450 1300; x_wconf 71' lang='lat' dir='ltr'>leges</span> <span class='ocrx_word' id='word_1_85' title='bbox 484 1232 623 1275; x_wconf 84' lang='lat' dir='ltr'>sactae</span> <span class='ocrx_word' id='word_1_86' title='bbox 654 1239 759 1274; x_wconf 88' lang='lat' dir='ltr'>sunt</span> <span class='ocrx_word' id='word_1_87' title='bbox 793 1231 875 1274; x_wconf 88' lang='lat' dir='ltr'>sub</span> <span class='ocrx_word' id='word_1_88' title='bbox 907 1231 1116 1288; x_wconf 83' lang='lat' dir='ltr'>Augusto</span> 
     </span>
     <span class='ocr_line' id='line_1_16' title="bbox 219 1287 1116 1345; baseline -0.004 -12"><span class='ocrx_word' id='word_1_89' title='bbox 219 1289 305 1344; x_wconf 81' lang='lat' dir='ltr'>(cf.</span> <span class='ocrx_word' id='word_1_90' title='bbox 338 1291 429 1333; x_wconf 79' lang='lat' dir='ltr'>Dio</span> <span class='ocrx_word' id='word_1_91' title='bbox 459 1290 529 1341; x_wconf 86' lang='lat'>49,</span> <span class='ocrx_word' id='word_1_92' title='bbox 563 1287 664 1345; x_wconf 83' lang='lat'><strong>43.)</strong></span> <span class='ocrx_word' id='word_1_93' title='bbox 709 1298 752 1332; x_wconf 89' lang='lat' dir='ltr'>et</span> <span class='ocrx_word' id='word_1_94' title='bbox 785 1289 871 1332; x_wconf 88' lang='lat' dir='ltr'>alio</span> <span class='ocrx_word' id='word_1_95' title='bbox 907 1297 1116 1344; x_wconf 82' lang='lat' dir='ltr'>tempore</span> 
     </span>
     <span class='ocr_line' id='line_1_17' title="bbox 219 1344 1114 1402; baseline -0.001 -12"><span class='ocrx_word' id='word_1_96' title='bbox 219 1346 426 1402; x_wconf 88' lang='lat' dir='ltr'>(Sueton.</span> <span class='ocrx_word' id='word_1_97' title='bbox 444 1346 594 1390; x_wconf 86' lang='lat' dir='ltr'>Vitell.</span> <span class='ocrx_word' id='word_1_98' title='bbox 629 1363 668 1389; x_wconf 85' lang='lat' dir='ltr'>c.</span> <span class='ocrx_word' id='word_1_99' title='bbox 690 1344 759 1390; x_wconf 85' lang='grc'>14.</span> <span class='ocrx_word' id='word_1_100' title='bbox 819 1345 984 1390; x_wconf 87' lang='lat' dir='ltr'>Noster</span> <span class='ocrx_word' id='word_1_101' title='bbox 1001 1346 1114 1389; x_wconf 88' lang='lat' dir='ltr'>Hist.</span> 
     </span>
     <span class='ocr_line' id='line_1_18' title="bbox 220 1403 942 1462; baseline -0.003 -14"><span class='ocrx_word' id='word_1_102' title='bbox 220 1407 260 1458; x_wconf 90' lang='lat'>1,</span> <span class='ocrx_word' id='word_1_103' title='bbox 282 1405 354 1448; x_wconf 85' lang='lat'><strong>22.</strong></span> <span class='ocrx_word' id='word_1_104' title='bbox 417 1405 565 1448; x_wconf 90' lang='lat' dir='ltr'>Valer.</span> <span class='ocrx_word' id='word_1_105' title='bbox 591 1404 712 1447; x_wconf 80' lang='lat' dir='ltr'>Max.</span> <span class='ocrx_word' id='word_1_106' title='bbox 748 1407 784 1456; x_wconf 93' lang='lat'>1,</span> <span class='ocrx_word' id='word_1_107' title='bbox 803 1403 844 1452; x_wconf 82' lang='grc'>3,</span> <span class='ocrx_word' id='word_1_108' title='bbox 865 1405 942 1462; x_wconf 86' lang='grc'><strong>2.).</strong></span> 
     </span>
     <span class='ocr_line' id='line_1_19' title="bbox 273 1459 1113 1519; baseline 0.001 -14"><span class='ocrx_word' id='word_1_109' title='bbox 273 1477 416 1505; x_wconf 77' lang='lat' dir='ltr'>saxa.</span> <span class='ocrx_word' id='word_1_110' title='bbox 469 1462 542 1504; x_wconf 88' lang='lat' dir='ltr'>Sc.</span> <span class='ocrx_word' id='word_1_111' title='bbox 563 1461 770 1519; x_wconf 84' lang='lat' dir='ltr'>Tarpeio.</span> <span class='ocrx_word' id='word_1_112' title='bbox 819 1459 1113 1506; x_wconf 88' lang='lat' dir='ltr'>Plaut.Trin.</span> 
     </span>
     <span class='ocr_line' id='line_1_20' title="bbox 217 1518 1113 1572; baseline -0.001 -9"><span class='ocrx_word' id='word_1_113' title='bbox 217 1520 260 1569; x_wconf 84' lang='lat'>2,</span> <span class='ocrx_word' id='word_1_114' title='bbox 283 1522 320 1572; x_wconf 92' lang='lat'>1,</span> <span class='ocrx_word' id='word_1_115' title='bbox 343 1519 414 1562; x_wconf 83' lang='grc'>30.</span> <span class='ocrx_word' id='word_1_116' title='bbox 474 1519 572 1563; x_wconf 91' lang='lat' dir='ltr'>Liv.</span> <span class='ocrx_word' id='word_1_117' title='bbox 599 1520 639 1569; x_wconf 89' lang='grc'>6,</span> <span class='ocrx_word' id='word_1_118' title='bbox 669 1521 739 1562; x_wconf 85' lang='grc'>20.</span> <span class='ocrx_word' id='word_1_119' title='bbox 779 1519 849 1571; x_wconf 86' lang='grc'>24,</span> <span class='ocrx_word' id='word_1_120' title='bbox 876 1521 946 1563; x_wconf 85' lang='grc'>20.</span> <span class='ocrx_word' id='word_1_121' title='bbox 977 1518 1046 1570; x_wconf 86' lang='grc'>25,</span> <span class='ocrx_word' id='word_1_122' title='bbox 1071 1520 1113 1562; x_wconf 91' lang='grc'>7.</span> 
     </span>
     <span class='ocr_line' id='line_1_21' title="bbox 216 1576 1038 1635; baseline 0.002 -15"><span class='ocrx_word' id='word_1_123' title='bbox 216 1577 406 1633; x_wconf 86' lang='lat' dir='ltr'>Eutrop.</span> <span class='ocrx_word' id='word_1_124' title='bbox 427 1577 467 1628; x_wconf 89' lang='lat'>7,</span> <span class='ocrx_word' id='word_1_125' title='bbox 492 1577 558 1619; x_wconf 89' lang='lat'>15.</span> <span class='ocrx_word' id='word_1_126' title='bbox 580 1577 732 1635; x_wconf 88' lang='lat' dir='ltr'>ibique</span> <span class='ocrx_word' id='word_1_127' title='bbox 756 1576 1038 1622; x_wconf 83' lang='lat' dir='ltr'>Tzsehueke.</span> 
     </span>
     <span class='ocr_line' id='line_1_22' title="bbox 275 1633 1116 1691; baseline -0.002 -14"><span class='ocrx_word' id='word_1_128' title='bbox 275 1643 418 1677; x_wconf 81' lang='lat' dir='ltr'>extra</span> <span class='ocrx_word' id='word_1_129' title='bbox 432 1642 626 1688; x_wconf 77' lang='lat' dir='ltr'>portam</span> <span class='ocrx_word' id='word_1_130' title='bbox 637 1636 943 1691; x_wconf 79' lang='lat' dir='ltr'>Esquilinam.</span> <span class='ocrx_word' id='word_1_131' title='bbox 981 1633 1116 1676; x_wconf 88' lang='lat' dir='ltr'>Nam·</span> 
     </span>
     <span class='ocr_line' id='line_1_23' title="bbox 218 1691 1117 1751; baseline -0.003 -16"><span class='ocrx_word' id='word_1_132' title='bbox 218 1708 306 1749; x_wconf 80' lang='lat' dir='ltr'>que</span> <span class='ocrx_word' id='word_1_133' title='bbox 341 1691 603 1749; x_wconf 88' lang='lat' dir='ltr'>Esquilinus</span> <span class='ocrx_word' id='word_1_134' title='bbox 639 1709 823 1751; x_wconf 89' lang='lat' dir='ltr'>campus</span> <span class='ocrx_word' id='word_1_135' title='bbox 865 1691 1117 1751; x_wconf 89' lang='lat' dir='ltr'>supplicio-</span> 
     </span>
     <span class='ocr_line' id='line_1_24' title="bbox 215 1749 1116 1795; baseline 0.001 -4"><span class='ocrx_word' id='word_1_136' title='bbox 215 1766 321 1792; x_wconf 87' lang='lat' dir='ltr'>rum</span> <span class='ocrx_word' id='word_1_137' title='bbox 347 1749 474 1792; x_wconf 86' lang='lat' dir='ltr'>loeus</span> <span class='ocrx_word' id='word_1_138' title='bbox 497 1756 605 1792; x_wconf 86' lang='lat' dir='ltr'>erat.</span> <span class='ocrx_word' id='word_1_139' title='bbox 665 1750 789 1793; x_wconf 90' lang='lat' dir='ltr'>Suet.</span> <span class='ocrx_word' id='word_1_140' title='bbox 814 1750 970 1795; x_wconf 86' lang='lat' dir='ltr'><strong>Claud.</strong></span> <span class='ocrx_word' id='word_1_141' title='bbox 992 1766 1030 1792; x_wconf 91' lang='lat' dir='ltr'>c.</span> <span class='ocrx_word' id='word_1_142' title='bbox 1045 1749 1116 1792; x_wconf 85' lang='lat'><strong>25.</strong></span> 
     </span>
     <span class='ocr_line' id='line_1_25' title="bbox 218 1807 1119 1860; baseline -0.002 -8"><span class='ocrx_word' id='word_1_143' title='bbox 218 1809 463 1852; x_wconf 78' lang='lat' dir='ltr'><em>Civitatem</em></span> <span class='ocrx_word' id='word_1_144' title='bbox 508 1807 783 1851; x_wconf 83' lang='lat' dir='ltr'>Romanam</span> <span class='ocrx_word' id='word_1_145' title='bbox 837 1814 1119 1860; x_wconf 81' lang='lat' dir='ltr'><strong><em>usurpantes</em></strong></span> 
     </span>
     <span class='ocr_line' id='line_1_26' title="bbox 216 1865 1116 1921; baseline 0 -13"><span class='ocrx_word' id='word_1_146' title='bbox 216 1866 268 1908; x_wconf 88' lang='lat' dir='ltr'>in</span> <span class='ocrx_word' id='word_1_147' title='bbox 300 1880 466 1918; x_wconf 84' lang='lat' dir='ltr'>campo</span> <span class='ocrx_word' id='word_1_148' title='bbox 487 1865 726 1920; x_wconf 80' lang='lat' dir='ltr'>Esquilino</span> <span class='ocrx_word' id='word_1_149' title='bbox 758 1866 909 1908; x_wconf 84' lang='lat' dir='ltr'>securi</span> <span class='ocrx_word' id='word_1_150' title='bbox 926 1879 1116 1921; x_wconf 84' lang='lat' dir='ltr'>percus-</span> 
     </span>
     <span class='ocr_line' id='line_1_27' title="bbox 215 1921 1115 1981; baseline -0.001 -15"><span class='ocrx_word' id='word_1_151' title='bbox 215 1925 290 1966; x_wconf 78' lang='lat' dir='ltr'>sit.</span> <span class='ocrx_word' id='word_1_152' title='bbox 350 1921 525 1980; x_wconf 80' lang='lat' dir='ltr'>Lipsius</span> <span class='ocrx_word' id='word_1_153' title='bbox 550 1923 605 1965; x_wconf 94' lang='lat' dir='ltr'>de</span> <span class='ocrx_word' id='word_1_154' title='bbox 631 1923 715 1967; x_wconf 86' lang='lat' dir='ltr'>hac</span> <span class='ocrx_word' id='word_1_155' title='bbox 749 1940 798 1966; x_wconf 91' lang='lat' dir='ltr'>re</span> <span class='ocrx_word' id='word_1_156' title='bbox 830 1924 1009 1981; x_wconf 80' lang='lat' dir='ltr'>scripsit</span> <span class='ocrx_word' id='word_1_157' title='bbox 1040 1938 1115 1965; x_wconf 85' lang='lat' dir='ltr'>ex-</span> 
     </span>
     <span class='ocr_line' id='line_1_28' title="bbox 217 1979 1115 2040; baseline -0.002 -16"><span class='ocrx_word' id='word_1_158' title='bbox 217 1985 399 2024; x_wconf 65' lang='lat' dir='ltr'>cursum</span> <span class='ocrx_word' id='word_1_159' title='bbox 425 1979 480 2022; x_wconf 89' lang='lat' dir='ltr'>H.</span> <span class='ocrx_word' id='word_1_160' title='bbox 541 1981 774 2038; x_wconf 78' lang='lat' dir='ltr'>Scriptura</span> <span class='ocrx_word' id='word_1_161' title='bbox 805 1982 982 2040; x_wconf 85' lang='lat' dir='ltr'>vulgata</span> <span class='ocrx_word' id='word_1_162' title='bbox 1010 1981 1115 2022; x_wconf 74' lang='lat' dir='ltr'>Ex-</span> 
     </span>
     <span class='ocr_line' id='line_1_29' title="bbox 248 2037 1116 2090; baseline 0 -11"><span class='ocrx_word' id='word_1_163' title='bbox 248 2039 452 2080; x_wconf 76' lang='lat' dir='ltr'>uilinam</span> <span class='ocrx_word' id='word_1_164' title='bbox 473 2046 538 2080; x_wconf 91' lang='lat' dir='ltr'>est</span> <span class='ocrx_word' id='word_1_165' title='bbox 564 2054 587 2079; x_wconf 92' lang='lat' dir='ltr'>e</span> <span class='ocrx_word' id='word_1_166' title='bbox 614 2047 720 2082; x_wconf 89' lang='lat' dir='ltr'>vett.</span> <span class='ocrx_word' id='word_1_167' title='bbox 748 2038 901 2090; x_wconf 82' lang='lat' dir='ltr'>libris3</span> <span class='ocrx_word' id='word_1_168' title='bbox 940 2038 1017 2081; x_wconf 88' lang='lat' dir='ltr'>sed</span> <span class='ocrx_word' id='word_1_169' title='bbox 1049 2037 1116 2089; x_wconf 88' lang='lat'>15,</span> 
     </span>
     <span class='ocr_line' id='line_1_30' title="bbox 215 2053 1114 2153; baseline -0.002 -15"><span class='ocrx_word' id='word_1_170' title='bbox 215 2053 286 2138; x_wconf 63' lang='grc' dir='ltr'>ΖΟ.</span> <span class='ocrx_word' id='word_1_171' title='bbox 310 2095 495 2153; x_wconf 84' lang='lat' dir='ltr'><strong>plurimi</strong></span> <span class='ocrx_word' id='word_1_172' title='bbox 517 2095 619 2138; x_wconf 88' lang='lat' dir='ltr'><strong>libri</strong></span> <span class='ocrx_word' id='word_1_173' title='bbox 642 2097 934 2151; x_wconf 83' lang='lat' dir='ltr'>consentiunt</span> <span class='ocrx_word' id='word_1_174' title='bbox 960 2097 1006 2138; x_wconf 91' lang='lat' dir='ltr'>in</span> <span class='ocrx_word' id='word_1_175' title='bbox 1029 2095 1114 2137; x_wconf 85' lang='lat' dir='ltr'>Es·</span> 
     </span>
     <span class='ocr_line' id='line_1_31' title="bbox 217 2153 1113 2210; baseline -0.001 -15"><span class='ocrx_word' id='word_1_176' title='bbox 217 2153 411 2208; x_wconf 77' lang='lat' dir='ltr'>quilius,</span> <span class='ocrx_word' id='word_1_177' title='bbox 444 2167 579 2210; x_wconf 89' lang='lat' dir='ltr'>quam</span> <span class='ocrx_word' id='word_1_178' title='bbox 603 2154 873 2210; x_wconf 83' lang='lat' dir='ltr'>scripturam</span> <span class='ocrx_word' id='word_1_179' title='bbox 898 2162 1113 2196; x_wconf 87' lang='lat' dir='ltr'>constan-</span> 
     </span>
     <span class='ocr_line' id='line_1_32' title="bbox 216 2210 1084 2255; baseline -0.001 -2"><span class='ocrx_word' id='word_1_180' title='bbox 216 2211 302 2255; x_wconf 82' lang='lat' dir='ltr'>tiae</span> <span class='ocrx_word' id='word_1_181' title='bbox 325 2226 454 2252; x_wconf 80' lang='lat' dir='ltr'>causa</span> <span class='ocrx_word' id='word_1_182' title='bbox 480 2220 522 2252; x_wconf 89' lang='lat' dir='ltr'>et</span> <span class='ocrx_word' id='word_1_183' title='bbox 542 2210 648 2252; x_wconf 87' lang='lat' dir='ltr'>huic</span> <span class='ocrx_word' id='word_1_184' title='bbox 671 2212 773 2254; x_wconf 91' lang='lat' dir='ltr'>loco</span> <span class='ocrx_word' id='word_1_185' title='bbox 793 2211 1084 2254; x_wconf 84' lang='lat' dir='ltr'><strong>reddidimus.</strong></span> 
     </span>
     <span class='ocr_line' id='line_1_33' title="bbox 274 2268 1114 2314; baseline 0.002 -6"><span class='ocrx_word' id='word_1_186' title='bbox 274 2268 646 2314; x_wconf 40' lang='lat' dir='ltr'>cuntclassicum</span> <span class='ocrx_word' id='word_1_187' title='bbox 671 2282 840 2311; x_wconf 85' lang='lat' dir='ltr'>canere</span> <span class='ocrx_word' id='word_1_188' title='bbox 861 2270 1114 2311; x_wconf 79' lang='lat' dir='ltr'>iussissent.</span> 
     </span>
    </p>
   </div>
   <div class='ocr_carea' id='block_1_8' title="bbox 219 2323 1128 2383">
    <p class='ocr_par' dir='ltr' id='par_1_8' title="bbox 219 2323 1128 2383">
     <span class='ocr_line' id='line_1_34' title="bbox 219 2323 1128 2383; baseline 0.003 -16"><span class='ocrx_word' id='word_1_189' title='bbox 219 2323 371 2379; x_wconf 89' lang='lat' dir='ltr'>Quem</span> <span class='ocrx_word' id='word_1_190' title='bbox 399 2341 572 2367; x_wconf 88' lang='lat' dir='ltr'>morem</span> <span class='ocrx_word' id='word_1_191' title='bbox 607 2334 797 2383; x_wconf 81' lang='lat' dir='ltr'>tangunt</span> <span class='ocrx_word' id='word_1_192' title='bbox 815 2324 1044 2369; x_wconf 73' lang='lat' dir='ltr'>Plutarch.</span> <span class='ocrx_word' id='word_1_193' title='bbox 1068 2325 1128 2370; x_wconf 89' lang='lat' dir='ltr'>in.</span> 
     </span>
    </p>
   </div>
   <div class='ocr_carea' id='block_1_9' title="bbox 214 2381 1119 3578">
    <p class='ocr_par' dir='ltr' id='par_1_9' title="bbox 214 2381 1119 2549">
     <span class='ocr_line' id='line_1_35' title="bbox 218 2381 1119 2440; baseline -0.002 -15"><span class='ocrx_word' id='word_1_194' title='bbox 218 2381 413 2430; x_wconf 82' lang='lat' dir='ltr'>Gracch.</span> <span class='ocrx_word' id='word_1_195' title='bbox 444 2399 489 2440; x_wconf 87' lang='lat' dir='ltr'>p.</span> <span class='ocrx_word' id='word_1_196' title='bbox 523 2382 622 2426; x_wconf 83' lang='grc'><strong>836.</strong></span> <span class='ocrx_word' id='word_1_197' title='bbox 695 2383 854 2426; x_wconf 88' lang='lat' dir='ltr'>Senec.</span> <span class='ocrx_word' id='word_1_198' title='bbox 890 2385 945 2426; x_wconf 94' lang='lat' dir='ltr'>de</span> <span class='ocrx_word' id='word_1_199' title='bbox 975 2383 1042 2425; x_wconf 88' lang='lat' dir='ltr'>ira</span> <span class='ocrx_word' id='word_1_200' title='bbox 1077 2383 1119 2434; x_wconf 89' lang='lat'>1,</span> 
     </span>
     <span class='ocr_line' id='line_1_36' title="bbox 218 2439 1115 2498; baseline 0 -15"><span class='ocrx_word' id='word_1_201' title='bbox 218 2441 288 2483; x_wconf 86' lang='lat'><strong>16.</strong></span> <span class='ocrx_word' id='word_1_202' title='bbox 316 2440 442 2498; x_wconf 85' lang='lat' dir='ltr'><strong>epist.</strong></span> <span class='ocrx_word' id='word_1_203' title='bbox 468 2440 536 2484; x_wconf 87' lang='lat'><strong>17.</strong></span> <span class='ocrx_word' id='word_1_204' title='bbox 566 2449 853 2487; x_wconf 70' lang='lat' dir='ltr'>controvers.</span> <span class='ocrx_word' id='word_1_205' title='bbox 877 2439 949 2485; x_wconf 85' lang='lat'><strong>25.</strong></span> <span class='ocrx_word' id='word_1_206' title='bbox 982 2439 1115 2485; x_wconf 88' lang='lat' dir='ltr'>Varr.</span> 
     </span>
     <span class='ocr_line' id='line_1_37' title="bbox 214 2497 480 2549; baseline 0 -8"><span class='ocrx_word' id='word_1_207' title='bbox 214 2497 265 2541; x_wconf 88' lang='lat' dir='ltr'><strong>L.</strong></span> <span class='ocrx_word' id='word_1_208' title='bbox 289 2498 338 2540; x_wconf 88' lang='lat' dir='ltr'><strong>L.</strong></span> <span class='ocrx_word' id='word_1_209' title='bbox 374 2498 413 2549; x_wconf 91' lang='lat'>5,</span> <span class='ocrx_word' id='word_1_210' title='bbox 438 2499 480 2541; x_wconf 88' lang='lat'><strong>9.</strong></span> 
     </span>
    </p>

    <p class='ocr_par' dir='ltr' id='par_1_10' title="bbox 214 2553 1116 3475">
     <span class='ocr_line' id='line_1_38' title="bbox 275 2553 1114 2609; baseline 0 -11"><span class='ocrx_word' id='word_1_211' title='bbox 275 2570 410 2598; x_wconf 85' lang='lat' dir='ltr'>more</span> <span class='ocrx_word' id='word_1_212' title='bbox 440 2557 610 2609; x_wconf 81' lang='lat' dir='ltr'>prisco,</span> <span class='ocrx_word' id='word_1_213' title='bbox 672 2553 715 2599; x_wconf 86' lang='lat' dir='ltr'><strong>h.</strong></span> <span class='ocrx_word' id='word_1_214' title='bbox 739 2570 780 2597; x_wconf 93' lang='lat' dir='ltr'>e.</span> <span class='ocrx_word' id='word_1_215' title='bbox 816 2571 943 2598; x_wconf 87' lang='lat' dir='ltr'>more</span> <span class='ocrx_word' id='word_1_216' title='bbox 966 2554 1114 2598; x_wconf 88' lang='lat' dir='ltr'>maio-</span> 
     </span>
     <span class='ocr_line' id='line_1_39' title="bbox 215 2612 1115 2656; baseline -0.002 0"><span class='ocrx_word' id='word_1_217' title='bbox 215 2630 335 2656; x_wconf 90' lang='lat' dir='ltr'>rum.</span> <span class='ocrx_word' id='word_1_218' title='bbox 406 2613 530 2656; x_wconf 87' lang='lat' dir='ltr'>Suet.</span> <span class='ocrx_word' id='word_1_219' title='bbox 565 2613 674 2656; x_wconf 87' lang='lat' dir='ltr'>Ner.</span> <span class='ocrx_word' id='word_1_220' title='bbox 715 2628 754 2656; x_wconf 85' lang='lat' dir='ltr'>e.</span> <span class='ocrx_word' id='word_1_221' title='bbox 788 2612 860 2656; x_wconf 85' lang='lat'><strong>49.</strong></span> <span class='ocrx_word' id='word_1_222' title='bbox 891 2613 969 2656; x_wconf 88' lang='lat' dir='ltr'>ubi</span> <span class='ocrx_word' id='word_1_223' title='bbox 1003 2613 1115 2655; x_wconf 83' lang='lat' dir='ltr'>edo·-</span> 
     </span>
     <span class='ocr_line' id='line_1_40' title="bbox 217 2670 1116 2719; baseline -0.004 -3"><span class='ocrx_word' id='word_1_224' title='bbox 217 2687 397 2719; x_wconf 78' lang='lat' dir='ltr'>ceniur,</span> <span class='ocrx_word' id='word_1_225' title='bbox 447 2670 527 2714; x_wconf 87' lang='lat' dir='ltr'>illo</span> <span class='ocrx_word' id='word_1_226' title='bbox 578 2686 707 2713; x_wconf 91' lang='lat' dir='ltr'>more</span> <span class='ocrx_word' id='word_1_227' title='bbox 752 2672 869 2712; x_wconf 83' lang='lat' dir='ltr'>nudi</span> <span class='ocrx_word' id='word_1_228' title='bbox 909 2672 1116 2712; x_wconf 82' lang='lat' dir='ltr'>hominis</span> 
     </span>
     <span class='ocr_line' id='line_1_41' title="bbox 215 2727 1115 2783; baseline -0.001 -12"><span class='ocrx_word' id='word_1_229' title='bbox 215 2729 438 2772; x_wconf 85' lang='lat' dir='ltr'>cervicem</span> <span class='ocrx_word' id='word_1_230' title='bbox 461 2728 607 2771; x_wconf 80' lang='lat' dir='ltr'>inseri</span> <span class='ocrx_word' id='word_1_231' title='bbox 612 2727 801 2783; x_wconf 86' lang='lat' dir='ltr'>furcae,</span> <span class='ocrx_word' id='word_1_232' title='bbox 824 2742 993 2782; x_wconf 82' lang='lat' dir='ltr'>corpus</span> <span class='ocrx_word' id='word_1_233' title='bbox 1016 2728 1115 2770; x_wconf 87' lang='lat' dir='ltr'>vir-</span> 
     </span>
     <span class='ocr_line' id='line_1_42' title="bbox 214 2784 1113 2840; baseline -0.001 -11"><span class='ocrx_word' id='word_1_234' title='bbox 214 2789 286 2840; x_wconf 81' lang='lat' dir='ltr'>gis</span> <span class='ocrx_word' id='word_1_235' title='bbox 323 2790 388 2828; x_wconf 84' lang='lat' dir='ltr'>ad</span> <span class='ocrx_word' id='word_1_236' title='bbox 427 2801 588 2828; x_wconf 84' lang='lat' dir='ltr'>necem</span> <span class='ocrx_word' id='word_1_237' title='bbox 617 2787 762 2828; x_wconf 86' lang='lat' dir='ltr'>caedi.</span> <span class='ocrx_word' id='word_1_238' title='bbox 845 2786 910 2828; x_wconf 88' lang='lat' dir='ltr'>ld.</span> <span class='ocrx_word' id='word_1_239' title='bbox 953 2784 1113 2828; x_wconf 85' lang='lat' dir='ltr'>Claud.</span> 
     </span>
     <span class='ocr_line' id='line_1_43' title="bbox 219 2844 1115 2899; baseline -0.002 -13"><span class='ocrx_word' id='word_1_240' title='bbox 219 2859 257 2886; x_wconf 88' lang='lat' dir='ltr'>c.</span> <span class='ocrx_word' id='word_1_241' title='bbox 280 2844 350 2892; x_wconf 80' lang='grc'>34,</span> <span class='ocrx_word' id='word_1_242' title='bbox 379 2844 432 2886; x_wconf 88' lang='lat' dir='ltr'>ad</span> <span class='ocrx_word' id='word_1_243' title='bbox 458 2844 649 2899; x_wconf 81' lang='lat' dir='ltr'>antiqui</span> <span class='ocrx_word' id='word_1_244' title='bbox 676 2845 822 2886; x_wconf 84' lang='lat' dir='ltr'>moris</span> <span class='ocrx_word' id='word_1_245' title='bbox 845 2845 1115 2899; x_wconf 76' lang='lat' dir='ltr'>supplicium</span> 
     </span>
     <span class='ocr_line' id='line_1_44' title="bbox 217 2900 1113 2958; baseline 0.001 -16"><span class='ocrx_word' id='word_1_246' title='bbox 217 2901 356 2943; x_wconf 81' lang='lat' dir='ltr'>refert</span> <span class='ocrx_word' id='word_1_247' title='bbox 398 2901 712 2958; x_wconf 84' lang='lat' dir='ltr'>deligatiouem</span> <span class='ocrx_word' id='word_1_248' title='bbox 756 2901 811 2944; x_wconf 91' lang='lat' dir='ltr'>ad</span> <span class='ocrx_word' id='word_1_249' title='bbox 855 2900 1007 2958; x_wconf 87' lang='lat' dir='ltr'>palum</span> <span class='ocrx_word' id='word_1_250' title='bbox 1051 2916 1113 2944; x_wconf 87' lang='lat' dir='ltr'>sc.</span> 
     </span>
     <span class='ocr_line' id='line_1_45' title="bbox 217 2958 1112 3002; baseline -0.001 -1"><span class='ocrx_word' id='word_1_251' title='bbox 217 2959 433 3001; x_wconf 88' lang='lat' dir='ltr'>caedendi</span> <span class='ocrx_word' id='word_1_252' title='bbox 458 2975 602 3002; x_wconf 91' lang='lat' dir='ltr'>causa.</span> <span class='ocrx_word' id='word_1_253' title='bbox 637 2958 701 3001; x_wconf 92' lang='lat' dir='ltr'>Id.</span> <span class='ocrx_word' id='word_1_254' title='bbox 725 2959 773 3001; x_wconf 89' lang='lat' dir='ltr'>in</span> <span class='ocrx_word' id='word_1_255' title='bbox 789 2958 965 3002; x_wconf 90' lang='lat' dir='ltr'>Domit.</span> <span class='ocrx_word' id='word_1_256' title='bbox 989 2975 1026 3001; x_wconf 85' lang='lat' dir='ltr'>e.</span> <span class='ocrx_word' id='word_1_257' title='bbox 1044 2960 1112 3001; x_wconf 89' lang='grc'>11.</span> 
     </span>
     <span class='ocr_line' id='line_1_46' title="bbox 219 3013 1115 3073; baseline 0.001 -16"><span class='ocrx_word' id='word_1_258' title='bbox 219 3013 359 3070; x_wconf 89' lang='lat' dir='ltr'>Quod</span> <span class='ocrx_word' id='word_1_259' title='bbox 395 3025 541 3057; x_wconf 83' lang='lat' dir='ltr'>autem</span> <span class='ocrx_word' id='word_1_260' title='bbox 577 3016 631 3058; x_wconf 91' lang='lat' dir='ltr'>ad</span> <span class='ocrx_word' id='word_1_261' title='bbox 664 3032 824 3060; x_wconf 90' lang='lat' dir='ltr'>necem</span> <span class='ocrx_word' id='word_1_262' title='bbox 863 3016 938 3061; x_wconf 86' lang='lat' dir='ltr'>vel</span> <span class='ocrx_word' id='word_1_263' title='bbox 971 3032 1115 3073; x_wconf 91' lang='lat' dir='ltr'>usque</span> 
     </span>
     <span class='ocr_line' id='line_1_47' title="bbox 217 3072 1114 3131; baseline 0.002 -17"><span class='ocrx_word' id='word_1_264' title='bbox 217 3072 272 3115; x_wconf 83' lang='lat' dir='ltr'>ad</span> <span class='ocrx_word' id='word_1_265' title='bbox 296 3080 491 3115; x_wconf 86' lang='lat' dir='ltr'>mortem</span> <span class='ocrx_word' id='word_1_266' title='bbox 516 3073 722 3130; x_wconf 85' lang='lat' dir='ltr'>(Eutrop.</span> <span class='ocrx_word' id='word_1_267' title='bbox 749 3073 778 3117; x_wconf 93' lang='lat' dir='ltr'>l.</span> <span class='ocrx_word' id='word_1_268' title='bbox 802 3073 848 3131; x_wconf 89' lang='lat' dir='ltr'>l.)</span> <span class='ocrx_word' id='word_1_269' title='bbox 879 3074 995 3118; x_wconf 88' lang='lat' dir='ltr'>caesi</span> <span class='ocrx_word' id='word_1_270' title='bbox 1021 3090 1114 3116; x_wconf 87' lang='lat' dir='ltr'>esse</span> 
     </span>
     <span class='ocr_line' id='line_1_48' title="bbox 217 3129 1113 3190; baseline 0.001 -17"><span class='ocrx_word' id='word_1_271' title='bbox 217 3129 456 3177; x_wconf 86' lang='lat' dir='ltr'>dicuntur,</span> <span class='ocrx_word' id='word_1_272' title='bbox 486 3131 544 3172; x_wconf 90' lang='lat' dir='ltr'>ita</span> <span class='ocrx_word' id='word_1_273' title='bbox 568 3131 795 3190; x_wconf 81' lang='lat' dir='ltr'><strong>intellige,</strong></span> <span class='ocrx_word' id='word_1_274' title='bbox 827 3141 875 3173; x_wconf 85' lang='lat' dir='ltr'>ut</span> <span class='ocrx_word' id='word_1_275' title='bbox 891 3140 994 3190; x_wconf 86' lang='lat' dir='ltr'>post</span> <span class='ocrx_word' id='word_1_276' title='bbox 1011 3147 1113 3174; x_wconf 84' lang='lat' dir='ltr'>cae-</span> 
     </span>
     <span class='ocr_line' id='line_1_49' title="bbox 217 3186 1112 3246; baseline 0.001 -16"><span class='ocrx_word' id='word_1_277' title='bbox 217 3186 393 3231; x_wconf 87' lang='lat' dir='ltr'>sionem</span> <span class='ocrx_word' id='word_1_278' title='bbox 425 3202 521 3228; x_wconf 91' lang='lat' dir='ltr'>non</span> <span class='ocrx_word' id='word_1_279' title='bbox 555 3188 747 3232; x_wconf 61' lang='lat' dir='ltr'>defuisse</span> <span class='ocrx_word' id='word_1_280' title='bbox 772 3198 900 3246; x_wconf 86' lang='lat' dir='ltr'>putes</span> <span class='ocrx_word' id='word_1_281' title='bbox 923 3205 1112 3246; x_wconf 89' lang='lat' dir='ltr'>percus-</span> 
     </span>
     <span class='ocr_line' id='line_1_50' title="bbox 216 3244 1114 3294; baseline 0.001 -7"><span class='ocrx_word' id='word_1_282' title='bbox 216 3244 398 3294; x_wconf 19' lang='lat' dir='ltr'>sionem]</span> <span class='ocrx_word' id='word_1_283' title='bbox 415 3244 561 3287; x_wconf 87' lang='lat' dir='ltr'>securi</span> <span class='ocrx_word' id='word_1_284' title='bbox 592 3245 754 3288; x_wconf 86' lang='lat' dir='ltr'>factam</span> <span class='ocrx_word' id='word_1_285' title='bbox 789 3257 865 3292; x_wconf 84' lang='lat' dir='ltr'>aut</span> <span class='ocrx_word' id='word_1_286' title='bbox 899 3246 1114 3290; x_wconf 83' lang='lat' dir='ltr'>deiectio-</span> 
     </span>
     <span class='ocr_line' id='line_1_51' title="bbox 217 3302 1115 3356; baseline 0.001 -11"><span class='ocrx_word' id='word_1_287' title='bbox 217 3318 323 3345; x_wconf 85' lang='lat' dir='ltr'>nem</span> <span class='ocrx_word' id='word_1_288' title='bbox 359 3302 412 3345; x_wconf 89' lang='lat' dir='ltr'>de</span> <span class='ocrx_word' id='word_1_289' title='bbox 447 3317 568 3345; x_wconf 83' lang='lat' dir='ltr'>saxo.</span> <span class='ocrx_word' id='word_1_290' title='bbox 630 3302 686 3344; x_wconf 89' lang='lat' dir='ltr'>cf.</span> <span class='ocrx_word' id='word_1_291' title='bbox 718 3303 817 3348; x_wconf 84' lang='lat' dir='ltr'>Liv.</span> <span class='ocrx_word' id='word_1_292' title='bbox 851 3305 892 3356; x_wconf 91' lang='lat'>7,</span> <span class='ocrx_word' id='word_1_293' title='bbox 931 3305 998 3346; x_wconf 91' lang='lat'><strong>19.</strong></span> <span class='ocrx_word' id='word_1_294' title='bbox 1062 3304 1115 3346; x_wconf 89' lang='lat' dir='ltr'>In</span> 
     </span>
     <span class='ocr_line' id='line_1_52' title="bbox 216 3359 1114 3419; baseline 0.003 -18"><span class='ocrx_word' id='word_1_295' title='bbox 216 3359 394 3402; x_wconf 87' lang='lat' dir='ltr'>Marcio</span> <span class='ocrx_word' id='word_1_296' title='bbox 414 3375 512 3402; x_wconf 89' lang='lat' dir='ltr'>mos</span> <span class='ocrx_word' id='word_1_297' title='bbox 531 3359 702 3417; x_wconf 88' lang='lat' dir='ltr'>priscus</span> <span class='ocrx_word' id='word_1_298' title='bbox 716 3362 891 3405; x_wconf 78' lang='lat' dir='ltr'>videtur</span> <span class='ocrx_word' id='word_1_299' title='bbox 913 3370 1114 3419; x_wconf 87' lang='lat' dir='ltr'>spectare</span> 
     </span>
     <span class='ocr_line' id='line_1_53' title="bbox 216 3416 740 3475; baseline 0 -15"><span class='ocrx_word' id='word_1_300' title='bbox 216 3416 274 3460; x_wconf 85' lang='lat' dir='ltr'>ad</span> <span class='ocrx_word' id='word_1_301' title='bbox 295 3418 444 3475; x_wconf 78' lang='lat' dir='ltr'>virgas</span> <span class='ocrx_word' id='word_1_302' title='bbox 467 3424 510 3460; x_wconf 89' lang='lat' dir='ltr'>et</span> <span class='ocrx_word' id='word_1_303' title='bbox 533 3416 740 3460; x_wconf 86' lang='lat' dir='ltr'>securim.</span> 
     </span>
    </p>

    <p class='ocr_par' dir='ltr' id='par_1_11' title="bbox 216 3474 1117 3578">
     <span class='ocr_line' id='line_1_54' title="bbox 274 3474 1117 3519; baseline 0.005 -4"><span class='ocrx_word' id='word_1_304' title='bbox 274 3477 535 3516; x_wconf 77' lang='lat' dir='ltr'>advertere.</span> <span class='ocrx_word' id='word_1_305' title='bbox 603 3474 695 3518; x_wconf 89' lang='lat' dir='ltr'>Pro</span> <span class='ocrx_word' id='word_1_306' title='bbox 737 3476 1117 3519; x_wconf 82' lang='lat' dir='ltr'>animaduertere</span> 
     </span>
     <span class='ocr_line' id='line_1_55' title="bbox 216 3531 1117 3578; baseline 0.003 -4"><span class='ocrx_word' id='word_1_307' title='bbox 216 3539 429 3575; x_wconf 78' lang='lat' dir='ltr'>constans</span> <span class='ocrx_word' id='word_1_308' title='bbox 453 3531 621 3576; x_wconf 87' lang='lat' dir='ltr'>Nostro</span> <span class='ocrx_word' id='word_1_309' title='bbox 651 3549 757 3577; x_wconf 86' lang='lat' dir='ltr'>usus</span> <span class='ocrx_word' id='word_1_310' title='bbox 793 3542 870 3578; x_wconf 86' lang='lat' dir='ltr'>est.</span> <span class='ocrx_word' id='word_1_311' title='bbox 925 3534 982 3578; x_wconf 85' lang='lat' dir='ltr'>cf.</span> <span class='ocrx_word' id='word_1_312' title='bbox 1006 3533 1117 3577; x_wconf 86' lang='lat' dir='ltr'>insr.</span> 
     </span>
    </p>
   </div>
   <div class='ocr_carea' id='block_1_10' title="bbox 1172 1112 2106 3591">
    <p class='ocr_par' dir='ltr' id='par_1_12' title="bbox 1188 1112 2087 1222">
     <span class='ocr_line' id='line_1_56' title="bbox 1188 1112 2087 1216; baseline 0.004 -58"><span class='ocrx_word' id='word_1_313' title='bbox 1188 1113 1342 1216; x_wconf 54' lang='lat' dir='ltr'>8215}ss</span> <span class='ocrx_word' id='word_1_314' title='bbox 1356 1113 1401 1164; x_wconf 87' lang='grc'>4,</span> <span class='ocrx_word' id='word_1_315' title='bbox 1421 1112 1493 1158; x_wconf 79' lang='grc'>35.</span> <span class='ocrx_word' id='word_1_316' title='bbox 1517 1113 1589 1159; x_wconf 88' lang='grc'>54.</span> <span class='ocrx_word' id='word_1_317' title='bbox 1623 1114 1665 1165; x_wconf 85' lang='grc'>5,</span> <span class='ocrx_word' id='word_1_318' title='bbox 1688 1113 1734 1159; x_wconf 89' lang='grc'>9.</span> <span class='ocrx_word' id='word_1_319' title='bbox 1765 1115 1807 1169; x_wconf 85' lang='grc'>6,</span> <span class='ocrx_word' id='word_1_320' title='bbox 1826 1114 1897 1160; x_wconf 88' lang='grc'>40.</span> <span class='ocrx_word' id='word_1_321' title='bbox 1929 1117 1997 1170; x_wconf 81' lang='grc'><strong>12,</strong></span> <span class='ocrx_word' id='word_1_322' title='bbox 2017 1117 2087 1163; x_wconf 86' lang='grc'>51.</span> 
     </span>
     <span class='ocr_line' id='line_1_57' title="bbox 1191 1177 1966 1222; baseline 0.001 -5"><span class='ocrx_word' id='word_1_323' title='bbox 1191 1177 1215 1217; x_wconf 91' lang='grc'><strong>1</strong></span> <span class='ocrx_word' id='word_1_324' title='bbox 1248 1205 1260 1222; x_wconf 90' lang='grc'><em>,</em></span> <span class='ocrx_word' id='word_1_325' title='bbox 1346 1205 1356 1216; x_wconf 95' lang='grc'>.</span> <span class='ocrx_word' id='word_1_326' title='bbox 1963 1208 1966 1213; x_wconf 85' lang='grc'><strong>.</strong></span> 
     </span>
    </p>

    <p class='ocr_par' dir='ltr' id='par_1_13' title="bbox 1187 1228 2088 1520">
     <span class='ocr_line' id='line_1_58' title="bbox 1249 1228 2088 1287; baseline 0.004 -13"><span class='ocrx_word' id='word_1_327' title='bbox 1249 1229 1362 1274; x_wconf 55' lang='lat' dir='ltr'>Car.</span> <span class='ocrx_word' id='word_1_328' title='bbox 1379 1228 1450 1274; x_wconf 79' lang='lat'><strong>33.</strong></span> <span class='ocrx_word' id='word_1_329' title='bbox 1478 1236 1711 1285; x_wconf 78' lang='lat' dir='ltr'>praetura</span> <span class='ocrx_word' id='word_1_330' title='bbox 1717 1230 1901 1287; x_wconf 82' lang='lat' dir='ltr'>functo.</span> <span class='ocrx_word' id='word_1_331' title='bbox 1941 1232 2088 1276; x_wconf 86' lang='lat' dir='ltr'>Prae·</span> 
     </span>
     <span class='ocr_line' id='line_1_59' title="bbox 1190 1287 2088 1348; baseline 0.001 -16"><span class='ocrx_word' id='word_1_332' title='bbox 1190 1297 1300 1332; x_wconf 83' lang='lat' dir='ltr'>tura</span> <span class='ocrx_word' id='word_1_333' title='bbox 1318 1288 1517 1344; x_wconf 83' lang='lat' dir='ltr'>functus</span> <span class='ocrx_word' id='word_1_334' title='bbox 1549 1287 1595 1332; x_wconf 89' lang='lat' dir='ltr'><strong>h.</strong></span> <span class='ocrx_word' id='word_1_335' title='bbox 1623 1304 1661 1331; x_wconf 89' lang='lat' dir='ltr'>e.</span> <span class='ocrx_word' id='word_1_336' title='bbox 1697 1289 1773 1346; x_wconf 88' lang='lat' dir='ltr'>qui</span> <span class='ocrx_word' id='word_1_337' title='bbox 1806 1289 1951 1348; x_wconf 78' lang='lat' dir='ltr'>ipsum</span> <span class='ocrx_word' id='word_1_338' title='bbox 1985 1307 2088 1333; x_wconf 88' lang='lat' dir='ltr'>ma-</span> 
     </span>
     <span class='ocr_line' id='line_1_60' title="bbox 1187 1346 2085 1405; baseline 0.003 -16"><span class='ocrx_word' id='word_1_339' title='bbox 1187 1348 1422 1405; x_wconf 81' lang='lat' dir='ltr'>gistratum</span> <span class='ocrx_word' id='word_1_340' title='bbox 1468 1347 1626 1404; x_wconf 85' lang='lat' dir='ltr'>gessit,</span> <span class='ocrx_word' id='word_1_341' title='bbox 1685 1346 1887 1391; x_wconf 82' lang='lat' dir='ltr'>diversus</span> <span class='ocrx_word' id='word_1_342' title='bbox 1931 1349 1986 1391; x_wconf 91' lang='lat' dir='ltr'>ab</span> <span class='ocrx_word' id='word_1_343' title='bbox 2031 1365 2085 1392; x_wconf 90' lang='lat' dir='ltr'>eo</span> 
     </span>
     <span class='ocr_line' id='line_1_61' title="bbox 1187 1403 2087 1464; baseline 0.003 -18"><span class='ocrx_word' id='word_1_344' title='bbox 1187 1405 1441 1463; x_wconf 88' lang='lat' dir='ltr'>praetorio,</span> <span class='ocrx_word' id='word_1_345' title='bbox 1504 1403 1580 1462; x_wconf 88' lang='lat' dir='ltr'>qui</span> <span class='ocrx_word' id='word_1_346' title='bbox 1626 1405 1851 1463; x_wconf 85' lang='lat' dir='ltr'>praetoria</span> <span class='ocrx_word' id='word_1_347' title='bbox 1895 1405 2087 1464; x_wconf 84' lang='lat' dir='ltr'>insignia</span> 
     </span>
     <span class='ocr_line' id='line_1_62' title="bbox 1189 1461 1479 1520; baseline 0 -15"><span class='ocrx_word' id='word_1_348' title='bbox 1189 1470 1253 1505; x_wconf 86' lang='lat' dir='ltr'>est</span> <span class='ocrx_word' id='word_1_349' title='bbox 1278 1461 1479 1520; x_wconf 86' lang='lat' dir='ltr'>adeptus.</span> 
     </span>
    </p>

    <p class='ocr_par' dir='ltr' id='par_1_14' title="bbox 1172 1519 2106 3591">
     <span class='ocr_line' id='line_1_63' title="bbox 1246 1519 2087 1578; baseline 0.004 -17"><span class='ocrx_word' id='word_1_350' title='bbox 1246 1523 1387 1562; x_wconf 79' lang='lat' dir='ltr'>vestis</span> <span class='ocrx_word' id='word_1_351' title='bbox 1407 1519 1574 1566; x_wconf 82' lang='lat' dir='ltr'>serica.</span> <span class='ocrx_word' id='word_1_352' title='bbox 1635 1519 1904 1578; x_wconf 84' lang='lat' dir='ltr'>Interpretes</span> <span class='ocrx_word' id='word_1_353' title='bbox 1935 1521 2087 1564; x_wconf 89' lang='lat' dir='ltr'>ambi-</span> 
     </span>
     <span class='ocr_line' id='line_1_64' title="bbox 1189 1577 2087 1636; baseline 0.006 -18"><span class='ocrx_word' id='word_1_354' title='bbox 1189 1585 1322 1634; x_wconf 75' lang='lat' dir='ltr'>gunt,</span> <span class='ocrx_word' id='word_1_355' title='bbox 1364 1577 1551 1619; x_wconf 84' lang='lat' dir='ltr'>sericam</span> <span class='ocrx_word' id='word_1_356' title='bbox 1586 1585 1758 1621; x_wconf 81' lang='lat' dir='ltr'>vestem</span> <span class='ocrx_word' id='word_1_357' title='bbox 1785 1577 2007 1636; x_wconf 78' lang='lat' dir='ltr'>accipiant</span> <span class='ocrx_word' id='word_1_358' title='bbox 2036 1597 2087 1623; x_wconf 88' lang='lat' dir='ltr'>ex</span> 
     </span>
     <span class='ocr_line' id='line_1_65' title="bbox 1188 1633 2087 1679; baseline 0.002 -2"><span class='ocrx_word' id='word_1_359' title='bbox 1188 1635 1401 1678; x_wconf 86' lang='lat' dir='ltr'>arborum</span> <span class='ocrx_word' id='word_1_360' title='bbox 1426 1634 1526 1677; x_wconf 85' lang='lat' dir='ltr'>lana</span> <span class='ocrx_word' id='word_1_361' title='bbox 1547 1633 1713 1677; x_wconf 84' lang='lat' dir='ltr'>factam</span> <span class='ocrx_word' id='word_1_362' title='bbox 1731 1650 1787 1677; x_wconf 83' lang='lat' dir='ltr'>an</span> <span class='ocrx_word' id='word_1_363' title='bbox 1810 1651 1834 1678; x_wconf 89' lang='lat' dir='ltr'>e</span> <span class='ocrx_word' id='word_1_364' title='bbox 1857 1635 1932 1678; x_wconf 80' lang='lat' dir='ltr'>filo</span> <span class='ocrx_word' id='word_1_365' title='bbox 1956 1637 2087 1679; x_wconf 89' lang='lat' dir='ltr'>bom-</span> 
     </span>
     <span class='ocr_line' id='line_1_66' title="bbox 1189 1690 2106 1751; baseline 0.004 -16"><span class='ocrx_word' id='word_1_366' title='bbox 1189 1691 1333 1750; x_wconf 76' lang='lat' dir='ltr'>bycis.</span> <span class='ocrx_word' id='word_1_367' title='bbox 1379 1690 1679 1748; x_wconf 84' lang='lat' dir='ltr'>Disputarunt</span> <span class='ocrx_word' id='word_1_368' title='bbox 1703 1691 1757 1734; x_wconf 90' lang='lat' dir='ltr'>de</span> <span class='ocrx_word' id='word_1_369' title='bbox 1779 1707 1828 1735; x_wconf 80' lang='lat' dir='ltr'>ea</span> <span class='ocrx_word' id='word_1_370' title='bbox 1852 1709 1900 1736; x_wconf 89' lang='lat' dir='ltr'>re</span> <span class='ocrx_word' id='word_1_371' title='bbox 1913 1693 2106 1751; x_wconf 68' lang='lat' dir='ltr'>Lipsius⁴</span> 
     </span>
     <span class='ocr_line' id='line_1_67' title="bbox 1188 1747 2089 1806; baseline 0.003 -14"><span class='ocrx_word' id='word_1_372' title='bbox 1188 1750 1234 1792; x_wconf 90' lang='lat' dir='ltr'>iu</span> <span class='ocrx_word' id='word_1_373' title='bbox 1258 1765 1349 1792; x_wconf 83' lang='lat' dir='ltr'>exc.</span> <span class='ocrx_word' id='word_1_374' title='bbox 1367 1750 1432 1799; x_wconf 83' lang='lat' dir='ltr'>L,</span> <span class='ocrx_word' id='word_1_375' title='bbox 1463 1747 1649 1791; x_wconf 86' lang='lat' dir='ltr'>Vossius</span> <span class='ocrx_word' id='word_1_376' title='bbox 1671 1749 1725 1793; x_wconf 86' lang='lat' dir='ltr'>ad</span> <span class='ocrx_word' id='word_1_377' title='bbox 1745 1749 1901 1806; x_wconf 84' lang='lat' dir='ltr'>virgil.</span> <span class='ocrx_word' id='word_1_378' title='bbox 1920 1749 2043 1794; x_wconf 90' lang='lat' dir='ltr'>Geor</span> <span class='ocrx_word' id='word_1_379' title='bbox 2074 1782 2089 1796; x_wconf 88' lang='lat'><strong>.</strong></span> 
     </span>
     <span class='ocr_line' id='line_1_68' title="bbox 1188 1805 2086 1863; baseline 0.004 -14"><span class='ocrx_word' id='word_1_380' title='bbox 1188 1808 1230 1858; x_wconf 88' lang='lat'>2,</span> <span class='ocrx_word' id='word_1_381' title='bbox 1258 1807 1351 1850; x_wconf 85' lang='lat'><strong>121.</strong></span> <span class='ocrx_word' id='word_1_382' title='bbox 1413 1805 1630 1850; x_wconf 86' lang='lat' dir='ltr'>Mannert</span> <span class='ocrx_word' id='word_1_383' title='bbox 1651 1807 1699 1850; x_wconf 86' lang='lat' dir='ltr'>in</span> <span class='ocrx_word' id='word_1_384' title='bbox 1716 1806 1859 1863; x_wconf 82' lang='lat' dir='ltr'>Geog.</span> <span class='ocrx_word' id='word_1_385' title='bbox 1885 1816 1978 1851; x_wconf 86' lang='lat' dir='ltr'>ant.</span> <span class='ocrx_word' id='word_1_386' title='bbox 2003 1809 2023 1852; x_wconf 87' lang='lat'>1</span> <span class='ocrx_word' id='word_1_387' title='bbox 2071 1839 2086 1853; x_wconf 87' lang='lat'><strong>.</strong></span> 
     </span>
     <span class='ocr_line' id='line_1_69' title="bbox 1189 1864 2084 1910; baseline 0.002 -2"><span class='ocrx_word' id='word_1_388' title='bbox 1189 1873 1298 1908; x_wconf 85' lang='lat' dir='ltr'>extr.</span> <span class='ocrx_word' id='word_1_389' title='bbox 1349 1864 1583 1908; x_wconf 83' lang='lat' dir='ltr'>Broterius</span> <span class='ocrx_word' id='word_1_390' title='bbox 1636 1864 1698 1907; x_wconf 61' lang='lat' dir='ltr'>in&gt;</span> <span class='ocrx_word' id='word_1_391' title='bbox 1728 1865 1973 1908; x_wconf 85' lang='lat' dir='ltr'>Memoires</span> <span class='ocrx_word' id='word_1_392' title='bbox 2028 1866 2084 1910; x_wconf 90' lang='lat' dir='ltr'>de</span> 
     </span>
     <span class='ocr_line' id='line_1_70' title="bbox 1189 1921 2085 1981; baseline 0.002 -15"><span class='ocrx_word' id='word_1_393' title='bbox 1189 1922 1383 1966; x_wconf 86' lang='lat' dir='ltr'>l’Acad.</span> <span class='ocrx_word' id='word_1_394' title='bbox 1409 1922 1452 1965; x_wconf 88' lang='lat' dir='ltr'>d.</span> <span class='ocrx_word' id='word_1_395' title='bbox 1483 1923 1619 1965; x_wconf 86' lang='lat' dir='ltr'>luscr.</span> <span class='ocrx_word' id='word_1_396' title='bbox 1642 1921 1780 1964; x_wconf 90' lang='lat' dir='ltr'>Tom.</span> <span class='ocrx_word' id='word_1_397' title='bbox 1805 1921 1878 1967; x_wconf 89' lang='grc'>46.</span> <span class='ocrx_word' id='word_1_398' title='bbox 1904 1922 2085 1981; x_wconf 87' lang='lat' dir='ltr'>aliique.</span> 
     </span>
     <span class='ocr_line' id='line_1_71' title="bbox 1188 1981 2087 2038; baseline 0.004 -16"><span class='ocrx_word' id='word_1_399' title='bbox 1188 1981 1519 2038; x_wconf 84' lang='lat' dir='ltr'>Bombycinam</span> <span class='ocrx_word' id='word_1_400' title='bbox 1556 1996 1650 2023; x_wconf 90' lang='lat' dir='ltr'>esse</span> <span class='ocrx_word' id='word_1_401' title='bbox 1685 1988 1854 2024; x_wconf 85' lang='lat' dir='ltr'>vestem</span> <span class='ocrx_word' id='word_1_402' title='bbox 1897 1981 2087 2026; x_wconf 81' lang='lat' dir='ltr'>sericam</span> 
     </span>
     <span class='ocr_line' id='line_1_72' title="bbox 1188 2036 2084 2083; baseline 0.003 -3"><span class='ocrx_word' id='word_1_403' title='bbox 1188 2039 1255 2080; x_wconf 76' lang='lat' dir='ltr'>vix</span> <span class='ocrx_word' id='word_1_404' title='bbox 1279 2037 1470 2080; x_wconf 85' lang='lat' dir='ltr'>dubitari</span> <span class='ocrx_word' id='word_1_405' title='bbox 1493 2036 1610 2080; x_wconf 88' lang='lat' dir='ltr'>licet.</span> <span class='ocrx_word' id='word_1_406' title='bbox 1672 2037 1786 2080; x_wconf 84' lang='lat' dir='ltr'>Nam</span> <span class='ocrx_word' id='word_1_407' title='bbox 1806 2039 2010 2082; x_wconf 85' lang='lat' dir='ltr'>Zonaras</span> <span class='ocrx_word' id='word_1_408' title='bbox 2034 2040 2084 2083; x_wconf 87' lang='lat' dir='ltr'>in</span> 
     </span>
     <span class='ocr_line' id='line_1_73' title="bbox 1190 2094 2086 2154; baseline 0.001 -15"><span class='ocrx_word' id='word_1_409' title='bbox 1190 2095 1425 2139; x_wconf 85' lang='lat' dir='ltr'>Iustiniani</span> <span class='ocrx_word' id='word_1_410' title='bbox 1441 2094 1532 2138; x_wconf 89' lang='lat' dir='ltr'>vita</span> <span class='ocrx_word' id='word_1_411' title='bbox 1556 2094 1725 2146; x_wconf 83' lang='lat' dir='ltr'>scribit,</span> <span class='ocrx_word' id='word_1_412' title='bbox 1755 2095 1848 2138; x_wconf 90' lang='lat' dir='ltr'>eius</span> <span class='ocrx_word' id='word_1_413' title='bbox 1871 2097 2086 2154; x_wconf 86' lang='lat' dir='ltr'>tempori-</span> 
     </span>
     <span class='ocr_line' id='line_1_74' title="bbox 1187 2151 2088 2199; baseline 0.003 -4"><span class='ocrx_word' id='word_1_414' title='bbox 1187 2154 1271 2196; x_wconf 87' lang='lat' dir='ltr'>bus</span> <span class='ocrx_word' id='word_1_415' title='bbox 1306 2153 1438 2195; x_wconf 83' lang='lat' dir='ltr'>telam</span> <span class='ocrx_word' id='word_1_416' title='bbox 1462 2151 1660 2194; x_wconf 63' lang='lat' dir='ltr'>«sericam</span> <span class='ocrx_word' id='word_1_417' title='bbox 1697 2169 1721 2195; x_wconf 89' lang='lat' dir='ltr'>a</span> <span class='ocrx_word' id='word_1_418' title='bbox 1754 2152 1971 2196; x_wconf 90' lang='lat' dir='ltr'>Romanis</span> <span class='ocrx_word' id='word_1_419' title='bbox 2003 2156 2088 2199; x_wconf 82' lang='lat' dir='ltr'>texi</span> 
     </span>
     <span class='ocr_line' id='line_1_75' title="bbox 1188 2210 2089 2267; baseline 0.004 -15"><span class='ocrx_word' id='word_1_420' title='bbox 1188 2218 1421 2267; x_wconf 88' lang='lat' dir='ltr'>coeptam,</span> <span class='ocrx_word' id='word_1_421' title='bbox 1475 2225 1617 2265; x_wconf 87' lang='lat' dir='ltr'>quum</span> <span class='ocrx_word' id='word_1_422' title='bbox 1661 2219 1787 2253; x_wconf 83' lang='lat' dir='ltr'>antea</span> <span class='ocrx_word' id='word_1_423' title='bbox 1831 2227 1856 2254; x_wconf 91' lang='lat' dir='ltr'>a</span> <span class='ocrx_word' id='word_1_424' title='bbox 1897 2210 2089 2256; x_wconf 87' lang='lat' dir='ltr'>Persicis</span> 
     </span>
     <span class='ocr_line' id='line_1_76' title="bbox 1187 2266 2089 2325; baseline 0.002 -15"><span class='ocrx_word' id='word_1_425' title='bbox 1187 2266 1513 2310; x_wconf 87' lang='lat' dir='ltr'>mercatoribus</span> <span class='ocrx_word' id='word_1_426' title='bbox 1561 2276 1736 2310; x_wconf 90' lang='lat' dir='ltr'>tantum</span> <span class='ocrx_word' id='word_1_427' title='bbox 1785 2267 2089 2325; x_wconf 87' lang='lat' dir='ltr'>importaren-</span> 
     </span>
     <span class='ocr_line' id='line_1_77' title="bbox 1186 2323 2087 2374; baseline 0.004 -7"><span class='ocrx_word' id='word_1_428' title='bbox 1186 2334 1285 2374; x_wconf 83' lang='lat' dir='ltr'>tur,</span> <span class='ocrx_word' id='word_1_429' title='bbox 1330 2341 1415 2367; x_wconf 88' lang='lat' dir='ltr'>nec</span> <span class='ocrx_word' id='word_1_430' title='bbox 1451 2323 1648 2367; x_wconf 82' lang='lat' dir='ltr'>Romani</span> <span class='ocrx_word' id='word_1_431' title='bbox 1688 2325 1854 2369; x_wconf 86' lang='lat' dir='ltr'>scirent</span> <span class='ocrx_word' id='word_1_432' title='bbox 1898 2326 1968 2370; x_wconf 87' lang='lat' dir='ltr'>fila</span> <span class='ocrx_word' id='word_1_433' title='bbox 2011 2328 2087 2372; x_wconf 88' lang='lat' dir='ltr'>illa</span> 
     </span>
     <span class='ocr_line' id='line_1_78' title="bbox 1188 2382 2087 2440; baseline 0.002 -15"><span class='ocrx_word' id='word_1_434' title='bbox 1188 2399 1282 2426; x_wconf 87' lang='lat' dir='ltr'>esse</span> <span class='ocrx_word' id='word_1_435' title='bbox 1315 2382 1566 2434; x_wconf 88' lang='lat' dir='ltr'>vermium,</span> <span class='ocrx_word' id='word_1_436' title='bbox 1609 2382 1820 2440; x_wconf 82' lang='lat' dir='ltr'>additque</span> <span class='ocrx_word' id='word_1_437' title='bbox 1843 2383 1955 2426; x_wconf 88' lang='lat' dir='ltr'>duos</span> <span class='ocrx_word' id='word_1_438' title='bbox 1979 2401 2087 2427; x_wconf 88' lang='lat' dir='ltr'>mo-</span> 
     </span>
     <span class='ocr_line' id='line_1_79' title="bbox 1186 2440 2086 2486; baseline 0.003 -3"><span class='ocrx_word' id='word_1_439' title='bbox 1186 2440 1354 2483; x_wconf 85' lang='lat' dir='ltr'>nachos</span> <span class='ocrx_word' id='word_1_440' title='bbox 1390 2455 1476 2484; x_wconf 90' lang='lat' dir='ltr'>ova</span> <span class='ocrx_word' id='word_1_441' title='bbox 1512 2440 1586 2483; x_wconf 85' lang='lat' dir='ltr'>illa</span> <span class='ocrx_word' id='word_1_442' title='bbox 1624 2441 1848 2484; x_wconf 88' lang='lat' dir='ltr'>vermium</span> <span class='ocrx_word' id='word_1_443' title='bbox 1887 2457 1935 2482; x_wconf 88' lang='lat' dir='ltr'>ex</span> <span class='ocrx_word' id='word_1_444' title='bbox 1959 2441 2086 2486; x_wconf 89' lang='lat' dir='ltr'>India</span> 
     </span>
     <span class='ocr_line' id='line_1_80' title="bbox 1187 2496 2086 2550; baseline 0.004 -10"><span class='ocrx_word' id='word_1_445' title='bbox 1187 2498 1384 2540; x_wconf 85' lang='lat' dir='ltr'>attulisse</span> <span class='ocrx_word' id='word_1_446' title='bbox 1423 2506 1466 2540; x_wconf 89' lang='lat' dir='ltr'>et</span> <span class='ocrx_word' id='word_1_447' title='bbox 1502 2496 1620 2540; x_wconf 85' lang='lat' dir='ltr'>mori</span> <span class='ocrx_word' id='word_1_448' title='bbox 1655 2497 1773 2540; x_wconf 81' lang='lat' dir='ltr'>foliis</span> <span class='ocrx_word' id='word_1_449' title='bbox 1806 2498 1994 2550; x_wconf 89' lang='lat' dir='ltr'>aluisse,</span> <span class='ocrx_word' id='word_1_450' title='bbox 2042 2509 2086 2544; x_wconf 85' lang='lat' dir='ltr'>et</span> 
     </span>
     <span class='ocr_line' id='line_1_81' title="bbox 1187 2554 2085 2600; baseline 0.003 -3"><span class='ocrx_word' id='word_1_451' title='bbox 1187 2555 1292 2597; x_wconf 90' lang='lat' dir='ltr'>inde</span> <span class='ocrx_word' id='word_1_452' title='bbox 1330 2555 1526 2598; x_wconf 88' lang='lat' dir='ltr'>sericum</span> <span class='ocrx_word' id='word_1_453' title='bbox 1561 2554 1826 2598; x_wconf 84' lang='lat' dir='ltr'>confecisse.</span> <span class='ocrx_word' id='word_1_454' title='bbox 1895 2555 1954 2599; x_wconf 87' lang='lat' dir='ltr'>Et</span> <span class='ocrx_word' id='word_1_455' title='bbox 1989 2557 2085 2600; x_wconf 89' lang='lat' dir='ltr'>He-</span> 
     </span>
     <span class='ocr_line' id='line_1_82' title="bbox 1185 2612 2085 2672; baseline 0.004 -17"><span class='ocrx_word' id='word_1_456' title='bbox 1185 2613 1414 2661; x_wconf 81' lang='lat' dir='ltr'>liodorus,</span> <span class='ocrx_word' id='word_1_457' title='bbox 1456 2612 1546 2655; x_wconf 88' lang='lat' dir='ltr'>lib.</span> <span class='ocrx_word' id='word_1_458' title='bbox 1601 2615 1668 2654; x_wconf 91' lang='grc'>10.</span> <span class='ocrx_word' id='word_1_459' title='bbox 1712 2612 1922 2669; x_wconf 78' lang='lat' dir='ltr'>Aethiop.</span> <span class='ocrx_word' id='word_1_460' title='bbox 1966 2614 2085 2672; x_wconf 78' lang='grc' dir='ltr'><em>μετὰ</em></span> 
     </span>
     <span class='ocr_line' id='line_1_83' title="bbox 1186 2668 2085 2728; baseline 0.006 -17"><span class='ocrx_word' id='word_1_461' title='bbox 1186 2671 1354 2712; x_wconf 83' lang='grc' dir='ltr'><em>τοῦτον</em></span> <span class='ocrx_word' id='word_1_462' title='bbox 1389 2670 1467 2712; x_wconf 86' lang='grc' dir='ltr'>καὶ</span> <span class='ocrx_word' id='word_1_463' title='bbox 1505 2671 1551 2713; x_wconf 84' lang='grc' dir='ltr'>οἱ</span> <span class='ocrx_word' id='word_1_464' title='bbox 1585 2673 1753 2728; x_wconf 81' lang='grc' dir='ltr'><em>Σηρῶν</em></span> <span class='ocrx_word' id='word_1_465' title='bbox 1794 2668 2085 2728; x_wconf 79' lang='grc' dir='ltr'><em>προςήγοντο</em></span> 
     </span>
     <span class='ocr_line' id='line_1_84' title="bbox 1187 2723 2084 2788; baseline 0.004 -18"><span class='ocrx_word' id='word_1_466' title='bbox 1187 2729 1487 2786; x_wconf 79' lang='grc' dir='ltr'><em>πρεσβευταὶ,</em></span> <span class='ocrx_word' id='word_1_467' title='bbox 1521 2729 1617 2771; x_wconf 82' lang='grc' dir='ltr'>τῶν</span> <span class='ocrx_word' id='word_1_468' title='bbox 1641 2726 1756 2787; x_wconf 66' lang='grc' dir='ltr'>παρ’</span> <span class='ocrx_word' id='word_1_469' title='bbox 1785 2723 1943 2778; x_wconf 75' lang='grc' dir='ltr'><em>αῧτοῖς</em></span> <span class='ocrx_word' id='word_1_470' title='bbox 1967 2729 2084 2788; x_wconf 80' lang='grc' dir='ltr'><em>ἄρα·</em></span> 
     </span>
     <span class='ocr_line' id='line_1_85' title="bbox 1178 2782 2086 2844; baseline 0.004 -16"><span class='ocrx_word' id='word_1_471' title='bbox 1178 2790 1331 2844; x_wconf 82' lang='grc' dir='ltr'><em>χνίων</em></span> <span class='ocrx_word' id='word_1_472' title='bbox 1353 2785 1538 2844; x_wconf 82' lang='grc' dir='ltr'><em>νήματα</em></span> <span class='ocrx_word' id='word_1_473' title='bbox 1571 2787 1650 2829; x_wconf 85' lang='grc' dir='ltr'>καὶ</span> <span class='ocrx_word' id='word_1_474' title='bbox 1681 2782 1964 2844; x_wconf 80' lang='grc' dir='ltr'><em>ὑφάσματα,</em></span> <span class='ocrx_word' id='word_1_475' title='bbox 2002 2789 2086 2843; x_wconf 82' lang='grc' dir='ltr'>τὴν</span> 
     </span>
     <span class='ocr_line' id='line_1_86' title="bbox 1184 2843 2083 2902; baseline 0.006 -16"><span class='ocrx_word' id='word_1_476' title='bbox 1184 2845 1274 2902; x_wconf 82' lang='grc' dir='ltr'>μὲν</span> <span class='ocrx_word' id='word_1_477' title='bbox 1299 2847 1646 2902; x_wconf 81' lang='grc' dir='ltr'><em>φοινικοβαφῆ,</em></span> <span class='ocrx_word' id='word_1_478' title='bbox 1680 2843 1763 2898; x_wconf 77' lang='grc' dir='ltr'>τὴν</span> <span class='ocrx_word' id='word_1_479' title='bbox 1783 2845 1836 2889; x_wconf 76' lang='grc' dir='ltr'>δὲ</span> <span class='ocrx_word' id='word_1_480' title='bbox 1858 2846 2083 2891; x_wconf 76' lang='grc' dir='ltr'><em>λευκοτά-</em></span> 
     </span>
     <span class='ocr_line' id='line_1_87' title="bbox 1186 2903 2087 2961; baseline 0.002 -16"><span class='ocrx_word' id='word_1_481' title='bbox 1186 2917 1270 2956; x_wconf 85' lang='grc' dir='ltr'>την</span> <span class='ocrx_word' id='word_1_482' title='bbox 1314 2903 1489 2955; x_wconf 72' lang='grc' dir='ltr'><em>ἐσθῆτα</em></span> <span class='ocrx_word' id='word_1_483' title='bbox 1532 2905 1925 2961; x_wconf 80' lang='grc' dir='ltr'><strong>προςκομίζοντες.</strong></span> <span class='ocrx_word' id='word_1_484' title='bbox 1995 2906 2087 2949; x_wconf 87' lang='lat' dir='ltr'>Pli-</span> 
     </span>
     <span class='ocr_line' id='line_1_88' title="bbox 1186 2959 2086 3018; baseline 0.002 -15"><span class='ocrx_word' id='word_1_485' title='bbox 1186 2961 1287 3004; x_wconf 89' lang='lat' dir='ltr'>nius</span> <span class='ocrx_word' id='word_1_486' title='bbox 1322 2959 1506 3018; x_wconf 87' lang='lat' dir='ltr'>quidem</span> <span class='ocrx_word' id='word_1_487' title='bbox 1536 2960 1578 3011; x_wconf 88' lang='lat'>6,</span> <span class='ocrx_word' id='word_1_488' title='bbox 1607 2961 1659 3003; x_wconf 92' lang='grc'>17</span> <span class='ocrx_word' id='word_1_489' title='bbox 1688 2962 1806 3018; x_wconf 88' lang='grc'><strong>(20).</strong></span> <span class='ocrx_word' id='word_1_490' title='bbox 1843 2961 1988 3004; x_wconf 85' lang='lat' dir='ltr'>Seres</span> <span class='ocrx_word' id='word_1_491' title='bbox 2017 2966 2086 3005; x_wconf 88' lang='lat' dir='ltr'>la-</span> 
     </span>
     <span class='ocr_line' id='line_1_89' title="bbox 1186 3019 2084 3075; baseline 0.004 -16"><span class='ocrx_word' id='word_1_492' title='bbox 1186 3020 1301 3060; x_wconf 78' lang='lat' dir='ltr'>nicio</span> <span class='ocrx_word' id='word_1_493' title='bbox 1335 3020 1563 3061; x_wconf 79' lang='lat' dir='ltr'>silvarum</span> <span class='ocrx_word' id='word_1_494' title='bbox 1597 3019 1802 3067; x_wconf 80' lang='lat' dir='ltr'>nobiles,</span> <span class='ocrx_word' id='word_1_495' title='bbox 1837 3019 2084 3075; x_wconf 83' lang='lat' dir='ltr'>perfusam</span> 
     </span>
     <span class='ocr_line' id='line_1_90' title="bbox 1187 3075 2084 3131; baseline 0.004 -15"><span class='ocrx_word' id='word_1_496' title='bbox 1187 3091 1315 3131; x_wconf 78' lang='lat' dir='ltr'>aqua</span> <span class='ocrx_word' id='word_1_497' title='bbox 1350 3079 1640 3127; x_wconf 80' lang='lat' dir='ltr'>depectentes</span> <span class='ocrx_word' id='word_1_498' title='bbox 1663 3075 1914 3131; x_wconf 79' lang='lat' dir='ltr'>frondium</span> <span class='ocrx_word' id='word_1_499' title='bbox 1953 3080 2084 3120; x_wconf 82' lang='lat' dir='ltr'>cani-</span> 
     </span>
     <span class='ocr_line' id='line_1_91' title="bbox 1185 3133 2086 3192; baseline 0.004 -18"><span class='ocrx_word' id='word_1_500' title='bbox 1185 3134 1315 3176; x_wconf 79' lang='lat' dir='ltr'>tiem.</span> <span class='ocrx_word' id='word_1_501' title='bbox 1380 3133 1549 3176; x_wconf 84' lang='lat' dir='ltr'>Seneca</span> <span class='ocrx_word' id='word_1_502' title='bbox 1565 3133 1741 3190; x_wconf 83' lang='lat' dir='ltr'>Hippoi.</span> <span class='ocrx_word' id='word_1_503' title='bbox 1760 3150 1805 3177; x_wconf 91' lang='lat' dir='ltr'>v.</span> <span class='ocrx_word' id='word_1_504' title='bbox 1821 3133 1920 3177; x_wconf 82' lang='lat'><strong>389.</strong></span> <span class='ocrx_word' id='word_1_505' title='bbox 1953 3135 2086 3192; x_wconf 82' lang='lat' dir='ltr'>Quae</span> 
     </span>
     <span class='ocr_line' id='line_1_92' title="bbox 1172 3191 2082 3248; baseline 0.007 -18"><span class='ocrx_word' id='word_1_506' title='bbox 1172 3191 1268 3247; x_wconf 85' lang='lat' dir='ltr'>fila</span> <span class='ocrx_word' id='word_1_507' title='bbox 1319 3193 1470 3231; x_wconf 79' lang='lat' dir='ltr'>ramis·</span> <span class='ocrx_word' id='word_1_508' title='bbox 1524 3192 1681 3232; x_wconf 68' lang='lat' dir='ltr'>ultimi</span> <span class='ocrx_word' id='word_1_509' title='bbox 1720 3191 1859 3234; x_wconf 80' lang='lat' dir='ltr'>Seres</span> <span class='ocrx_word' id='word_1_510' title='bbox 1905 3194 2082 3248; x_wconf 81' lang='lat' dir='ltr'>legunt.</span> 
     </span>
     <span class='ocr_line' id='line_1_93' title="bbox 1190 3246 2080 3306; baseline 0.004 -17"><span class='ocrx_word' id='word_1_511' title='bbox 1190 3247 1346 3304; x_wconf 83' lang='lat' dir='ltr'>Virgil.</span> <span class='ocrx_word' id='word_1_512' title='bbox 1395 3246 1562 3305; x_wconf 83' lang='lat' dir='ltr'>Georg.</span> <span class='ocrx_word' id='word_1_513' title='bbox 1599 3249 1638 3298; x_wconf 88' lang='grc'>2,</span> <span class='ocrx_word' id='word_1_514' title='bbox 1675 3248 1768 3291; x_wconf 87' lang='grc'><strong>121.</strong></span> <span class='ocrx_word' id='word_1_515' title='bbox 1820 3248 1948 3306; x_wconf 77' lang='lat' dir='ltr'>Quid</span> <span class='ocrx_word' id='word_1_516' title='bbox 1994 3266 2080 3293; x_wconf 86' lang='lat' dir='ltr'>ne-</span> 
     </span>
     <span class='ocr_line' id='line_1_94' title="bbox 1187 3306 2085 3360; baseline 0.003 -14"><span class='ocrx_word' id='word_1_517' title='bbox 1187 3320 1330 3346; x_wconf 86' lang='lat' dir='ltr'>mora</span> <span class='ocrx_word' id='word_1_518' title='bbox 1362 3306 1645 3360; x_wconf 80' lang='lat' dir='ltr'>Aethiopum</span> <span class='ocrx_word' id='word_1_519' title='bbox 1690 3307 1826 3348; x_wconf 81' lang='lat' dir='ltr'>molli</span> <span class='ocrx_word' id='word_1_520' title='bbox 1865 3311 2085 3350; x_wconf 67' lang='lat' dir='ltr'>canentia</span> 
     </span>
     <span class='ocr_line' id='line_1_95' title="bbox 1188 3364 2082 3418; baseline 0.006 -15"><span class='ocrx_word' id='word_1_521' title='bbox 1188 3364 1345 3404; x_wconf 82' lang='lat' dir='ltr'>lana?</span> <span class='ocrx_word' id='word_1_522' title='bbox 1407 3364 1676 3417; x_wconf 79' lang='lat' dir='ltr'>velleraque</span> <span class='ocrx_word' id='word_1_523' title='bbox 1709 3371 1758 3406; x_wconf 84' lang='lat' dir='ltr'>ut</span> <span class='ocrx_word' id='word_1_524' title='bbox 1810 3365 1912 3408; x_wconf 70' lang='lat' dir='ltr'>olins</span> <span class='ocrx_word' id='word_1_525' title='bbox 1942 3370 2082 3418; x_wconf 64' lang='lat' dir='ltr'>depe⁴</span> 
     </span>
     <span class='ocr_line' id='line_1_96' title="bbox 1187 3363 2083 3480; baseline 0.006 -20"><span class='ocrx_word' id='word_1_526' title='bbox 1187 3426 1317 3461; x_wconf 82' lang='lat' dir='ltr'>etant</span> <span class='ocrx_word' id='word_1_527' title='bbox 1343 3421 1504 3462; x_wconf 84' lang='lat' dir='ltr'>tenuia</span> <span class='ocrx_word' id='word_1_528' title='bbox 1528 3423 1708 3466; x_wconf 80' lang='lat' dir='ltr'>Seres?</span> <span class='ocrx_word' id='word_1_529' title='bbox 1765 3363 1858 3476; x_wconf 53' lang='lat' dir='ltr'>gui</span> <span class='ocrx_word' id='word_1_530' title='bbox 1881 3423 2083 3480; x_wconf 87' lang='lat' dir='ltr'>Lipsium</span> 
     </span>
     <span class='ocr_line' id='line_1_97' title="bbox 1189 3476 2084 3535; baseline 0.004 -16"><span class='ocrx_word' id='word_1_531' title='bbox 1189 3476 1433 3535; x_wconf 79' lang='lat' dir='ltr'>decepere,</span> <span class='ocrx_word' id='word_1_532' title='bbox 1474 3486 1522 3520; x_wconf 83' lang='lat' dir='ltr'>ut</span> <span class='ocrx_word' id='word_1_533' title='bbox 1557 3479 1751 3522; x_wconf 88' lang='lat' dir='ltr'>sericum</span> <span class='ocrx_word' id='word_1_534' title='bbox 1786 3495 1835 3521; x_wconf 89' lang='lat' dir='ltr'>ex</span> <span class='ocrx_word' id='word_1_535' title='bbox 1871 3481 2084 3523; x_wconf 69' lang='lat' dir='ltr'>arborum</span> 
     </span>
     <span class='ocr_line' id='line_1_98' title="bbox 1190 3536 2083 3591; baseline 0.002 -12"><span class='ocrx_word' id='word_1_536' title='bbox 1190 3536 1290 3580; x_wconf 89' lang='lat' dir='ltr'>lana</span> <span class='ocrx_word' id='word_1_537' title='bbox 1322 3536 1658 3591; x_wconf 82' lang='lat' dir='ltr'>(Baumwolle)</span> <span class='ocrx_word' id='word_1_538' title='bbox 1692 3536 1863 3582; x_wconf 83' lang='lat' dir='ltr'>factum</span> <span class='ocrx_word' id='word_1_539' title='bbox 1901 3545 2083 3582; x_wconf 89' lang='lat' dir='ltr'>conten-</span> 
     </span>
    </p>
   </div>
  </div>
 </body>
</html>
