<?xml version="1.0" encoding="UTF-8"?>
<!DOCTYPE html PUBLIC "-//W3C//DTD XHTML 1.0 Transitional//EN"
    "http://www.w3.org/TR/xhtml1/DTD/xhtml1-transitional.dtd">
<html xmlns="http://www.w3.org/1999/xhtml" xml:lang="en" lang="en">
 <head>
  <title>
</title>
<meta http-equiv="Content-Type" content="text/html;charset=utf-8" />
  <meta name='ocr-system' content='tesseract 3.04.00' />
  <meta name='ocr-capabilities' content='ocr_page ocr_carea ocr_par ocr_line ocrx_word'/>
</head>
<body>
  <div class='ocr_page' id='page_1' title='image "./operarecensuitet01taciuoft_0171.png"; bbox 0 0 2222 4030; ppageno 0'>
   <div class='ocr_carea' id='block_1_1' title="bbox 190 292 416 336">
    <p class='ocr_par' dir='ltr' id='par_1_1' title="bbox 190 292 416 336">
     <span class='ocr_line' id='line_1_1' title="bbox 190 292 416 336; baseline -0.013 0"><span class='ocrx_word' id='word_1_1' title='bbox 190 292 416 336; x_wconf 50' lang='lat' dir='ltr'><strong>liv-&#39;70⁶-</strong></span> 
     </span>
    </p>
   </div>
   <div class='ocr_carea' id='block_1_2' title="bbox 108 290 1969 506">
    <p class='ocr_par' dir='ltr' id='par_1_2' title="bbox 108 290 1969 506">
     <span class='ocr_line' id='line_1_2' title="bbox 190 290 1964 381; baseline -0.005 -11"><span class='ocrx_word' id='word_1_2' title='bbox 190 340 313 381; x_wconf 39' lang='lat' dir='ltr'><strong>hc,</strong></span> <span class='ocrx_word' id='word_1_3' title='bbox 336 342 412 378; x_wconf 58' lang='grc' dir='ltr'><strong>ω,</strong></span> <span class='ocrx_word' id='word_1_4' title='bbox 658 292 847 363; x_wconf 68' lang='lat' dir='ltr'><strong>LIB.</strong></span> <span class='ocrx_word' id='word_1_5' title='bbox 869 290 949 361; x_wconf 80' lang='lat' dir='ltr'><strong>Il.</strong></span> <span class='ocrx_word' id='word_1_6' title='bbox 1033 293 1230 364; x_wconf 92' lang='lat' dir='ltr'><strong>CAP.</strong></span> <span class='ocrx_word' id='word_1_7' title='bbox 1261 300 1323 365; x_wconf 85' lang='lat'><strong>5.</strong></span> <span class='ocrx_word' id='word_1_8' title='bbox 1357 303 1417 365; x_wconf 82' lang='lat'><strong>6.</strong></span> <span class='ocrx_word' id='word_1_9' title='bbox 1844 292 1964 365; x_wconf 59' lang='lat'><strong>221</strong></span> 
     </span>
     <span class='ocr_line' id='line_1_3' title="bbox 108 423 1969 506; baseline -0.003 -11"><span class='ocrx_word' id='word_1_10' title='bbox 108 445 262 495; x_wconf 75' lang='lat' dir='ltr'><strong>sent:</strong></span> <span class='ocrx_word' id='word_1_11' title='bbox 304 431 508 492; x_wconf 84' lang='lat' dir='ltr'>Fundi</span> <span class='ocrx_word' id='word_1_12' title='bbox 535 427 868 490; x_wconf 77' lang='lat' dir='ltr'><strong>Germanos</strong></span> <span class='ocrx_word' id='word_1_13' title='bbox 893 427 1023 487; x_wconf 78' lang='lat' dir='ltr'><strong>acie</strong></span> <span class='ocrx_word' id='word_1_14' title='bbox 1057 438 1116 486; x_wconf 88' lang='lat' dir='ltr'><strong>et</strong></span> <span class='ocrx_word' id='word_1_15' title='bbox 1140 428 1314 487; x_wconf 80' lang='lat' dir='ltr'><strong>iustis</strong></span> <span class='ocrx_word' id='word_1_16' title='bbox 1340 429 1487 489; x_wconf 89' lang='lat' dir='ltr'><strong>locis</strong></span> <span class='ocrx_word' id='word_1_17' title='bbox 1502 425 1523 489; x_wconf 73' lang='grc' dir='ltr'><strong>ε’</strong></span> <span class='ocrx_word' id='word_1_18' title='bbox 1557 423 1755 491; x_wconf 68' lang='lat' dir='ltr'><strong>iuvari</strong></span> <span class='ocrx_word' id='word_1_19' title='bbox 1774 424 1969 506; x_wconf 83' lang='lat' dir='ltr'><strong>silvis,</strong></span> 
     </span>
    </p>
   </div>
   <div class='ocr_carea' id='block_1_3' title="bbox 0 514 1970 598">
    <p class='ocr_par' dir='ltr' id='par_1_3' title="bbox 0 514 1970 598">
     <span class='ocr_line' id='line_1_4' title="bbox 0 514 1970 598; baseline 0.001 -22"><span class='ocrx_word' id='word_1_20' title='bbox 0 554 16 562; x_wconf 93' lang='lat'><em>-</em></span> <span class='ocrx_word' id='word_1_21' title='bbox 105 520 455 598; x_wconf 87' lang='lat' dir='ltr'><strong>paludibus,</strong></span> <span class='ocrx_word' id='word_1_22' title='bbox 517 515 687 575; x_wconf 73' lang='lat' dir='ltr'><strong>brevi</strong></span> <span class='ocrx_word' id='word_1_23' title='bbox 730 526 947 573; x_wconf 78' lang='lat' dir='ltr'><strong>aestate</strong></span> <span class='ocrx_word' id='word_1_24' title='bbox 983 525 1051 572; x_wconf 74' lang='lat' dir='ltr'><strong>&#39;et</strong></span> <span class='ocrx_word' id='word_1_25' title='bbox 1093 523 1467 590; x_wconf 79' lang='lat' dir='ltr'><strong>praematura</strong></span> <span class='ocrx_word' id='word_1_26' title='bbox 1511 514 1733 576; x_wconf 82' lang='lat' dir='ltr'><strong>hieme:</strong></span> <span class='ocrx_word' id='word_1_27' title='bbox 1793 534 1970 577; x_wconf 85' lang='lat' dir='ltr'><strong>suum</strong></span> 
     </span>
    </p>
   </div>
   <div class='ocr_carea' id='block_1_4' title="bbox 103 599 1971 1022">
    <p class='ocr_par' dir='ltr' id='par_1_4' title="bbox 103 599 1971 1022">
     <span class='ocr_line' id='line_1_5' title="bbox 105 599 1970 678; baseline -0.001 -15"><span class='ocrx_word' id='word_1_28' title='bbox 105 607 357 663; x_wconf 86' lang='lat' dir='ltr'><strong>militem</strong></span> <span class='ocrx_word' id='word_1_29' title='bbox 380 601 543 662; x_wconf 85' lang='lat' dir='ltr'><strong>haud</strong></span> <span class='ocrx_word' id='word_1_30' title='bbox 566 600 813 678; x_wconf 85' lang='lat' dir='ltr'><strong>perinde</strong></span> <span class='ocrx_word' id='word_1_31' title='bbox 838 599 1187 658; x_wconf 85' lang='lat' dir='ltr'><strong>vulneribus</strong></span> <span class='ocrx_word' id='word_1_32' title='bbox 1215 621 1395 678; x_wconf 89' lang='lat' dir='ltr'><strong>quam</strong></span> <span class='ocrx_word' id='word_1_33' title='bbox 1429 604 1630 678; x_wconf 89' lang='lat' dir='ltr'><strong>spatiis</strong></span> <span class='ocrx_word' id='word_1_34' title='bbox 1668 604 1970 676; x_wconf 87' lang='lat' dir='ltr'><strong>itinerum,</strong></span> 
     </span>
     <span class='ocr_line' id='line_1_6' title="bbox 108 683 1970 750; baseline 0 -1"><span class='ocrx_word' id='word_1_35' title='bbox 108 693 328 750; x_wconf 90' lang='lat' dir='ltr'><strong>damno</strong></span> <span class='ocrx_word' id='word_1_36' title='bbox 393 706 693 747; x_wconf 87' lang='lat' dir='ltr'><strong>armorum</strong></span> <span class='ocrx_word' id='word_1_37' title='bbox 761 686 959 743; x_wconf 86' lang='lat' dir='ltr'><strong>adfici:</strong></span> <span class='ocrx_word' id='word_1_38' title='bbox 1035 686 1215 743; x_wconf 87' lang='lat' dir='ltr'><strong>fessas</strong></span> <span class='ocrx_word' id='word_1_39' title='bbox 1242 705 1245 709; x_wconf 82' lang='grc'><strong>’</strong></span> <span class='ocrx_word' id='word_1_40' title='bbox 1270 683 1499 743; x_wconf 88' lang='lat' dir='ltr'><strong>Gallias</strong></span> <span class='ocrx_word' id='word_1_41' title='bbox 1558 690 1970 748; x_wconf 82' lang='lat' dir='ltr'><strong>ministrandis</strong></span> 
     </span>
     <span class='ocr_line' id='line_1_7' title="bbox 108 771 1971 855; baseline 0.001 -21"><span class='ocrx_word' id='word_1_42' title='bbox 108 777 303 855; x_wconf 86' lang='lat' dir='ltr'><strong>equis:</strong></span> <span class='ocrx_word' id='word_1_43' title='bbox 371 776 619 848; x_wconf 83' lang='lat' dir='ltr'><strong>longum</strong></span> <span class='ocrx_word' id='word_1_44' title='bbox 670 771 1236 847; x_wconf 84' lang='lat' dir='ltr'><strong>impedimentorum</strong></span> <span class='ocrx_word' id='word_1_45' title='bbox 1289 791 1502 847; x_wconf 84' lang='lat' dir='ltr'><strong>agmen</strong></span> <span class='ocrx_word' id='word_1_46' title='bbox 1561 788 1971 850; x_wconf 84' lang='lat' dir='ltr'><strong>opportunum</strong></span> 
     </span>
     <span class='ocr_line' id='line_1_8' title="bbox 105 857 1971 935; baseline 0 -16"><span class='ocrx_word' id='word_1_47' title='bbox 105 864 183 920; x_wconf 91' lang='lat' dir='ltr'><strong>ad</strong></span> <span class='ocrx_word' id='word_1_48' title='bbox 216 860 493 929; x_wconf 83' lang='lat' dir='ltr'><strong>insidias,</strong></span> <span class='ocrx_word' id='word_1_49' title='bbox 547 858 992 916; x_wconf 79' lang='lat' dir='ltr'><strong>defensantibus</strong></span> <span class='ocrx_word' id='word_1_50' title='bbox 1024 857 1317 935; x_wconf 87' lang='lat' dir='ltr'><strong>iniquum.</strong></span> <span class='ocrx_word' id='word_1_51' title='bbox 1404 869 1465 915; x_wconf 88' lang='lat' dir='ltr'><strong>at</strong></span> <span class='ocrx_word' id='word_1_52' title='bbox 1501 857 1551 914; x_wconf 90' lang='lat' dir='ltr'><strong>si</strong></span> <span class='ocrx_word' id='word_1_53' title='bbox 1585 879 1747 934; x_wconf 79' lang='lat' dir='ltr'><strong>mare</strong></span> <span class='ocrx_word' id='word_1_54' title='bbox 1781 862 1971 921; x_wconf 83' lang='lat' dir='ltr'><strong>intre-</strong></span> 
     </span>
     <span class='ocr_line' id='line_1_9' title="bbox 103 939 1968 1022; baseline 0.001 -18"><span class='ocrx_word' id='word_1_55' title='bbox 103 958 231 1016; x_wconf 84' lang='lat' dir='ltr'><strong>tur,</strong></span> <span class='ocrx_word' id='word_1_56' title='bbox 270 955 609 1022; x_wconf 86' lang='lat' dir='ltr'><strong>promptam</strong></span> <span class='ocrx_word' id='word_1_57' title='bbox 645 943 787 1019; x_wconf 91' lang='lat' dir='ltr'><strong>ipsis</strong></span> <span class='ocrx_word' id='word_1_58' title='bbox 816 943 1245 1018; x_wconf 90' lang='lat' dir='ltr'><strong>possessionem</strong></span> <span class='ocrx_word' id='word_1_59' title='bbox 1283 953 1356 1000; x_wconf 84' lang='lat' dir='ltr'><strong>et&#39;</strong></span> <span class='ocrx_word' id='word_1_60' title='bbox 1374 939 1645 1002; x_wconf 84' lang='lat' dir='ltr'><strong>hostibus</strong></span> <span class='ocrx_word' id='word_1_61' title='bbox 1677 945 1968 1019; x_wconf 83' lang='lat' dir='ltr'><strong>ignotam:</strong></span> 
     </span>
    </p>
   </div>
   <div class='ocr_carea' id='block_1_5' title="bbox 15 1025 1995 1107">
    <p class='ocr_par' dir='ltr' id='par_1_5' title="bbox 15 1025 1995 1107">
     <span class='ocr_line' id='line_1_10' title="bbox 15 1025 1995 1107; baseline 0.001 -19"><span class='ocrx_word' id='word_1_62' title='bbox 15 1025 19 1031; x_wconf 47' lang='lat'><strong>⁴</strong></span> <span class='ocrx_word' id='word_1_63' title='bbox 105 1031 286 1089; x_wconf 84' lang='lat' dir='ltr'><strong>simul</strong></span> <span class='ocrx_word' id='word_1_64' title='bbox 310 1030 535 1087; x_wconf 88' lang='lat' dir='ltr'><strong>bellum</strong></span> <span class='ocrx_word' id='word_1_65' title='bbox 558 1028 849 1086; x_wconf 86' lang='lat' dir='ltr'><strong>maturius</strong></span> <span class='ocrx_word' id='word_1_66' title='bbox 881 1028 1066 1104; x_wconf 90' lang='lat' dir='ltr'><strong>incipi</strong></span> <span class='ocrx_word' id='word_1_67' title='bbox 1104 1029 1485 1107; x_wconf 82' lang='lat' dir='ltr'><strong>legionesque</strong></span> <span class='ocrx_word' id='word_1_68' title='bbox 1523 1041 1591 1087; x_wconf 44' lang='lat' dir='ltr'><strong>et*</strong></span> <span class='ocrx_word' id='word_1_69' title='bbox 1610 1044 1995 1091; x_wconf 76' lang='lat' dir='ltr'><strong>commeatus</strong></span> 
     </span>
    </p>
   </div>
   <div class='ocr_carea' id='block_1_6' title="bbox 103 1111 1971 1261">
    <p class='ocr_par' dir='ltr' id='par_1_6' title="bbox 103 1111 1971 1261">
     <span class='ocr_line' id='line_1_11' title="bbox 104 1111 1971 1194; baseline 0 -20"><span class='ocrx_word' id='word_1_70' title='bbox 104 1118 327 1194; x_wconf 88' lang='lat' dir='ltr'><strong>pariter</strong></span> <span class='ocrx_word' id='word_1_71' title='bbox 358 1111 522 1172; x_wconf 82' lang='lat' dir='ltr'><strong>vehi:</strong></span> <span class='ocrx_word' id='word_1_72' title='bbox 565 1114 863 1188; x_wconf 84' lang='lat' dir='ltr'><strong>integrum</strong></span> <span class='ocrx_word' id='word_1_73' title='bbox 902 1114 1161 1191; x_wconf 84' lang='lat' dir='ltr'><strong>equitem</strong></span> <span class='ocrx_word' id='word_1_74' title='bbox 1195 1135 1494 1193; x_wconf 86' lang='lat' dir='ltr'><strong>equosque</strong></span> <span class='ocrx_word' id='word_1_75' title='bbox 1528 1136 1639 1192; x_wconf 86' lang='lat' dir='ltr'><strong>per</strong></span> <span class='ocrx_word' id='word_1_76' title='bbox 1664 1137 1770 1174; x_wconf 83' lang='lat' dir='ltr'><strong>ora</strong></span> <span class='ocrx_word' id='word_1_77' title='bbox 1788 1129 1855 1176; x_wconf 87' lang='lat' dir='ltr'><strong>et</strong></span> <span class='ocrx_word' id='word_1_78' title='bbox 1881 1119 1971 1176; x_wconf 91' lang='lat' dir='ltr'><strong>al-</strong></span> 
     </span>
     <span class='ocr_line' id='line_1_12' title="bbox 103 1198 1876 1261; baseline -0.001 -1"><span class='ocrx_word' id='word_1_79' title='bbox 103 1223 245 1261; x_wconf 83' lang='lat' dir='ltr'><strong>veos</strong></span> <span class='ocrx_word' id='word_1_80' title='bbox 273 1201 595 1260; x_wconf 88' lang='lat' dir='ltr'><strong>fluminum</strong></span> <span class='ocrx_word' id='word_1_81' title='bbox 615 1199 812 1257; x_wconf 90' lang='lat' dir='ltr'><strong>media</strong></span> <span class='ocrx_word' id='word_1_82' title='bbox 834 1199 900 1257; x_wconf 90' lang='lat' dir='ltr'><strong>in</strong></span> <span class='ocrx_word' id='word_1_83' title='bbox 928 1198 1250 1259; x_wconf 88' lang='lat' dir='ltr'><strong>Germania</strong></span> <span class='ocrx_word' id='word_1_84' title='bbox 1271 1201 1418 1261; x_wconf 79' lang='lat' dir='ltr'><strong>fore.</strong></span> <span class='ocrx_word' id='word_1_85' title='bbox 1873 1235 1876 1238; x_wconf 40' lang='lat'><strong>⁴</strong></span> 
     </span>
    </p>
   </div>
   <div class='ocr_carea' id='block_1_7' title="bbox 103 1293 1974 1472">
    <p class='ocr_par' dir='ltr' id='par_1_7' title="bbox 103 1293 1974 1472">
     <span class='ocr_line' id='line_1_13' title="bbox 272 1293 1974 1399; baseline 0.001 -17"><span class='ocrx_word' id='word_1_86' title='bbox 272 1324 382 1386; x_wconf 84' lang='lat' dir='ltr'><strong>VI.</strong></span> <span class='ocrx_word' id='word_1_87' title='bbox 433 1322 625 1399; x_wconf 81' lang='lat' dir='ltr'><strong>Igitur</strong></span> <span class='ocrx_word' id='word_1_88' title='bbox 653 1321 772 1382; x_wconf 90' lang='lat' dir='ltr'><strong>huc</strong></span> <span class='ocrx_word' id='word_1_89' title='bbox 809 1325 1082 1384; x_wconf 90' lang='lat' dir='ltr'><strong>intendit.</strong></span> <span class='ocrx_word' id='word_1_90' title='bbox 1166 1325 1360 1383; x_wconf 87' lang='lat' dir='ltr'><strong>missis</strong></span> <span class='ocrx_word' id='word_1_91' title='bbox 1392 1326 1468 1383; x_wconf 91' lang='lat' dir='ltr'><strong>ad</strong></span> <span class='ocrx_word' id='word_1_92' title='bbox 1503 1345 1710 1384; x_wconf 91' lang='lat' dir='ltr'><strong>census</strong></span> <span class='ocrx_word' id='word_1_93' title='bbox 1738 1293 1974 1384; x_wconf 78' lang='lat' dir='ltr'><strong>Galiia-</strong></span> 
     </span>
     <span class='ocr_line' id='line_1_14' title="bbox 103 1406 1972 1472; baseline -0.001 -1"><span class='ocrx_word' id='word_1_94' title='bbox 103 1432 242 1471; x_wconf 88' lang='lat' dir='ltr'><strong>rum</strong></span> <span class='ocrx_word' id='word_1_95' title='bbox 273 1409 344 1472; x_wconf 89' lang='lat' dir='ltr'><strong>P.</strong></span> <span class='ocrx_word' id='word_1_96' title='bbox 367 1409 616 1468; x_wconf 87' lang='lat' dir='ltr'><strong>Vitellio</strong></span> <span class='ocrx_word' id='word_1_97' title='bbox 651 1422 708 1468; x_wconf 89' lang='lat' dir='ltr'><strong>et</strong></span> <span class='ocrx_word' id='word_1_98' title='bbox 733 1409 802 1470; x_wconf 90' lang='lat' dir='ltr'><strong>C.</strong></span> <span class='ocrx_word' id='word_1_99' title='bbox 827 1407 1013 1468; x_wconf 93' lang='lat' dir='ltr'><strong>Antio</strong></span> <span class='ocrx_word' id='word_1_100' title='bbox 1049 1409 1233 1470; x_wconf 90' lang='lat' dir='ltr'><strong>Silius</strong></span> <span class='ocrx_word' id='word_1_101' title='bbox 1267 1423 1325 1471; x_wconf 90' lang='lat' dir='ltr'><strong>et</strong></span> <span class='ocrx_word' id='word_1_102' title='bbox 1349 1406 1601 1470; x_wconf 84' lang='lat' dir='ltr'><strong>Anteius</strong></span> <span class='ocrx_word' id='word_1_103' title='bbox 1637 1423 1694 1470; x_wconf 93' lang='lat' dir='ltr'><strong>et</strong></span> <span class='ocrx_word' id='word_1_104' title='bbox 1715 1409 1972 1471; x_wconf 87' lang='lat' dir='ltr'><strong>Caecina</strong></span> 
     </span>
    </p>
   </div>
   <div class='ocr_carea' id='block_1_8' title="bbox 100 1616 2011 1918">
    <p class='ocr_par' dir='ltr' id='par_1_8' title="bbox 100 1616 2011 1918">
     <span class='ocr_line' id='line_1_15' title="bbox 102 1616 1972 1700; baseline 0.001 -26"><span class='ocrx_word' id='word_1_105' title='bbox 102 1629 196 1700; x_wconf 63' lang='grc' dir='ltr'><strong>γὰρ</strong></span> <span class='ocrx_word' id='word_1_106' title='bbox 220 1623 280 1686; x_wconf 74' lang='grc' dir='ltr'><strong>ἦν</strong></span> <span class='ocrx_word' id='word_1_107' title='bbox 294 1625 509 1689; x_wconf 74' lang='grc' dir='ltr'><strong><em>χαλεπά,</em></strong></span> <span class='ocrx_word' id='word_1_108' title='bbox 544 1628 600 1672; x_wconf 89' lang='lat' dir='ltr'><strong>de</strong></span> <span class='ocrx_word' id='word_1_109' title='bbox 636 1627 772 1672; x_wconf 84' lang='lat' dir='ltr'><strong>rebus</strong></span> <span class='ocrx_word' id='word_1_110' title='bbox 801 1627 1002 1672; x_wconf 82' lang='lat' dir='ltr'><strong>adversis</strong></span> <span class='ocrx_word' id='word_1_111' title='bbox 1071 1629 1158 1672; x_wconf 83' lang='lat' dir='ltr'><strong>bus</strong></span> <span class='ocrx_word' id='word_1_112' title='bbox 1186 1628 1232 1673; x_wconf 85' lang='lat' dir='ltr'><strong>h.</strong></span> <span class='ocrx_word' id='word_1_113' title='bbox 1265 1645 1303 1673; x_wconf 90' lang='lat' dir='ltr'><strong>e.</strong></span> <span class='ocrx_word' id='word_1_114' title='bbox 1337 1616 1546 1674; x_wconf 65' lang='lat' dir='ltr'><strong>nonduin</strong></span> <span class='ocrx_word' id='word_1_115' title='bbox 1577 1638 1804 1691; x_wconf 82' lang='lat' dir='ltr'><strong>expertam</strong></span> <span class='ocrx_word' id='word_1_116' title='bbox 1833 1629 1972 1675; x_wconf 90' lang='lat' dir='ltr'><strong>ideo-</strong></span> 
     </span>
     <span class='ocr_line' id='line_1_16' title="bbox 102 1685 1971 1788; baseline 0 -54"><span class='ocrx_word' id='word_1_117' title='bbox 102 1706 151 1734; x_wconf 87' lang='grc' dir='ltr'><strong>ιιι</strong></span> <span class='ocrx_word' id='word_1_118' title='bbox 195 1689 334 1734; x_wconf 85' lang='lat' dir='ltr'><strong>bello.</strong></span> <span class='ocrx_word' id='word_1_119' title='bbox 403 1686 652 1732; x_wconf 77' lang='lat' dir='ltr'><strong>Infeliciter</strong></span> <span class='ocrx_word' id='word_1_120' title='bbox 700 1685 823 1746; x_wconf 85' lang='lat' dir='ltr'><strong>Lips.</strong></span> <span class='ocrx_word' id='word_1_121' title='bbox 875 1685 998 1730; x_wconf 88' lang='lat' dir='ltr'><strong>coni.</strong></span> <span class='ocrx_word' id='word_1_122' title='bbox 1072 1701 1161 1788; x_wconf 52' lang='lat' dir='ltr'>‹1¹›oe</span> <span class='ocrx_word' id='word_1_123' title='bbox 1201 1687 1453 1746; x_wconf 82' lang='lat' dir='ltr'><strong>inopinam.</strong></span> <span class='ocrx_word' id='word_1_124' title='bbox 1541 1687 1658 1732; x_wconf 89' lang='lat' dir='ltr'><strong>Nam</strong></span> <span class='ocrx_word' id='word_1_125' title='bbox 1709 1703 1971 1748; x_wconf 83' lang='lat' dir='ltr'><strong>quanquam</strong></span> 
     </span>
     <span class='ocr_line' id='line_1_17' title="bbox 100 1745 2011 1803; baseline 0.003 -18"><span class='ocrx_word' id='word_1_126' title='bbox 100 1762 288 1793; x_wconf 66' lang='lat' dir='ltr'><strong>meva.</strong></span> <span class='ocrx_word' id='word_1_127' title='bbox 1121 1760 1274 1797; x_wconf 84' lang='lat' dir='ltr'><strong>rusus,</strong></span> <span class='ocrx_word' id='word_1_128' title='bbox 1315 1745 1470 1789; x_wconf 87' lang='lat' dir='ltr'><strong>eadem</strong></span> <span class='ocrx_word' id='word_1_129' title='bbox 1507 1755 1640 1790; x_wconf 74' lang='lat' dir='ltr'><strong>ausus</strong></span> <span class='ocrx_word' id='word_1_130' title='bbox 1675 1745 1802 1800; x_wconf 84' lang='lat' dir='ltr'><strong>(infr.</strong></span> <span class='ocrx_word' id='word_1_131' title='bbox 1827 1748 1875 1803; x_wconf 40' lang='lat' dir='ltr'><strong>r..</strong></span> <span class='ocrx_word' id='word_1_132' title='bbox 1893 1747 1974 1803; x_wconf 86' lang='lat'><strong>8.),</strong></span> <span class='ocrx_word' id='word_1_133' title='bbox 2006 1769 2011 1772; x_wconf 94' lang='lat'>·</span> 
     </span>
     <span class='ocr_line' id='line_1_18' title="bbox 1071 1802 1972 1862; baseline 0.002 -16"><span class='ocrx_word' id='word_1_134' title='bbox 1071 1802 1165 1848; x_wconf 86' lang='lat' dir='ltr'><strong>iam</strong></span> <span class='ocrx_word' id='word_1_135' title='bbox 1188 1802 1312 1862; x_wconf 81' lang='lat' dir='ltr'><strong>prius</strong></span> <span class='ocrx_word' id='word_1_136' title='bbox 1336 1803 1410 1848; x_wconf 82' lang='lat' dir='ltr'><strong>via</strong></span> <span class='ocrx_word' id='word_1_137' title='bbox 1432 1802 1655 1848; x_wconf 85' lang='lat' dir='ltr'><strong>maritima</strong></span> <span class='ocrx_word' id='word_1_138' title='bbox 1678 1802 1972 1848; x_wconf 82' lang='lat' dir='ltr'><strong>Germaniam</strong></span> 
     </span>
     <span class='ocr_line' id='line_1_19' title="bbox 1074 1860 1974 1918; baseline 0.002 -15"><span class='ocrx_word' id='word_1_139' title='bbox 1074 1860 1308 1918; x_wconf 85' lang='lat' dir='ltr'><strong>adgressus</strong></span> <span class='ocrx_word' id='word_1_140' title='bbox 1330 1869 1437 1911; x_wconf 82' lang='lat' dir='ltr'><strong>erat,</strong></span> <span class='ocrx_word' id='word_1_141' title='bbox 1465 1860 1542 1906; x_wconf 83' lang='lat' dir='ltr'><strong>hie</strong></span> <span class='ocrx_word' id='word_1_142' title='bbox 1561 1870 1714 1906; x_wconf 85' lang='lat' dir='ltr'><strong>tamen</strong></span> <span class='ocrx_word' id='word_1_143' title='bbox 1737 1877 1831 1906; x_wconf 93' lang='lat' dir='ltr'><strong>non</strong></span> <span class='ocrx_word' id='word_1_144' title='bbox 1852 1864 1974 1908; x_wconf 75' lang='lat' dir='ltr'><strong>c&#39;on-</strong></span> 
     </span>
    </p>
   </div>
   <div class='ocr_carea' id='block_1_9' title="bbox 1073 1917 1975 2021">
    <p class='ocr_par' dir='ltr' id='par_1_9' title="bbox 1073 1917 1975 2021">
     <span class='ocr_line' id='line_1_20' title="bbox 1073 1917 1975 2018; baseline 0.004 -58"><span class='ocrx_word' id='word_1_145' title='bbox 1073 1924 1142 2018; x_wconf 54' lang='lat' dir='ltr'><strong>tra</strong></span> <span class='ocrx_word' id='word_1_146' title='bbox 1170 1917 1447 1985; x_wconf 70' lang='lat' dir='ltr'><strong>Gheruseos,</strong></span> <span class='ocrx_word' id='word_1_147' title='bbox 1496 1920 1576 1964; x_wconf 81' lang='lat' dir='ltr'><strong>sed</strong></span> <span class='ocrx_word' id='word_1_148' title='bbox 1610 1927 1775 1966; x_wconf 85' lang='lat' dir='ltr'><strong>contra</strong></span> <span class='ocrx_word' id='word_1_149' title='bbox 1801 1918 1975 1964; x_wconf 69' lang='lat' dir='ltr'><strong>ffisios</strong></span> 
     </span>
     <span class='ocr_line' id='line_1_21' title="bbox 1094 1982 1930 2021; baseline 0.006 -2"><span class='ocrx_word' id='word_1_150' title='bbox 1094 1991 1171 2019; x_wconf 87' lang='lat' dir='ltr'><strong>um</strong></span> <span class='ocrx_word' id='word_1_151' title='bbox 1197 1985 1287 2021; x_wconf 77' lang='lat' dir='ltr'><strong>1v1t.</strong></span> <span class='ocrx_word' id='word_1_152' title='bbox 1703 1990 1705 1993; x_wconf 79' lang='grc'>’</span> <span class='ocrx_word' id='word_1_153' title='bbox 1926 1982 1930 1993; x_wconf 91' lang='grc'><strong>’</strong></span> 
     </span>
    </p>
   </div>
   <div class='ocr_carea' id='block_1_10' title="bbox 100 1842 1005 2423">
    <p class='ocr_par' dir='ltr' id='par_1_10' title="bbox 100 1842 1005 2423">
     <span class='ocr_line' id='line_1_22' title="bbox 161 1842 1004 1894; baseline -0.008 -1"><span class='ocrx_word' id='word_1_154' title='bbox 161 1849 298 1894; x_wconf 54' lang='lat' dir='ltr'><strong>aaut&amp;</strong></span> <span class='ocrx_word' id='word_1_155' title='bbox 332 1848 455 1891; x_wconf 77' lang='lat' dir='ltr'><strong>loeis.</strong></span> <span class='ocrx_word' id='word_1_156' title='bbox 524 1844 762 1890; x_wconf 81' lang='lat' dir='ltr'><strong>Broterius</strong></span> <span class='ocrx_word' id='word_1_157' title='bbox 805 1842 1004 1888; x_wconf 83' lang='lat' dir='ltr'><strong>coniecit</strong></span> 
     </span>
     <span class='ocr_line' id='line_1_23' title="bbox 104 1903 1003 1964; baseline -0.008 -14"><span class='ocrx_word' id='word_1_158' title='bbox 104 1907 270 1964; x_wconf 73' lang='lat' dir='ltr'><strong>aequis</strong></span> <span class='ocrx_word' id='word_1_159' title='bbox 290 1905 418 1948; x_wconf 76' lang='lat' dir='ltr'><strong>locis.</strong></span> <span class='ocrx_word' id='word_1_160' title='bbox 448 1904 649 1948; x_wconf 82' lang='lat' dir='ltr'><strong>Frustra.</strong></span> <span class='ocrx_word' id='word_1_161' title='bbox 688 1903 805 1947; x_wconf 87' lang='lat' dir='ltr'><strong>Nam</strong></span> <span class='ocrx_word' id='word_1_162' title='bbox 824 1903 1003 1944; x_wconf 80' lang='lat' dir='ltr'><strong>iustum</strong></span> 
     </span>
     <span class='ocr_line' id='line_1_24' title="bbox 104 1960 1002 2022; baseline -0.008 -13"><span class='ocrx_word' id='word_1_163' title='bbox 104 1973 197 2015; x_wconf 80' lang='lat' dir='ltr'><strong>est,</strong></span> <span class='ocrx_word' id='word_1_164' title='bbox 243 1963 367 2022; x_wconf 86' lang='lat' dir='ltr'><strong>quod</strong></span> <span class='ocrx_word' id='word_1_165' title='bbox 406 1970 498 2012; x_wconf 82' lang='lat' dir='ltr'><strong>est,</strong></span> <span class='ocrx_word' id='word_1_166' title='bbox 542 1960 676 2020; x_wconf 80' lang='lat' dir='ltr'><strong>quale</strong></span> <span class='ocrx_word' id='word_1_167' title='bbox 712 1975 806 2005; x_wconf 79' lang='lat' dir='ltr'><strong>esse</strong></span> <span class='ocrx_word' id='word_1_168' title='bbox 838 1960 887 2003; x_wconf 86' lang='lat' dir='ltr'><strong>in</strong></span> <span class='ocrx_word' id='word_1_169' title='bbox 918 1973 1002 2003; x_wconf 85' lang='lat' dir='ltr'><strong>suo</strong></span> 
     </span>
     <span class='ocr_line' id='line_1_25' title="bbox 104 2018 1001 2082; baseline -0.008 -16"><span class='ocrx_word' id='word_1_170' title='bbox 104 2037 269 2082; x_wconf 78' lang='lat' dir='ltr'><strong>genere</strong></span> <span class='ocrx_word' id='word_1_171' title='bbox 300 2020 456 2068; x_wconf 85' lang='lat' dir='ltr'><strong>debet,</strong></span> <span class='ocrx_word' id='word_1_172' title='bbox 498 2028 549 2064; x_wconf 90' lang='lat' dir='ltr'><strong>ut</strong></span> <span class='ocrx_word' id='word_1_173' title='bbox 576 2021 703 2062; x_wconf 72' lang='lat' dir='ltr'><strong>iusta</strong></span> <span class='ocrx_word' id='word_1_174' title='bbox 727 2018 878 2066; x_wconf 72' lang='lat' dir='ltr'><strong>acies,</strong></span> <span class='ocrx_word' id='word_1_175' title='bbox 925 2018 1001 2059; x_wconf 83' lang='lat' dir='ltr'><strong>iu-</strong></span> 
     </span>
     <span class='ocr_line' id='line_1_26' title="bbox 103 2075 1005 2123; baseline -0.009 0"><span class='ocrx_word' id='word_1_176' title='bbox 103 2088 208 2123; x_wconf 79' lang='lat' dir='ltr'><strong>stus</strong></span> <span class='ocrx_word' id='word_1_177' title='bbox 249 2079 502 2122; x_wconf 74' lang='lat' dir='ltr'><strong>exereitus.</strong></span> <span class='ocrx_word' id='word_1_178' title='bbox 590 2076 710 2121; x_wconf 81' lang='lat' dir='ltr'><strong>Hinc</strong></span> <span class='ocrx_word' id='word_1_179' title='bbox 757 2075 857 2120; x_wconf 80' lang='lat' dir='ltr'><strong>loca</strong></span> <span class='ocrx_word' id='word_1_180' title='bbox 898 2081 1005 2117; x_wconf 83' lang='lat' dir='ltr'><strong>sunt</strong></span> 
     </span>
     <span class='ocr_line' id='line_1_27' title="bbox 104 2131 1003 2194; baseline -0.008 -13"><span class='ocrx_word' id='word_1_181' title='bbox 104 2139 235 2181; x_wconf 78' lang='lat' dir='ltr'><strong>iusta</strong></span> <span class='ocrx_word' id='word_1_182' title='bbox 268 2151 332 2180; x_wconf 82' lang='lat' dir='ltr'><strong>se.</strong></span> <span class='ocrx_word' id='word_1_183' title='bbox 362 2135 418 2179; x_wconf 85' lang='lat' dir='ltr'><strong>ad</strong></span> <span class='ocrx_word' id='word_1_184' title='bbox 449 2135 619 2186; x_wconf 84' lang='lat' dir='ltr'><strong>aciem,</strong></span> <span class='ocrx_word' id='word_1_185' title='bbox 680 2149 796 2194; x_wconf 88' lang='lat' dir='ltr'><strong>quae</strong></span> <span class='ocrx_word' id='word_1_186' title='bbox 839 2131 1003 2175; x_wconf 87' lang='lat' dir='ltr'><strong>iustam</strong></span> 
     </span>
     <span class='ocr_line' id='line_1_28' title="bbox 102 2189 1002 2251; baseline -0.011 -11"><span class='ocrx_word' id='word_1_187' title='bbox 102 2194 247 2240; x_wconf 69' lang='lat' dir='ltr'><strong>aciem</strong></span> <span class='ocrx_word' id='word_1_188' title='bbox 264 2193 535 2247; x_wconf 76' lang='lat' dir='ltr'><strong>admittunt3</strong></span> <span class='ocrx_word' id='word_1_189' title='bbox 563 2207 670 2251; x_wconf 86' lang='lat' dir='ltr'><strong>opp.</strong></span> <span class='ocrx_word' id='word_1_190' title='bbox 697 2189 840 2240; x_wconf 85' lang='lat' dir='ltr'><strong>silvis,</strong></span> <span class='ocrx_word' id='word_1_191' title='bbox 867 2189 1002 2247; x_wconf 83' lang='lat' dir='ltr'><strong>palu-</strong></span> 
     </span>
     <span class='ocr_line' id='line_1_29' title="bbox 104 2247 1003 2308; baseline -0.008 -13"><span class='ocrx_word' id='word_1_192' title='bbox 104 2250 251 2296; x_wconf 75' lang='lat' dir='ltr'><strong>dibus.</strong></span> <span class='ocrx_word' id='word_1_193' title='bbox 309 2249 523 2295; x_wconf 84' lang='lat' dir='ltr'><strong>Ceterum</strong></span> <span class='ocrx_word' id='word_1_194' title='bbox 541 2250 650 2294; x_wconf 80' lang='lat' dir='ltr'><strong>baec</strong></span> <span class='ocrx_word' id='word_1_195' title='bbox 669 2247 896 2308; x_wconf 83' lang='lat' dir='ltr'><strong>reputatio</strong></span> <span class='ocrx_word' id='word_1_196' title='bbox 921 2254 1003 2295; x_wconf 86' lang='lat' dir='ltr'><strong>est,</strong></span> 
     </span>
     <span class='ocr_line' id='line_1_30' title="bbox 103 2307 1004 2368; baseline -0.008 -15"><span class='ocrx_word' id='word_1_197' title='bbox 103 2324 243 2368; x_wconf 80' lang='lat' dir='ltr'><strong>quam</strong></span> <span class='ocrx_word' id='word_1_198' title='bbox 291 2316 394 2354; x_wconf 77' lang='lat' dir='ltr'><strong>ante</strong></span> <span class='ocrx_word' id='word_1_199' title='bbox 430 2309 596 2353; x_wconf 87' lang='lat' dir='ltr'><strong>Noster</strong></span> <span class='ocrx_word' id='word_1_200' title='bbox 641 2307 750 2352; x_wconf 83' lang='lat' dir='ltr'><strong>dixit</strong></span> <span class='ocrx_word' id='word_1_201' title='bbox 794 2312 1004 2349; x_wconf 78' lang='lat' dir='ltr'><strong>tractare</strong></span> 
     </span>
     <span class='ocr_line' id='line_1_31' title="bbox 100 2368 532 2423; baseline 0 -13"><span class='ocrx_word' id='word_1_202' title='bbox 100 2368 391 2423; x_wconf 69' lang='lat' dir='ltr'><strong>proeliorum</strong></span> <span class='ocrx_word' id='word_1_203' title='bbox 413 2370 532 2411; x_wconf 57' lang='lat' dir='ltr'><strong>man.</strong></span> 
     </span>
    </p>
   </div>
   <div class='ocr_carea' id='block_1_11' title="bbox 1071 2087 1979 2668">
    <p class='ocr_par' dir='ltr' id='par_1_11' title="bbox 1071 2087 1979 2668">
     <span class='ocr_line' id='line_1_32' title="bbox 1129 2087 1974 2144; baseline 0.006 -16"><span class='ocrx_word' id='word_1_204' title='bbox 1129 2087 1305 2130; x_wconf 81' lang='lat' dir='ltr'><strong>bellum</strong></span> <span class='ocrx_word' id='word_1_205' title='bbox 1334 2089 1569 2131; x_wconf 77' lang='lat' dir='ltr'><strong>maturius</strong></span> <span class='ocrx_word' id='word_1_206' title='bbox 1596 2088 1752 2144; x_wconf 73' lang='lat' dir='ltr'><strong>incipi.</strong></span> <span class='ocrx_word' id='word_1_207' title='bbox 1818 2087 1974 2133; x_wconf 87' lang='lat' dir='ltr'><strong>Potis-</strong></span> 
     </span>
     <span class='ocr_line' id='line_1_33' title="bbox 1071 2143 1975 2207; baseline 0.002 -19"><span class='ocrx_word' id='word_1_208' title='bbox 1071 2145 1233 2188; x_wconf 86' lang='lat' dir='ltr'><strong>simam</strong></span> <span class='ocrx_word' id='word_1_209' title='bbox 1263 2159 1441 2188; x_wconf 84' lang='lat' dir='ltr'><strong>causam</strong></span> <span class='ocrx_word' id='word_1_210' title='bbox 1457 2178 1470 2198; x_wconf 91' lang='lat'>,</span> <span class='ocrx_word' id='word_1_211' title='bbox 1505 2153 1554 2187; x_wconf 89' lang='lat' dir='ltr'><strong>ut</strong></span> <span class='ocrx_word' id='word_1_212' title='bbox 1578 2145 1694 2189; x_wconf 88' lang='lat' dir='ltr'><strong>bene</strong></span> <span class='ocrx_word' id='word_1_213' title='bbox 1722 2143 1839 2192; x_wconf 82' lang='lat' dir='ltr'><strong>vidit</strong></span> <span class='ocrx_word' id='word_1_214' title='bbox 1862 2146 1975 2207; x_wconf 88' lang='lat' dir='ltr'><strong>Lip-</strong></span> 
     </span>
     <span class='ocr_line' id='line_1_34' title="bbox 1073 2200 1975 2262; baseline 0.003 -17"><span class='ocrx_word' id='word_1_215' title='bbox 1073 2202 1188 2254; x_wconf 84' lang='lat' dir='ltr'><strong>sius,</strong></span> <span class='ocrx_word' id='word_1_216' title='bbox 1233 2200 1438 2260; x_wconf 82' lang='lat' dir='ltr'><strong>adiungit</strong></span> <span class='ocrx_word' id='word_1_217' title='bbox 1469 2202 1641 2246; x_wconf 80' lang='lat' dir='ltr'><strong>verbis:</strong></span> <span class='ocrx_word' id='word_1_218' title='bbox 1683 2204 1975 2262; x_wconf 76' lang='lat' dir='ltr'><strong>legionesque</strong></span> 
     </span>
     <span class='ocr_line' id='line_1_35' title="bbox 1075 2261 1976 2326; baseline 0.003 -23"><span class='ocrx_word' id='word_1_219' title='bbox 1075 2267 1121 2303; x_wconf 77' lang='lat' dir='ltr'><strong>et</strong></span> <span class='ocrx_word' id='word_1_220' title='bbox 1147 2268 1442 2303; x_wconf 80' lang='lat' dir='ltr'><strong>commeatus</strong></span> <span class='ocrx_word' id='word_1_221' title='bbox 1455 2262 1643 2316; x_wconf 77' lang='lat' dir='ltr'><strong>pariter·</strong></span> <span class='ocrx_word' id='word_1_222' title='bbox 1661 2263 1790 2305; x_wconf 76' lang='lat' dir='ltr'><strong>vehi..</strong></span> <span class='ocrx_word' id='word_1_223' title='bbox 1832 2261 1976 2326; x_wconf 65' lang='lat' dir='ltr'><strong>Igitur</strong></span> 
     </span>
     <span class='ocr_line' id='line_1_36' title="bbox 1073 2318 1974 2376; baseline 0.004 -15"><span class='ocrx_word' id='word_1_224' title='bbox 1073 2332 1172 2361; x_wconf 89' lang='lat' dir='ltr'><strong>non</strong></span> <span class='ocrx_word' id='word_1_225' title='bbox 1212 2318 1503 2376; x_wconf 83' lang='lat' dir='ltr'><strong>exspectanda</strong></span> <span class='ocrx_word' id='word_1_226' title='bbox 1544 2326 1672 2363; x_wconf 87' lang='lat' dir='ltr'><strong>erant</strong></span> <span class='ocrx_word' id='word_1_227' title='bbox 1710 2319 1974 2365; x_wconf 77' lang='lat' dir='ltr'><strong>frumento-</strong></span> 
     </span>
     <span class='ocr_line' id='line_1_37' title="bbox 1075 2374 1974 2437; baseline 0.003 -19"><span class='ocrx_word' id='word_1_228' title='bbox 1075 2391 1177 2418; x_wconf 88' lang='lat' dir='ltr'><strong>rum</strong></span> <span class='ocrx_word' id='word_1_229' title='bbox 1200 2382 1243 2418; x_wconf 85' lang='lat' dir='ltr'><strong>et</strong></span> <span class='ocrx_word' id='word_1_230' title='bbox 1263 2374 1535 2435; x_wconf 89' lang='lat' dir='ltr'><strong>pabulorum</strong></span> <span class='ocrx_word' id='word_1_231' title='bbox 1559 2375 1839 2422; x_wconf 83' lang='lat' dir='ltr'><strong>incrementa</strong></span> <span class='ocrx_word' id='word_1_232' title='bbox 1858 2393 1974 2437; x_wconf 88' lang='lat' dir='ltr'><strong>pau-</strong></span> 
     </span>
     <span class='ocr_line' id='line_1_38' title="bbox 1073 2432 1977 2494; baseline 0 -16"><span class='ocrx_word' id='word_1_233' title='bbox 1073 2433 1120 2478; x_wconf 91' lang='lat' dir='ltr'><strong>lo</strong></span> <span class='ocrx_word' id='word_1_234' title='bbox 1142 2432 1337 2477; x_wconf 85' lang='lat' dir='ltr'><strong>tardiora</strong></span> <span class='ocrx_word' id='word_1_235' title='bbox 1361 2433 1443 2477; x_wconf 88' lang='lat' dir='ltr'><strong>sub</strong></span> <span class='ocrx_word' id='word_1_236' title='bbox 1469 2433 1550 2478; x_wconf 86' lang='lat' dir='ltr'><strong>illo</strong></span> <span class='ocrx_word' id='word_1_237' title='bbox 1574 2433 1719 2479; x_wconf 84' lang='lat' dir='ltr'><strong>coelo.</strong></span> <span class='ocrx_word' id='word_1_238' title='bbox 1769 2434 1977 2494; x_wconf 80' lang='lat' dir='ltr'><strong>Aliquod</strong></span> 
     </span>
     <span class='ocr_line' id='line_1_39' title="bbox 1074 2491 1979 2539; baseline 0.003 -3"><span class='ocrx_word' id='word_1_239' title='bbox 1074 2499 1226 2536; x_wconf 83' lang='lat' dir='ltr'><strong>tamen</strong></span> <span class='ocrx_word' id='word_1_240' title='bbox 1245 2499 1529 2534; x_wconf 87' lang='lat' dir='ltr'><strong>momentum</strong></span> <span class='ocrx_word' id='word_1_241' title='bbox 1554 2491 1690 2536; x_wconf 89' lang='lat' dir='ltr'><strong>etiam</strong></span> <span class='ocrx_word' id='word_1_242' title='bbox 1711 2491 1850 2537; x_wconf 81' lang='lat' dir='ltr'><strong>fuisse</strong></span> <span class='ocrx_word' id='word_1_243' title='bbox 1872 2510 1979 2539; x_wconf 84' lang='lat' dir='ltr'><strong>cre-</strong></span> 
     </span>
     <span class='ocr_line' id='line_1_40' title="bbox 1076 2547 1977 2603; baseline 0.004 -10"><span class='ocrx_word' id='word_1_244' title='bbox 1076 2549 1135 2593; x_wconf 91' lang='lat' dir='ltr'><strong>do</strong></span> <span class='ocrx_word' id='word_1_245' title='bbox 1158 2548 1206 2591; x_wconf 90' lang='lat' dir='ltr'><strong>in</strong></span> <span class='ocrx_word' id='word_1_246' title='bbox 1230 2547 1438 2592; x_wconf 84' lang='lat' dir='ltr'><strong>celeriori</strong></span> <span class='ocrx_word' id='word_1_247' title='bbox 1468 2556 1511 2594; x_wconf 89' lang='lat' dir='ltr'><strong>et</strong></span> <span class='ocrx_word' id='word_1_248' title='bbox 1533 2549 1773 2595; x_wconf 85' lang='lat' dir='ltr'><strong>maturiori</strong></span> <span class='ocrx_word' id='word_1_249' title='bbox 1798 2551 1977 2603; x_wconf 72' lang='lat' dir='ltr'><strong>itinere,</strong></span> 
     </span>
     <span class='ocr_line' id='line_1_41' title="bbox 1076 2605 1713 2668; baseline 0.003 -17"><span class='ocrx_word' id='word_1_250' title='bbox 1076 2607 1202 2667; x_wconf 80' lang='lat' dir='ltr'><strong>quod</strong></span> <span class='ocrx_word' id='word_1_251' title='bbox 1239 2605 1430 2652; x_wconf 86' lang='lat' dir='ltr'><strong>dabatur</strong></span> <span class='ocrx_word' id='word_1_252' title='bbox 1459 2622 1542 2668; x_wconf 81' lang='lat' dir='ltr'><strong>per</strong></span> <span class='ocrx_word' id='word_1_253' title='bbox 1574 2623 1713 2653; x_wconf 86' lang='lat' dir='ltr'><strong>mare.</strong></span> 
     </span>
    </p>
   </div>
   <div class='ocr_carea' id='block_1_12' title="bbox 1131 2717 1981 2766">
    <p class='ocr_par' dir='ltr' id='par_1_12' title="bbox 1131 2717 1981 2766">
     <span class='ocr_line' id='line_1_42' title="bbox 1131 2717 1981 2766; baseline 0.006 -5"><span class='ocrx_word' id='word_1_254' title='bbox 1131 2717 1246 2762; x_wconf 71' lang='lat' dir='ltr'><strong>CAP.</strong></span> <span class='ocrx_word' id='word_1_255' title='bbox 1277 2717 1323 2762; x_wconf 89' lang='grc'><strong>6.</strong></span> <span class='ocrx_word' id='word_1_256' title='bbox 1404 2717 1453 2763; x_wconf 83' lang='lat' dir='ltr'><strong>C.</strong></span> <span class='ocrx_word' id='word_1_257' title='bbox 1504 2719 1663 2762; x_wconf 76' lang='lat' dir='ltr'><strong>Antio·</strong></span> <span class='ocrx_word' id='word_1_258' title='bbox 1740 2718 1823 2766; x_wconf 67' lang='lat' dir='ltr'><strong>stc·</strong></span> <span class='ocrx_word' id='word_1_259' title='bbox 1868 2736 1981 2766; x_wconf 84' lang='lat' dir='ltr'><strong>cum</strong></span> 
     </span>
    </p>
   </div>
   <div class='ocr_carea' id='block_1_13' title="bbox 102 2462 1000 2571">
    <p class='ocr_par' dir='ltr' id='par_1_13' title="bbox 102 2462 1000 2571">
     <span class='ocr_line' id='line_1_43' title="bbox 160 2462 1000 2512; baseline -0.007 0"><span class='ocrx_word' id='word_1_260' title='bbox 160 2470 343 2512; x_wconf 80' lang='lat' dir='ltr'><strong>damno</strong></span> <span class='ocrx_word' id='word_1_261' title='bbox 383 2482 649 2512; x_wconf 81' lang='lat' dir='ltr'><strong>armorum.</strong></span> <span class='ocrx_word' id='word_1_262' title='bbox 721 2462 1000 2511; x_wconf 61' lang='lat' dir='ltr'><strong>Male-,Box-</strong></span> 
     </span>
     <span class='ocr_line' id='line_1_44' title="bbox 102 2525 673 2571; baseline -0.004 0"><span class='ocrx_word' id='word_1_263' title='bbox 102 2525 239 2571; x_wconf 79' lang='lat' dir='ltr'><strong>horn.</strong></span> <span class='ocrx_word' id='word_1_264' title='bbox 264 2534 613 2570; x_wconf 71' lang='lat' dir='ltr'><strong>armentorum.</strong></span> <span class='ocrx_word' id='word_1_265' title='bbox 668 2547 673 2550; x_wconf 92' lang='lat'>·</span> 
     </span>
    </p>
   </div>
   <div class='ocr_carea' id='block_1_14' title="bbox 107 2625 1006 2732">
    <p class='ocr_par' dir='ltr' id='par_1_14' title="bbox 107 2625 1006 2732">
     <span class='ocr_line' id='line_1_45' title="bbox 107 2625 1006 2732; baseline -0.004 -58"><span class='ocrx_word' id='word_1_266' title='bbox 107 2685 132 2732; x_wconf 63' lang='grc' dir='ltr'><strong><em>ι</em></strong></span> <span class='ocrx_word' id='word_1_267' title='bbox 152 2626 317 2730; x_wconf 50' lang='lat' dir='ltr'><strong>{eluas</strong></span> <span class='ocrx_word' id='word_1_268' title='bbox 338 2625 525 2672; x_wconf 71' lang='lat' dir='ltr'><strong>cantas</strong></span> <span class='ocrx_word' id='word_1_269' title='bbox 544 2627 663 2672; x_wconf 76' lang='lat' dir='ltr'><strong>min.</strong></span> <span class='ocrx_word' id='word_1_270' title='bbox 683 2641 755 2684; x_wconf 84' lang='lat' dir='ltr'><strong>eq.</strong></span> <span class='ocrx_word' id='word_1_271' title='bbox 798 2625 859 2671; x_wconf 83' lang='lat' dir='ltr'><strong>cs.</strong></span> <span class='ocrx_word' id='word_1_272' title='bbox 880 2640 1006 2686; x_wconf 83' lang='lat' dir='ltr'><strong>supr.</strong></span> 
     </span>
    </p>
   </div>
   <div class='ocr_carea' id='block_1_15' title="bbox 105 2784 1006 3704">
    <p class='ocr_par' dir='ltr' id='par_1_15' title="bbox 105 2784 1006 3704">
     <span class='ocr_line' id='line_1_46' title="bbox 159 2784 1006 2843; baseline -0.005 -14"><span class='ocrx_word' id='word_1_273' title='bbox 159 2793 435 2843; x_wconf 79' lang='lat' dir='ltr'><strong>promptam</strong></span> <span class='ocrx_word' id='word_1_274' title='bbox 456 2787 568 2836; x_wconf 71' lang='lat' dir='ltr'><strong>ipsis</strong></span> <span class='ocrx_word' id='word_1_275' title='bbox 586 2784 937 2842; x_wconf 74' lang='lat' dir='ltr'><strong>possessae&#39;onem</strong></span> <span class='ocrx_word' id='word_1_276' title='bbox 960 2789 1006 2826; x_wconf 78' lang='lat' dir='ltr'><strong>et</strong></span> 
     </span>
     <span class='ocr_line' id='line_1_47' title="bbox 105 2839 1003 2899; baseline -0.006 -12"><span class='ocrx_word' id='word_1_277' title='bbox 105 2845 310 2887; x_wconf 67' lang='lat' dir='ltr'><strong>hostibus</strong></span> <span class='ocrx_word' id='word_1_278' title='bbox 331 2845 562 2899; x_wconf 70' lang='lat' dir='ltr'><strong>ignotam.</strong></span> <span class='ocrx_word' id='word_1_279' title='bbox 626 2842 870 2886; x_wconf 77' lang='lat' dir='ltr'><strong>Possessio</strong></span> <span class='ocrx_word' id='word_1_280' title='bbox 901 2839 1003 2883; x_wconf 84' lang='lat' dir='ltr'><strong>vul-</strong></span> 
     </span>
     <span class='ocr_line' id='line_1_48' title="bbox 138 2900 1004 2954; baseline -0.007 -8"><span class='ocrx_word' id='word_1_281' title='bbox 138 2900 200 2944; x_wconf 76' lang='lat' dir='ltr'><strong>ari</strong></span> <span class='ocrx_word' id='word_1_282' title='bbox 226 2900 437 2944; x_wconf 64' lang='lat' dir='ltr'><strong>latinitate</strong></span> <span class='ocrx_word' id='word_1_283' title='bbox 455 2909 520 2946; x_wconf 74' lang='lat' dir='ltr'><strong>est</strong></span> <span class='ocrx_word' id='word_1_284' title='bbox 536 2901 712 2952; x_wconf 70' lang='lat' dir='ltr'><strong>Bestez,</strong></span> <span class='ocrx_word' id='word_1_285' title='bbox 733 2900 1004 2954; x_wconf 77' lang='lat' dir='ltr'><strong>Besitzung.</strong></span> 
     </span>
     <span class='ocr_line' id='line_1_49' title="bbox 150 2956 1004 3002; baseline -0.005 0"><span class='ocrx_word' id='word_1_286' title='bbox 150 2958 353 3002; x_wconf 82' lang='lat' dir='ltr'><strong>ctionem</strong></span> <span class='ocrx_word' id='word_1_287' title='bbox 385 2958 465 3001; x_wconf 75' lang='grc' dir='ltr'><strong>τοῦ</strong></span> <span class='ocrx_word' id='word_1_288' title='bbox 498 2960 700 3002; x_wconf 73' lang='grc' dir='ltr'>κτᾶσθαι</span> <span class='ocrx_word' id='word_1_289' title='bbox 731 2956 761 3001; x_wconf 85' lang='lat' dir='ltr'><strong>i.</strong></span> <span class='ocrx_word' id='word_1_290' title='bbox 788 2972 828 3000; x_wconf 88' lang='lat' dir='ltr'><strong>e.</strong></span> <span class='ocrx_word' id='word_1_291' title='bbox 860 2971 1004 2999; x_wconf 88' lang='lat' dir='ltr'><strong>occu-</strong></span> 
     </span>
     <span class='ocr_line' id='line_1_50' title="bbox 138 3012 1005 3072; baseline -0.005 -13"><span class='ocrx_word' id='word_1_292' title='bbox 138 3016 241 3060; x_wconf 79' lang='lat' dir='ltr'><strong>andi</strong></span> <span class='ocrx_word' id='word_1_293' title='bbox 268 3016 310 3070; x_wconf 85' lang='lat' dir='ltr'><strong>(a</strong></span> <span class='ocrx_word' id='word_1_294' title='bbox 329 3016 596 3072; x_wconf 65' lang='lat' dir='ltr'><strong>posstdzre)</strong></span> <span class='ocrx_word' id='word_1_295' title='bbox 618 3015 763 3059; x_wconf 77' lang='lat' dir='ltr'><strong>rarius</strong></span> <span class='ocrx_word' id='word_1_296' title='bbox 782 3012 1005 3071; x_wconf 77' lang='lat' dir='ltr'><strong>exprimit.</strong></span> 
     </span>
     <span class='ocr_line' id='line_1_51' title="bbox 159 3069 1003 3130; baseline -0.004 -14"><span class='ocrx_word' id='word_1_297' title='bbox 159 3074 266 3117; x_wconf 81' lang='lat' dir='ltr'><strong>titur</strong></span> <span class='ocrx_word' id='word_1_298' title='bbox 308 3082 456 3118; x_wconf 77' lang='lat' dir='ltr'><strong>tamen</strong></span> <span class='ocrx_word' id='word_1_299' title='bbox 501 3090 556 3117; x_wconf 84' lang='lat' dir='ltr'><strong>eo</strong></span> <span class='ocrx_word' id='word_1_300' title='bbox 598 3070 848 3130; x_wconf 72' lang='lat' dir='ltr'><strong>significatu</strong></span> <span class='ocrx_word' id='word_1_301' title='bbox 887 3069 1003 3128; x_wconf 84' lang='lat' dir='ltr'><strong>apud</strong></span> 
     </span>
     <span class='ocr_line' id='line_1_52' title="bbox 108 3127 1005 3189; baseline -0.007 -12"><span class='ocrx_word' id='word_1_302' title='bbox 108 3131 325 3177; x_wconf 75' lang='lat' dir='ltr'><strong>Nostrum</strong></span> <span class='ocrx_word' id='word_1_303' title='bbox 371 3130 443 3174; x_wconf 80' lang='lat' dir='ltr'><strong>hic</strong></span> <span class='ocrx_word' id='word_1_304' title='bbox 496 3139 538 3174; x_wconf 91' lang='lat' dir='ltr'><strong>et</strong></span> <span class='ocrx_word' id='word_1_305' title='bbox 579 3130 736 3189; x_wconf 77' lang='lat' dir='ltr'><strong>Agric.</strong></span> <span class='ocrx_word' id='word_1_306' title='bbox 782 3145 825 3173; x_wconf 82' lang='lat' dir='ltr'><strong>c.</strong></span> <span class='ocrx_word' id='word_1_307' title='bbox 862 3127 930 3172; x_wconf 87' lang='lat'><strong>18.</strong></span> <span class='ocrx_word' id='word_1_308' title='bbox 981 3142 1005 3171; x_wconf 87' lang='lat' dir='ltr'><strong>e</strong></span> 
     </span>
     <span class='ocr_line' id='line_1_53' title="bbox 107 3184 1006 3248; baseline -0.004 -16"><span class='ocrx_word' id='word_1_309' title='bbox 107 3188 375 3248; x_wconf 71' lang='lat' dir='ltr'><strong>graecismo.</strong></span> <span class='ocrx_word' id='word_1_310' title='bbox 438 3187 551 3231; x_wconf 84' lang='lat' dir='ltr'><strong>Nam</strong></span> <span class='ocrx_word' id='word_1_311' title='bbox 585 3196 628 3232; x_wconf 89' lang='lat' dir='ltr'><strong>et</strong></span> <span class='ocrx_word' id='word_1_312' title='bbox 655 3190 811 3241; x_wconf 77' lang='grc' dir='ltr'>κτῆσις</span> <span class='ocrx_word' id='word_1_313' title='bbox 840 3184 1006 3243; x_wconf 80' lang='lat' dir='ltr'><strong>triplici</strong></span> 
     </span>
     <span class='ocr_line' id='line_1_54' title="bbox 107 3241 1003 3291; baseline -0.008 0"><span class='ocrx_word' id='word_1_314' title='bbox 107 3247 245 3291; x_wconf 88' lang='lat' dir='ltr'><strong>modo</strong></span> <span class='ocrx_word' id='word_1_315' title='bbox 279 3261 388 3289; x_wconf 72' lang='lat' dir='ltr'><strong>usur</strong></span> <span class='ocrx_word' id='word_1_316' title='bbox 419 3254 536 3291; x_wconf 82' lang='lat' dir='ltr'><strong>atur.</strong></span> <span class='ocrx_word' id='word_1_317' title='bbox 603 3245 675 3289; x_wconf 84' lang='lat' dir='ltr'><strong>Cf.</strong></span> <span class='ocrx_word' id='word_1_318' title='bbox 707 3246 831 3290; x_wconf 78' lang='lat' dir='ltr'><strong>Caes.</strong></span> <span class='ocrx_word' id='word_1_319' title='bbox 867 3243 919 3286; x_wconf 82' lang='grc' dir='ltr'><strong>Β.</strong></span> <span class='ocrx_word' id='word_1_320' title='bbox 946 3241 1003 3285; x_wconf 88' lang='lat' dir='ltr'><strong>G.</strong></span> 
     </span>
     <span class='ocr_line' id='line_1_55' title="bbox 107 3299 1005 3364; baseline -0.004 -16"><span class='ocrx_word' id='word_1_321' title='bbox 107 3305 152 3355; x_wconf 71' lang='lat'><strong>4,</strong></span> <span class='ocrx_word' id='word_1_322' title='bbox 171 3303 215 3347; x_wconf 89' lang='grc'><strong>7.</strong></span> <span class='ocrx_word' id='word_1_323' title='bbox 276 3302 373 3347; x_wconf 78' lang='lat' dir='ltr'><strong>Liv.</strong></span> <span class='ocrx_word' id='word_1_324' title='bbox 483 3302 557 3364; x_wconf 52' lang='grc' dir='ltr'><strong>βᾶ.</strong></span> <span class='ocrx_word' id='word_1_325' title='bbox 581 3310 622 3347; x_wconf 87' lang='lat' dir='ltr'><strong>et</strong></span> <span class='ocrx_word' id='word_1_326' title='bbox 643 3301 801 3356; x_wconf 54' lang='lat' dir='ltr'><strong>sunl.</strong></span> <span class='ocrx_word' id='word_1_327' title='bbox 857 3299 1005 3344; x_wconf 76' lang='lat' dir='ltr'><strong>Tacit.</strong></span> 
     </span>
     <span class='ocr_line' id='line_1_56' title="bbox 110 3357 1005 3418; baseline -0.006 -13"><span class='ocrx_word' id='word_1_328' title='bbox 110 3362 200 3405; x_wconf 82' lang='grc' dir='ltr'><strong>Αη.</strong></span> <span class='ocrx_word' id='word_1_329' title='bbox 227 3358 294 3410; x_wconf 80' lang='grc'><strong>14,</strong></span> <span class='ocrx_word' id='word_1_330' title='bbox 313 3362 384 3404; x_wconf 80' lang='grc'><strong>21.</strong></span> <span class='ocrx_word' id='word_1_331' title='bbox 403 3372 630 3418; x_wconf 69' lang='lat' dir='ltr'><strong>possessa</strong></span> <span class='ocrx_word' id='word_1_332' title='bbox 652 3361 856 3411; x_wconf 62' lang='lat' dir='ltr'><strong>Achaim</strong></span> <span class='ocrx_word' id='word_1_333' title='bbox 891 3357 1005 3401; x_wconf 69' lang='lat' dir='ltr'><strong>nist.</strong></span> 
     </span>
     <span class='ocr_line' id='line_1_57' title="bbox 108 3417 1003 3475; baseline -0.008 -11"><span class='ocrx_word' id='word_1_334' title='bbox 108 3417 152 3470; x_wconf 76' lang='grc'><strong>8,</strong></span> <span class='ocrx_word' id='word_1_335' title='bbox 171 3419 214 3462; x_wconf 90' lang='grc'><strong>8.</strong></span> <span class='ocrx_word' id='word_1_336' title='bbox 241 3423 463 3475; x_wconf 73' lang='lat' dir='ltr'><strong>possessa</strong></span> <span class='ocrx_word' id='word_1_337' title='bbox 494 3422 595 3474; x_wconf 69' lang='lat' dir='ltr'><strong>ipso</strong></span> <span class='ocrx_word' id='word_1_338' title='bbox 625 3419 834 3463; x_wconf 69' lang='lat' dir='ltr'><strong>transitu</strong></span> <span class='ocrx_word' id='word_1_339' title='bbox 866 3417 1003 3459; x_wconf 78' lang='lat' dir='ltr'><strong>Vice-</strong></span> 
     </span>
     <span class='ocr_line' id='line_1_58' title="bbox 111 3472 1005 3534; baseline -0.004 -15"><span class='ocrx_word' id='word_1_340' title='bbox 111 3478 196 3520; x_wconf 77' lang='lat' dir='ltr'><strong>tia.</strong></span> <span class='ocrx_word' id='word_1_341' title='bbox 268 3475 379 3520; x_wconf 80' lang='lat' dir='ltr'><strong>ibid.</strong></span> <span class='ocrx_word' id='word_1_342' title='bbox 412 3475 466 3529; x_wconf 74' lang='grc'><strong>5,</strong></span> <span class='ocrx_word' id='word_1_343' title='bbox 499 3475 569 3520; x_wconf 83' lang='grc'><strong>59.</strong></span> <span class='ocrx_word' id='word_1_344' title='bbox 641 3476 734 3520; x_wconf 85' lang='lat' dir='ltr'><strong>lam</strong></span> <span class='ocrx_word' id='word_1_345' title='bbox 778 3472 1005 3534; x_wconf 73' lang='lat' dir='ltr'><strong>possidere</strong></span> 
     </span>
     <span class='ocr_line' id='line_1_59' title="bbox 111 3533 1005 3591; baseline -0.006 -13"><span class='ocrx_word' id='word_1_346' title='bbox 111 3533 264 3578; x_wconf 81' lang='lat' dir='ltr'><strong>locum</strong></span> <span class='ocrx_word' id='word_1_347' title='bbox 293 3549 423 3578; x_wconf 72' lang='lat' dir='ltr'><strong>sensu</strong></span> <span class='ocrx_word' id='word_1_348' title='bbox 456 3533 637 3579; x_wconf 75' lang='lat' dir='ltr'><strong>militari</strong></span> <span class='ocrx_word' id='word_1_349' title='bbox 670 3540 736 3576; x_wconf 76' lang='lat' dir='ltr'><strong>est</strong></span> <span class='ocrx_word' id='word_1_350' title='bbox 768 3545 1005 3591; x_wconf 80' lang='lat' dir='ltr'><strong>occupare,</strong></span> 
     </span>
     <span class='ocr_line' id='line_1_60' title="bbox 109 3589 1004 3639; baseline -0.007 -4"><span class='ocrx_word' id='word_1_351' title='bbox 109 3599 160 3635; x_wconf 86' lang='lat' dir='ltr'><strong>ut</strong></span> <span class='ocrx_word' id='word_1_352' title='bbox 190 3599 394 3635; x_wconf 84' lang='lat' dir='ltr'><strong>teneatur</strong></span> <span class='ocrx_word' id='word_1_353' title='bbox 427 3591 482 3637; x_wconf 86' lang='lat' dir='ltr'><strong>ad</strong></span> <span class='ocrx_word' id='word_1_354' title='bbox 506 3606 610 3636; x_wconf 80' lang='lat' dir='ltr'><strong>usus</strong></span> <span class='ocrx_word' id='word_1_355' title='bbox 630 3589 870 3639; x_wconf 79' lang='lat' dir='ltr'><strong>militares,</strong></span> <span class='ocrx_word' id='word_1_356' title='bbox 908 3603 1004 3631; x_wconf 85' lang='lat' dir='ltr'><strong>non</strong></span> 
     </span>
     <span class='ocr_line' id='line_1_61' title="bbox 109 3645 1003 3704; baseline -0.007 -10"><span class='ocrx_word' id='word_1_357' title='bbox 109 3647 164 3694; x_wconf 71' lang='lat' dir='ltr'><strong>ad</strong></span> <span class='ocrx_word' id='word_1_358' title='bbox 195 3648 506 3694; x_wconf 79' lang='lat' dir='ltr'><strong>incolendum.</strong></span> <span class='ocrx_word' id='word_1_359' title='bbox 588 3649 813 3704; x_wconf 69' lang='lat' dir='ltr'><strong>Ignotum</strong></span> <span class='ocrx_word' id='word_1_360' title='bbox 853 3645 1003 3690; x_wconf 70' lang='lat' dir='ltr'><strong>hosti·</strong></span> 
     </span>
    </p>
   </div>
   <div class='ocr_carea' id='block_1_16' title="bbox 1074 2775 1975 3702">
    <p class='ocr_par' dir='ltr' id='par_1_16' title="bbox 1074 2775 1975 3702">
     <span class='ocr_line' id='line_1_62' title="bbox 1074 2775 1973 2823; baseline 0.006 -4"><span class='ocrx_word' id='word_1_361' title='bbox 1074 2775 1285 2820; x_wconf 82' lang='lat' dir='ltr'><strong>Broterio</strong></span> <span class='ocrx_word' id='word_1_362' title='bbox 1320 2775 1442 2819; x_wconf 82' lang='lat' dir='ltr'><strong>dedit</strong></span> <span class='ocrx_word' id='word_1_363' title='bbox 1470 2775 1688 2820; x_wconf 76' lang='lat' dir='ltr'><strong>Woifius</strong></span> <span class='ocrx_word' id='word_1_364' title='bbox 1720 2792 1772 2820; x_wconf 86' lang='lat' dir='ltr'><strong>ex</strong></span> <span class='ocrx_word' id='word_1_365' title='bbox 1813 2779 1973 2823; x_wconf 86' lang='lat' dir='ltr'><strong>conie-</strong></span> 
     </span>
     <span class='ocr_line' id='line_1_63' title="bbox 1076 2831 1975 2892; baseline 0.006 -15"><span class='ocrx_word' id='word_1_366' title='bbox 1076 2843 1203 2879; x_wconf 88' lang='lat' dir='ltr'><strong>ctura</strong></span> <span class='ocrx_word' id='word_1_367' title='bbox 1226 2831 1383 2876; x_wconf 83' lang='lat' dir='ltr'><strong>Ursini</strong></span> <span class='ocrx_word' id='word_1_368' title='bbox 1400 2864 1413 2881; x_wconf 86' lang='lat'>,</span> <span class='ocrx_word' id='word_1_369' title='bbox 1445 2834 1516 2877; x_wconf 87' lang='lat' dir='ltr'><strong>cui</strong></span> <span class='ocrx_word' id='word_1_370' title='bbox 1539 2842 1581 2876; x_wconf 84' lang='lat' dir='ltr'><strong>et</strong></span> <span class='ocrx_word' id='word_1_371' title='bbox 1593 2831 1810 2892; x_wconf 76' lang='lat' dir='ltr'><strong>Ryekius··</strong></span> <span class='ocrx_word' id='word_1_372' title='bbox 1848 2844 1975 2882; x_wconf 84' lang='lat' dir='ltr'><strong>atro·</strong></span> 
     </span>
     <span class='ocr_line' id='line_1_64' title="bbox 1076 2890 1975 2949; baseline 0.004 -14"><span class='ocrx_word' id='word_1_373' title='bbox 1076 2891 1328 2936; x_wconf 77' lang='lat' dir='ltr'><strong>cinabatur.</strong></span> <span class='ocrx_word' id='word_1_374' title='bbox 1390 2890 1521 2935; x_wconf 82' lang='lat' dir='ltr'><strong>Prius</strong></span> <span class='ocrx_word' id='word_1_375' title='bbox 1547 2890 1776 2948; x_wconf 74' lang='lat' dir='ltr'><strong>legebatur</strong></span> <span class='ocrx_word' id='word_1_376' title='bbox 1827 2896 1975 2949; x_wconf 71' lang='lat' dir='ltr'><strong>antio,</strong></span> 
     </span>
     <span class='ocr_line' id='line_1_65' title="bbox 1107 2947 1974 3012; baseline 0.008 -21"><span class='ocrx_word' id='word_1_377' title='bbox 1107 2947 1199 2991; x_wconf 89' lang='lat' dir='ltr'><strong>uod</strong></span> <span class='ocrx_word' id='word_1_378' title='bbox 1214 2948 1334 2991; x_wconf 72' lang='lat' dir='ltr'><strong>viros</strong></span> <span class='ocrx_word' id='word_1_379' title='bbox 1349 2947 1506 2992; x_wconf 75' lang='lat' dir='ltr'><strong>doctos</strong></span> <span class='ocrx_word' id='word_1_380' title='bbox 1522 2948 1711 2993; x_wconf 79' lang='lat' dir='ltr'><strong>offendit</strong></span> <span class='ocrx_word' id='word_1_381' title='bbox 1724 2957 1768 2993; x_wconf 88' lang='lat' dir='ltr'><strong>et</strong></span> <span class='ocrx_word' id='word_1_382' title='bbox 1785 2961 1974 3012; x_wconf 86' lang='lat' dir='ltr'><strong>propter</strong></span> 
     </span>
     <span class='ocr_line' id='line_1_66' title="bbox 1076 2965 1973 3069; baseline 0.003 -19"><span class='ocrx_word' id='word_1_383' title='bbox 1076 2965 1304 3050; x_wconf 60' lang='lat' dir='ltr'><strong>defectum</strong></span> <span class='ocrx_word' id='word_1_384' title='bbox 1350 3006 1659 3063; x_wconf 80' lang='lat' dir='ltr'><strong>praenominis</strong></span> <span class='ocrx_word' id='word_1_385' title='bbox 1698 3015 1742 3052; x_wconf 83' lang='lat' dir='ltr'><strong>et</strong></span> <span class='ocrx_word' id='word_1_386' title='bbox 1782 3017 1973 3069; x_wconf 81' lang='lat' dir='ltr'><strong>propter</strong></span> 
     </span>
     <span class='ocr_line' id='line_1_67' title="bbox 1075 3062 1974 3128; baseline 0.006 -20"><span class='ocrx_word' id='word_1_387' title='bbox 1075 3062 1275 3108; x_wconf 79' lang='lat' dir='ltr'><strong>nominis</strong></span> <span class='ocrx_word' id='word_1_388' title='bbox 1306 3063 1642 3108; x_wconf 80' lang='lat' dir='ltr'><strong>obscuritatem.</strong></span> <span class='ocrx_word' id='word_1_389' title='bbox 1702 3065 1805 3111; x_wconf 84' lang='lat' dir='ltr'><strong>Levi</strong></span> <span class='ocrx_word' id='word_1_390' title='bbox 1834 3067 1974 3128; x_wconf 81' lang='lat' dir='ltr'><strong>igitur</strong></span> 
     </span>
     <span class='ocr_line' id='line_1_68' title="bbox 1076 3121 1968 3174; baseline 0.007 -9"><span class='ocrx_word' id='word_1_391' title='bbox 1076 3121 1323 3165; x_wconf 79' lang='lat' dir='ltr'><strong>mutatione</strong></span> <span class='ocrx_word' id='word_1_392' title='bbox 1347 3128 1560 3174; x_wconf 84' lang='lat' dir='ltr'><strong>utuntur,</strong></span> <span class='ocrx_word' id='word_1_393' title='bbox 1592 3130 1642 3166; x_wconf 89' lang='grc' dir='ltr'><strong>ιιι</strong></span> <span class='ocrx_word' id='word_1_394' title='bbox 1666 3122 1858 3169; x_wconf 78' lang='lat' dir='ltr'><strong>babeant</strong></span> <span class='ocrx_word' id='word_1_395' title='bbox 1881 3142 1968 3170; x_wconf 91' lang='lat' dir='ltr'><strong>no-</strong></span> 
     </span>
     <span class='ocr_line' id='line_1_69' title="bbox 1074 3178 1975 3239; baseline 0.006 -16"><span class='ocrx_word' id='word_1_396' title='bbox 1074 3194 1180 3223; x_wconf 86' lang='lat' dir='ltr'><strong>men</strong></span> <span class='ocrx_word' id='word_1_397' title='bbox 1214 3178 1262 3222; x_wconf 88' lang='lat' dir='ltr'><strong>in</strong></span> <span class='ocrx_word' id='word_1_398' title='bbox 1291 3179 1424 3223; x_wconf 80' lang='lat' dir='ltr'><strong>inseri</strong></span> <span class='ocrx_word' id='word_1_399' title='bbox 1465 3178 1660 3225; x_wconf 87' lang='lat' dir='ltr'><strong>tionibus</strong></span> <span class='ocrx_word' id='word_1_400' title='bbox 1682 3183 1975 3239; x_wconf 77' lang='lat' dir='ltr'><strong>nummisque</strong></span> 
     </span>
     <span class='ocr_line' id='line_1_70' title="bbox 1077 3235 1975 3286; baseline 0.008 -7"><span class='ocrx_word' id='word_1_401' title='bbox 1077 3235 1277 3282; x_wconf 80' lang='lat' dir='ltr'><strong>obvium.</strong></span> <span class='ocrx_word' id='word_1_402' title='bbox 1326 3237 1383 3281; x_wconf 74' lang='lat' dir='ltr'><strong>ef.</strong></span> <span class='ocrx_word' id='word_1_403' title='bbox 1455 3237 1683 3284; x_wconf 60' lang='grc' dir='ltr'><strong>ναίει-Ὅ.</strong></span> <span class='ocrx_word' id='word_1_404' title='bbox 1713 3255 1784 3283; x_wconf 84' lang='lat' dir='ltr'><strong>nr.</strong></span> <span class='ocrx_word' id='word_1_405' title='bbox 1806 3240 1850 3286; x_wconf 89' lang='lat'><strong>9.</strong></span> <span class='ocrx_word' id='word_1_406' title='bbox 1909 3243 1975 3286; x_wconf 77' lang='lat' dir='ltr'><strong>At</strong></span> 
     </span>
     <span class='ocr_line' id='line_1_71' title="bbox 1077 3294 1972 3365; baseline 0.007 -27"><span class='ocrx_word' id='word_1_407' title='bbox 1077 3295 1132 3338; x_wconf 83' lang='lat' dir='ltr'><strong>de</strong></span> <span class='ocrx_word' id='word_1_408' title='bbox 1165 3294 1263 3352; x_wconf 76' lang='lat' dir='ltr'><strong>ipso</strong></span> <span class='ocrx_word' id='word_1_409' title='bbox 1295 3294 1393 3338; x_wconf 80' lang='lat' dir='ltr'><strong>viro</strong></span> <span class='ocrx_word' id='word_1_410' title='bbox 1426 3309 1566 3365; x_wconf 74' lang='lat' dir='ltr'><strong>aeque</strong></span> <span class='ocrx_word' id='word_1_411' title='bbox 1601 3307 1761 3355; x_wconf 86' lang='lat' dir='ltr'><strong>parum</strong></span> <span class='ocrx_word' id='word_1_412' title='bbox 1793 3307 1972 3344; x_wconf 82' lang='lat' dir='ltr'><strong>constat</strong></span> 
     </span>
     <span class='ocr_line' id='line_1_72' title="bbox 1076 3352 1971 3410; baseline 0.007 -14"><span class='ocrx_word' id='word_1_413' title='bbox 1076 3358 1208 3410; x_wconf 82' lang='lat' dir='ltr'><strong>atque</strong></span> <span class='ocrx_word' id='word_1_414' title='bbox 1258 3352 1314 3397; x_wconf 90' lang='lat' dir='ltr'><strong>de</strong></span> <span class='ocrx_word' id='word_1_415' title='bbox 1358 3352 1541 3398; x_wconf 77' lang='lat' dir='ltr'><strong>Canem.</strong></span> <span class='ocrx_word' id='word_1_416' title='bbox 1619 3353 1709 3399; x_wconf 77' lang='lat' dir='ltr'><strong>Ani</strong></span> <span class='ocrx_word' id='word_1_417' title='bbox 1754 3356 1971 3402; x_wconf 68' lang='lat' dir='ltr'><strong>audacius</strong></span> 
     </span>
     <span class='ocr_line' id='line_1_73' title="bbox 1077 3410 1972 3470; baseline 0.008 -19"><span class='ocrx_word' id='word_1_418' title='bbox 1077 3410 1486 3470; x_wconf 80' lang='lat' dir='ltr'><strong>progrediuntnrin</strong></span> <span class='ocrx_word' id='word_1_419' title='bbox 1503 3411 1807 3457; x_wconf 79' lang='lat' dir='ltr'><strong>coniecturas:</strong></span> <span class='ocrx_word' id='word_1_420' title='bbox 1825 3410 1972 3458; x_wconf 76' lang='lat' dir='ltr'><strong>Scan-</strong></span> 
     </span>
     <span class='ocr_line' id='line_1_74' title="bbox 1078 3467 1970 3523; baseline 0.007 -14"><span class='ocrx_word' id='word_1_421' title='bbox 1078 3469 1168 3519; x_wconf 77' lang='lat' dir='ltr'><strong>!u&#39;o,</strong></span> <span class='ocrx_word' id='word_1_422' title='bbox 1199 3477 1247 3512; x_wconf 86' lang='lat' dir='ltr'><strong>ut</strong></span> <span class='ocrx_word' id='word_1_423' title='bbox 1269 3468 1318 3513; x_wconf 83' lang='lat' dir='ltr'><strong>Li</strong></span> <span class='ocrx_word' id='word_1_424' title='bbox 1351 3467 1468 3523; x_wconf 62' lang='lat' dir='ltr'><strong>siun</strong></span> <span class='ocrx_word' id='word_1_425' title='bbox 1510 3469 1733 3523; x_wconf 74' lang='lat' dir='ltr'><strong>canutio,</strong></span> <span class='ocrx_word' id='word_1_426' title='bbox 1765 3470 1970 3515; x_wconf 83' lang='lat' dir='ltr'><strong>Calven-</strong></span> 
     </span>
     <span class='ocr_line' id='line_1_75' title="bbox 1078 3524 1968 3582; baseline 0.008 -15"><span class='ocrx_word' id='word_1_427' title='bbox 1078 3526 1168 3578; x_wconf 75' lang='lat' dir='ltr'><strong>tio,</strong></span> <span class='ocrx_word' id='word_1_428' title='bbox 1205 3524 1319 3570; x_wconf 74' lang='lat' dir='ltr'><strong>Calv</strong></span> <span class='ocrx_word' id='word_1_429' title='bbox 1337 3527 1431 3577; x_wconf 73' lang='grc' dir='ltr'><strong>ιίο,</strong></span> <span class='ocrx_word' id='word_1_430' title='bbox 1454 3535 1506 3572; x_wconf 90' lang='grc' dir='ltr'><strong>ιιι</strong></span> <span class='ocrx_word' id='word_1_431' title='bbox 1522 3526 1760 3582; x_wconf 49' lang='lat' dir='ltr'><strong>Aurelium</strong></span> <span class='ocrx_word' id='word_1_432' title='bbox 1789 3526 1968 3580; x_wconf 74' lang='lat' dir='ltr'><strong>Sentio,</strong></span> 
     </span>
     <span class='ocr_line' id='line_1_76' title="bbox 1077 3582 1968 3632; baseline 0.006 -5"><span class='ocrx_word' id='word_1_433' title='bbox 1077 3592 1126 3627; x_wconf 89' lang='grc' dir='ltr'><strong>ιιι</strong></span> <span class='ocrx_word' id='word_1_434' title='bbox 1167 3582 1516 3631; x_wconf 70' lang='lat' dir='ltr'><strong>Freinshemius.</strong></span> <span class='ocrx_word' id='word_1_435' title='bbox 1592 3583 1650 3628; x_wconf 88' lang='lat' dir='ltr'><strong>Et</strong></span> <span class='ocrx_word' id='word_1_436' title='bbox 1683 3584 1758 3631; x_wconf 86' lang='lat' dir='ltr'><strong>hic</strong></span> <span class='ocrx_word' id='word_1_437' title='bbox 1793 3586 1968 3632; x_wconf 76' lang='lat' dir='ltr'><strong>veritati</strong></span> 
     </span>
     <span class='ocr_line' id='line_1_77' title="bbox 1079 3641 1965 3702; baseline 0.007 -17"><span class='ocrx_word' id='word_1_438' title='bbox 1079 3641 1282 3688; x_wconf 86' lang='lat' dir='ltr'><strong>omnium</strong></span> <span class='ocrx_word' id='word_1_439' title='bbox 1337 3642 1570 3702; x_wconf 74' lang='lat' dir='ltr'><strong>proximus</strong></span> <span class='ocrx_word' id='word_1_440' title='bbox 1621 3642 1799 3689; x_wconf 75' lang='lat' dir='ltr'><strong>videtur</strong></span> <span class='ocrx_word' id='word_1_441' title='bbox 1855 3659 1965 3691; x_wconf 74' lang='lat' dir='ltr'><strong>esse·</strong></span> 
     </span>
    </p>
   </div>
  </div>
 </body>
</html>
