2222 4030
323 194 446 253 386
986 179 1499 283 ANNALIUM
1876 177 2098 262 2:373.-

327 320 608 399 ,‚quirere
644 316 970 388 inlicitum,
1024 336 1264 392 anceps:
1329 335 1439 372 nec
1474 314 1608 371 ideo
1653 315 2018 395 adsequare.
2084 314 2175 373 Ne

325 453 361 478 „
377 406 472 466 .P.
495 403 560 464 C.
582 404 863 462 ultimum
886 402 1087 461 Seiani
1111 403 1298 468 diem,
1338 401 1440 456 sed
1466 400 1719 456 sedecim
1745 414 1933 475 annos
1958 403 2177 475 cogita-

324 491 591 562 ‚,veritis.
691 489 867 545 etiam
901 487 1163 550 Satrium
1206 496 1379 560 atque
1415 483 1816 561 Pomponium
1853 487 2178 544 veneraba-

326 624 360 647 „
372 597 535 632 mur:
582 574 813 631 libertis
839 592 1072 650 quoque
1102 592 1166 626 ac
1190 570 1544 627 ianitoribus
1573 571 1698 627 eius
1732 583 2030 628 notescere
2064 591 2173 647 pro

329 661 686 734 „magnifico
724 659 1132 734 accipiebatur.
1220 653 1384 727 Quid
1424 656 1600 730 ergo?
1652 655 1993 713 indistincta
2031 653 2176 712 haec

327 745 636 817 „defensio
679 756 739 802 et
774 743 1108 819 promiscua
1143 740 1422 797 dabitur?
1483 741 1664 798 immo
1703 743 1872 799 iustis
1907 741 2176 798 terminis

326 877 361 902 „
374 832 692 890 dividatur.
778 828 1025 884 insidiae
1061 825 1129 880 in
1163 845 1290 882 rem
1324 827 1656 900 publicam,
1703 827 1946 884 consilia
1985 827 2178 884 caedis

325 917 687 987 „adversum
713 915 1127 989 imperatorem
1149 910 1503 987 puniantur:
1549 912 1623 967 de
1661 913 1918 968 amicitia
1954 923 2011 969 et
2045 912 2179 968 offi-

319 1003 475 1072 „ciis
499 1002 658 1058 idem
682 1000 816 1056 finis
847 1010 902 1054 et
926 1008 1013 1066 te,
1053 993 1299 1065 Caesar,
1342 1007 1399 1052 et
1423 1012 1534 1057 nos
1557 997 1891 1055 absolverit.
1905 996 1934 1017 '⁹

404 1101 410 1109 ’
490 1083 596 1146 ΙΧ.
638 1082 983 1143 Constantia
1007 1081 1322 1151 orationiS‚
1363 1093 1418 1138 et
1440 1082 1579 1158 quia
1615 1094 1882 1158 repertus
1915 1093 2038 1139 erat
2074 1081 2180 1158 qui

321 1172 581 1241 efferret,
620 1189 768 1246 quae
795 1187 999 1224 omnes
1021 1166 1220 1223 animo
1247 1167 1575 1240 agitabant,
1617 1188 1683 1224 eo
1709 1188 1894 1244 usque
1917 1178 2179 1242 potuere,

318 1270 389 1315 ut
416 1268 774 1332 accusatores
804 1253 956 1322 eiuS‚
1014 1253 1229 1309 additis
1264 1272 1413 1328 quae
1449 1265 1583 1310 ante
1619 1253 2022 1329 deliquerant,
2077 1266 2178 1308 ex-

319 1343 452 1399 silio
506 1353 604 1397 aut
649 1333 840 1397 morte
890 1337 1303 1397 multarentur.
1402 1337 1646 1396 Secutae
1690 1334 1906 1395 dehinc
1946 1336 2179 1394 Tiberii

319 1428 548 1485 litterae
574 1426 639 1481 in
664 1423 796 1483 Sex,
812 1422 1130 1480 Vestilium
1154 1424 1544 1499 praetorium,
1589 1446 1764 1504 quem
1786 1422 1982 1481 Druso
2006 1423 2176 1480 fratri

314 1532 622 1588 percarum
649 1511 713 1565 in
750 1505 1054 1566 cohortem
1087 1527 1254 1566 suam
1290 1508 1687 1570 transtulerat.
1776 1529 1946 1567 causa
1984 1509 2176 1565 offen-

313 1598 496 1654 sionis
514 1595 571 1650 V
574 1596 763 1652 estilio
790 1595 934 1663 fuit,
978 1614 1081 1651 seu
1108 1607 1516 1669 composuerat
1542 1596 1830 1673 quaedam
1855 1595 1920 1650 in
1944 1592 2009 1653 C.
2025 1593 2176 1652 Cae-

316 1702 506 1739 sarem
535 1692 603 1738 ut
633 1680 1029 1756 impudicum,
1072 1679 1193 1737 sive
1229 1680 1361 1738 ficto
1397 1678 1602 1739 habita
1640 1681 1802 1740 fides.
1889 1671 2062 1758 atque
2097 1681 2175 1736 ob

366 1861 452 1889 nec
482 1847 585 1888 ideo
613 1848 891 1902 adsequare.
950 1844 1008 1888 H.
1034 1861 1074 1888 e.
1105 1844 1210 1890 licet
1337 1849 1383 1890 in
1413 1851 1650 1892 cohor-tem
1685 1862 1839 1891 suom.
1899 1844 2041 1890 intell.
2073 1845 2182 1891 ami-

310 1904 528 1947 inlicitam
556 1904 677 1946 illam
703 1913 745 1946 et
769 1903 1008 1962 ancipitem
1029 1912 1209 1946 scruta-
1280 1921 1456 1962 corum.
1490 1907 1550 1952 cf.
1575 1915 1671 1950 not.
1698 1906 1752 1950 ad
1779 1907 1815 1958 1,
1836 1905 1908 1948 29.
1947 1902 1951 1906 ’

310 1961 482 2004 tionem
520 1960 750 2010 instituas,
801 1960 903 2003 ideo
941 1977 1035 2003 non
1076 1961 1208 2004 adse·
1909 1958 1914 1968 '
1960 1969 1962 1971 ’

310 2035 463 2076 quare.
535 2017 779 2075 Perperarn
816 2017 1023 2061 Heinsius
1067 2019 1205 2062 corri-
1335 2031 1419 2061 seu
1448 2026 1790 2072 composuerat.
1852 2015 2176 2074 Wopkensius

342 2078 396 2119 it:
428 2091 509 2118 nec
539 2080 676 2118 adeo.
737 2075 847 2118 Mox
878 2078 1076 2118 sedecim
1100 2077 1204 2120 cod.
1277 2075 1531 2133 suspicatur
1544 2076 1750 2119 Tacitum
1771 2074 2026 2134 scripsisse:
2055 2077 2178 2129 quod

367 2133 412 2177 S.
447 2132 547 2175 edd.
586 2131 671 2177 Iac.
716 2131 924 2177 Gronov.
952 2149 1052 2192 sqq.
1091 2149 1209 2176 sex-
1282 2140 1610 2187 composuerat
1623 2151 1639 2186 ;
1695 2149 1801 2176 nam
1843 2146 1926 2176 seu
1969 2147 2054 2190 pro
2095 2145 2180 2175 seu

311 2191 460 2232 decim
486 2189 584 2231 edd.
608 2189 711 2233 Ber.
739 2206 835 2247 sqq.
1282 2195 1406 2246 quod
1430 2191 1510 2248 ipsi
1531 2191 1692 2234 durior
1713 2190 1894 2236 videtur
1911 2188 2089 2232 dicendi
2112 2203 2180 2232 ra·

367 2247 599 2291 Satrium.
662 2247 718 2289 cf.
751 2249 790 2298 4,
821 2247 889 2290 34.
925 2248 1003 2290 ubi
1037 2248 1210 2292 Satrius
1281 2248 1361 2292 tio.
1397 2247 1512 2291 Sane
1531 2249 1663 2292 habet
1676 2249 1841 2292 Noster
1858 2247 1959 2291 sive
1979 2251 2178 2303 quod-—

310 2303 546 2349 Secundus
559 2303 706 2346 Seiani
725 2305 860 2347 cliens
877 2305 1065 2356 dicitur;
1089 2305 1207 2350 idem
1280 2310 1378 2349 sive
1409 2331 1466 2340 —-
1502 2306 1609 2350 infr.
1638 2308 1706 2355 12,
1729 2306 1799 2350 38.
1861 2304 1951 2349 Sed
1983 2304 2176 2348 multum

309 2371 462 2429 postea
487 2360 809 2404 coniurationis
832 2361 962 2404 index
997 2361 1116 2406 suit.‘
1145 2363 1206 2408 cf.
1279 2363 1466 2407 interest
1486 2364 1603 2407 inter
1625 2373 1860 2423 utramque
1889 2362 2182 2407 locutionem.
2216 2379 2222 2387 ⁴

309 2420 418 2462 Infr-
444 2435 484 2461 c·
513 2417 587 2460 47-
1134 2421 1137 2425 ¹
1279 2423 1327 2466 Si
1359 2422 1542 2465 scribis:
1598 2426 1723 2478 quod
1751 2424 2078 2476 'composuerat
2111 2419 2178 2463 vel
2219 2455 2222 2462 .

368 2475 696 2529 Pomponium.
767 2475 849 2519 cf.·
866 2477 906 2526 5,
947 2476 989 2520 8.
1033 2475 1208 2534 Lipsius
1277 2496 1357 2523 seu
1392 2483 1515 2533 quod
1544 2487 1898 2534 composuerat,
1929 2486 2026 2520 tum
2049 2477 2178 2521 adfir-

309 2533 514 2591 intelligit
550 2531 608 2590 Q.
641 2533 975 2588 Pomponium,
1028 2535 1082 2577 de
1111 2549 1206 2592 'quo
1277 2535 1533 2580 'masillum
1558 2537 1888 2593 composuisse,
1928 2535 2065 2592 idque
2093 2548 2173 2578 so-

309 2591 413 2634 infr.
454 2607 490 2635 e.
527 2591 594 2633 18.
667 2589 754 2633 Sed
791 2589 1100 2649 Pomponium
1132 2592 1208 2634 Se·
1277 2596 1372 2638 lum
1401 2594 1446 2634 in
1469 2592 1605 2636 dubio
1627 2592 1867 2652 relinquis,
1901 2601 2054 2634 utrum
2086 2591 2175 2636 hoc

310 2648 507 2691 cundum
538 2647 687 2690 Seiani
718 2648 916 2691 amicum
950 2648 1084 2692 fuisse
1118 2650 1209 2693 sci-
1278 2669 1335 2695 an
1357 2650 1466 2692 illud
1488 2665 1570 2706 pro
1595 2667 1724 2694 causa
1748 2649 2005 2693 offensionis
2025 2649 2079 2691 sit
2101 2648 2174 2692 ha·
2218 2668 2219 2671 ¹

308 2721 410 2748 mus
433 2722 455 2747 e
481 2704 583 2749 loco
606 2705 646 2753 5,
668 2705 719 2758 8;
750 2705 804 2748 de
830 2704 1006 2761 Quinto
1031 2705 1097 2748 nil
1121 2706 1207 2750 tale
1278 2708 1502 2751 bendum:
1557 2712 1668 2765 thae
1709 2709 1822 2750 ratio
1857 2709 1910 2750 ab
1949 2704 2038 2749 hoc
2071 2705 2174 2749 loco
2206 2734 2210 2740 .

311 2763 524 2805 innotuit.
1278 2775 1343 2809 est
1370 2763 1532 2815 alien‘a,
1562 2766 1746 2823 pro'pria
1769 2765 1873 2808 loco
1900 2765 1966 2816 12,
1985 2762 2056 2808 88.
2091 2762 2174 2807 Sin
2205 2787 2222 2817 ,μ

365 2820 542 2862 libertis
587 2834 765 2876 quoque
815 2835 871 2863 oc
923 2821 1205 2864 ianitoribus
1278 2823 1386 2866 dicis
1403 2833 1433 2865 ε·
1456 2837 1542 2864 seu
1564 2830 1914 2876 composuerat,
1946 2822 2042 2866 sive
2057 2822 2175 2878 ficto
2196 2855 2213 2879 „

308 2886 395 2922 etc.
473 2877 566 2920 Dio
600 2877 668 2925 58,
703 2879 743 2920 5.
794 2879 1003 2922 σπουδαί
1039 2894 1088 2922 τε
1127 2881 1204 2921 καὶ
1277 2890 1362 2924 etc.
1394 2889 1492 2922 tum
1514 2880 1701 2924 dubium
1725 2897 1819 2923 esse
1843 2879 1979 2927 dicis,
2018 2887 2172 2921 utrum

310 2934 513 2992 ὠθισμοὶ
535 2936 641 2994 περὶ
662 2933 743 2984 τὰς
764 2932 912 2992 θύρας
935 2935 1080 2980 αὐτοῦ
1102 2937 1204 2993 ἑγί-
1276 2939 1583 2996 composuerit
1604 2937 1678 2980 ille
1700 2937 1918 2994 quaedam
1940 2938 1986 2980 in
2003 2934 2172 2980 C.Cae-

308 3006 477 3050 γνοντο
520 2993 571 3036 ἐκ
608 2994 691 3035 τοῦ
738 2993 968 3049 δεδιέναι,
1011 2993 1079 3052 μὴ
1110 2993 1206 3051 μό-
1275 3011 1436 3046 sarem,
1463 3011 1520 3037 an
1543 2995 1646 3037 ficto
1668 2994 1816 3038 habita
1840 2995 1895 3037 sit
1918 2994 2042 3040 fides.
2069 3010 2170 3037 cau·

303 3049 394 3094 ’νον
422 3049 483 3108 μὴ
518 3049 602 3093 οὐκ
635 3049 765 3111 ὀφθῇ
784 3068 862 3120 ’τις
895 3051 1047 3107 αὐτῷ,
1090 3051 1206 3098 ἀλλὰ
1277 3069 1369 3095 sam
1395 3069 1503 3095 vero
1528 3052 1628 3094 inde
1656 3068 1748 3094 esse
1771 3052 2027 3109 repetitam,
2050 3051 2171 3110 quod

306 3106 373 3167 μὴ
392 3111 472 3151 καὶ
493 3109 543 3152 ἔν
562 3113 657 3156 τοῖς
680 3107 892 3158 ὑστατοις
915 3114 1056 3168 φανῇ.
1278 3110 1583 3168 'composuisse
1605 3109 1896 3153 incusaretur.
1958 3109 2056 3152 Hoc
2088 3107 2171 3151 sibi
2201 3110 2222 3153 ἱ

327 3196 329 3198 -
367 3167 480 3210 CAP'.
513 3166 556 3208 9.
600 3169 931 3211 multarentur.
993 3167 1070 3212 Sic
1103 3168 1204 3212 edd.
1278 3169 1370 3210 vult
1421 3167 1618 3210 Tacitus.
1710 3166 1919 3210 Ceterum
1974 3165 2170 3208 formula

307 3221 516 3267 Beroald.
542 3222 642 3267 Alc.
679 3233 721 3266 et
758 3226 1031 3269 recentiores
1055 3225 1158 3267 inde
1182 3242 1206 3268 a
1279 3228 1375 3267 sive
1405 3249 1461 3257 —
1491 3227 1584 3267 siue
1615 3248 1700 3272 -‚
1771 3225 1837 3267 vel
1876 3240 1957 3267 seu
1987 3251 2044 3259 --
2074 3237 2168 3271 seu,

308 3280 427 3338 Lips.
475 3280 634 3338 prima.
712 3281 826 3324 Edd.
862 3282 1064 3326 Rhenan.
1100 3283 1203 3325 Ald.
1278 3284 1348 3326 vel
1370 3284 1468 3326 slve
1489 3308 1542 3316 —
1565 3297 1670 3336 seu,
1705 3282 1775 3325 vel
1799 3282 1990 3339 denique
2011 3296 2171 3324 seu—
2204 3307 2222 3337 ‚.-

310 3341 667 3380 mulctarentur.
701 3338 761 3381 cf.
787 3349 882 3382 not.
904 3340 962 3382 'ad
987 3342 1024 3389 1,
1042 3341 1113 3382 77.
1273 3342 1366 3382 sive
1411 3365 1463 3373 —-
1520 3349 1666 3383 exacte
1705 3340 1946 3396 respondet
1987 3353 2170 3398 graecae
2216 3391 2217 3395 Ἰ

362 3404 627 3449 percarum.
689 3394 763 3439 Sic
790 3397 890 3439 edd.
920 3398 1125 3440 Beroald.
1161 3405 1204 3440 et
1275 3399 1377 3442 voci
1416 3400 1504 3441 εἴτε
1534 3419 1587 3430 -
1619 3401 1723 3440 εἴτε.
1786 3397 1847 3441 cf.
1873 3397 1937 3444 12,
1961 3398 2003 3440 8.
2038 3397 2166 3447 1,10.

307 3454 802 3507 recentt.percharum
831 3454 931 3498 edd.
959 3454 1062 3499 Alc.
1089 3455 1202 3498 Rhe·
1276 3458 1316 3506 1,
1364 3456 1473 3500 60..
1532 3453 1688 3498 Germ.
1744 3471 1784 3499 c.
1837 3454 1908 3498 34.
1989 3453 2169 3512 Legitur
2214 3518 2216 3521 v

311 3526 417 3553 nan.
1275 3513 1409 3556 etiam
1431 3514 1529 3557 sive
1554 3537 1610 3546 ——
1641 3529 1732 3560 an,
1778 3513 1837 3558 cf.
1863 3516 1930 3563 11,
1952 3513 2024 3556 26.
