2222 4030
262 183 393 224 xxx
889 160 1491 228 PRAEFATIO.

264 296 448 352 libros
479 292 834 373 collocavit).
919 292 1062 351 Post
1082 291 1318 370 Dialogi
1343 295 1523 350 finem
1548 304 1879 370 sequuntur
1899 289 2123 360 Notae,

263 377 486 460 quibus
530 375 849 435 lectionum
886 376 1152 435 varietas
1192 386 1244 435 et
1291 374 1781 435 emendationum
1818 377 1980 435 ratio
2016 398 2124 436 ex·-

259 462 561 544 plicatur‚
628 465 1011 539 praecedente
1049 465 1126 520 ad
1163 465 1442 520 lectorem
1483 464 1843 532 monitione,
1900 465 1964 518 in
2011 486 2126 540 qua

263 551 418 607 inter
443 549 558 605 alia
578 546 816 625 Lipsius
841 549 1071 606 scribit:
1114 546 1319 617 „Usus
1346 547 1717 606 sumRomae
1740 549 1932 605 tribus
1957 551 2127 607 codd.

261 633 486 704 ,MSS.
554 671 635 681 —-
748 629 1155 690 Bibliothecae
1222 632 1616 689 Farnesianae
1693 634 1921 708 primus
1995 634 2129 699 fuit,

261 739 482 796 „quem
533 719 815 775 beneficio
864 716 931 776 C.
970 715 1044 775 V.
1097 728 1153 773 et
1212 714 1626 773 humanissimi
1675 715 1875 774 Fulvii
1921 717 2127 775 Ursini

260 824 440 875 „sum
470 805 742 879 adeptus:
789 805 906 860 duo
937 801 1041 858 alii
1070 803 1332 877 prompti
1371 823 1437 858 ex
1475 803 1580 859 illo
1618 798 1895 859 thesauro
1918 801 2127 857 Musa-

259 906 474 970 „rum‚
514 887 822 947 Vaticano,
912 886 1030 944 Sed
1056 888 1227 943 alteri
1256 908 1324 942 ex
1348 883 1442 942 his
1469 888 1703 943 duobus
1738 908 1930 963 neque
1969 900 2127 943 aetas

258 995 496 1050 „neque
523 974 759 1030 bonitas
787 972 991 1028 eadem
1028 972 1164 1028 suit:
1212 973 1358 1027 alter
1394 993 1461 1027 ex
1499 973 1783 1027 interiore
1828 985 1884 1028 ct
1915 993 2126 1027 arcana

257 1055 693 1129 „bibliotheca‚
736 1056 1082 1114 admirabile
1127 1057 1289 1112 dictu
1329 1067 1443 1124 est,
1488 1075 1634 1132 quas
1670 1067 1842 1112 notas
1879 1056 2026 1111 boni
2072 1068 2127 1112 et

258 1145 517 1215 „sinceri
571 1143 789 1200 codicis
836 1161 1003 1216 saepe
1042 1141 1404 1215 praetulerit.
1510 1138 1659 1196 Eius
1698 1152 2127 1213 argumentum,

259 1230 464 1305 „quod
500 1229 778 1304 pleraque
810 1227 874 1281 in
913 1247 979 1281 co
1016 1245 1181 1283 more
1226 1226 1471 1302 antiquo
1511 1225 1801 1300 descripta
1825 1221 2125 1304 Anquim,

258 1307 547 1381 „Clud0‚
605 1307 892 1369 Escendo
931 1322 988 1367 et
1035 1311 1151 1367 alia
1186 1332 1339 1388 quae
1392 1322 1724 1385 opportune
1763 1312 2125 1369 memorabo,

257 1411 413 1482 „His
443 1411 635 1468 tribus
660 1410 898 1468 accessit
923 1409 1104 1466 editio
1127 1408 1353 1465 Veneta
1383 1420 1576 1477 vetus,
1610 1408 1756 1465 anni
1785 1393 1894 1470 35
1909 1408 2127 1469 CCCC.

258 1509 599 1580 „XCIIIL”
679 1509 770 1566 De
799 1529 956 1565 anno
972 1506 1211 1583 Lipsius
1234 1508 1416 1563 falsus
1444 1518 1546 1566 est.
1627 1505 1837 1563 Postea
1854 1503 2126 1564 Andreas
2168 1539 2170 1543 v

256 1592 535 1670 Schottus
589 1616 656 1651 ex
703 1593 1009 1669 Hispaniis
1060 1604 1323 1666 excerpta
1377 1594 1665 1668 quaedam
1720 1592 1842 1648 sive
1891 1595 2124 1650 notulas

255 1680 417 1737 misit
454 1700 485 1735 e
522 1680 722 1736 codice
761 1679 977 1754 scripto
1012 1675 1266 1734 Antonii
1299 1676 1727 1747 Covarruviae‚
1783 1679 2000 1753 quibus
2035 1690 2123 1735 ta-

255 1785 394 1822 men
418 1764 656 1840 Lipsius
681 1785 815 1820 raro
852 1782 994 1820 usus
1021 1775 1138 1831 est,
1185 1762 1324 1838 quia
1358 1764 1542 1818 codex
1584 1761 1685 1817 ille
1723 1782 1847 1817 non
1880 1764 2124 1819 videba-

256 1863 355 1908 tur
377 1851 630 1926 optimae
660 1849 765 1908 rei.
850 1847 1080 1904 Habuit
1107 1848 1284 1904 etiam
1305 1867 1412 1922 per
1437 1847 1816 1906 Franciscum
1844 1845 2121 1904 Modium

257 1947 526 2011 excerpta
564 1955 594 1991 e
638 1934 836 1991 codice
880 1933 1221 2007 Agricolae,
1302 1952 1411 1988 nec
1462 1952 1587 1988 non
1627 1931 1947 1988 editionem
1986 1933 2123 2008 Spi-

256 2040 508 2080 rensem.

427 2130 618 2207 Lipsii
654 2130 835 2188 editio
869 2129 1203 2205 saepissime
1239 2130 1485 2204 repetita
1524 2141 1609 2187 est
1648 2150 1782 2186 cum
1820 2130 1946 2205 ipso
1984 2130 2121 2185 vivo

256 2210 388 2275 tum
423 2227 557 2291 post
608 2217 733 2272 eius
779 2227 1033 2271 mortem
1079 2211 1178 2292 (cf.
1215 2211 1492 2273 Oberlin.
1544 2215 1607 2269 in
1659 2215 2019 2289 praefatione
2067 2228 2114 2272 et

256 2299 459 2361 Ebert.
485 2303 524 2361 l.
547 2301 587 2361 l.
623 2323 680 2376 p.
704 2298 882 2379 874.)
923 2311 979 2356 ct
1004 2300 1540 2357 animadversiones
1577 2299 1702 2356 eius
1743 2322 1875 2356 cum
1917 2321 2120 2356 excur—

259 2388 421 2443 sibus
466 2386 532 2442 in
576 2387 888 2462 plerosque
932 2386 1121 2442 libros·
1161 2386 1542 2444 transierunt.
1652 2383 1804 2442 Cum
1856 2387 2013 2442 notis
2066 2398 2113 2441 et

258 2471 770 2529 emendationibus
810 2470 969 2543 Hug.
1011 2468 1211 2527 Grotii
1255 2471 1434 2527 editio
1471 2469 1663 2545 Lipsii
1709 2470 1987 2544 impressa
2037 2483 2118 2526 est

257 2557 448 2630 Lugd.
473 2554 678 2616 BataV.
709 2553 892 2615 1640.
932 2556 1122 2612 forma
1154 2556 1282 2624 12„
1340 2556 1403 2610 in
1446 2556 1596 2613 offic.
1618 2552 1871 2614 Elzevir.
1973 2553 2118 2611 Am-

262 2643 467 2702 stelod.
510 2638 694 2701 1649.
730 2641 930 2697 addita
963 2652 1100 2697 sunt
1134 2639 1213 2699 H.
1253 2640 1463 2697 Savilii
1495 2641 1688 2698 studia
1726 2639 1790 2695 in
1823 2639 2118 2699 Tacitum.

261 2722 421 2782 Mihi
460 2727 535 2782 ad
571 2746 782 2783 manus
820 2727 983 2782 fuere
1020 2726 1211 2800 prima
1253 2725 1356 2780 illa
1398 2745 1556 2780 anno
1592 2720 1772 2782 1574.
1812 2725 2115 2799 impressa:

251 2822 391 2868 ‘tum
416 2831 564 2887 quae
590 2811 811 2885 prodiit
837 2809 1167 2884 Lugd.Bat.
1194 2830 1263 2866 ex
1289 2810 1520 2867 officina
1535 2803 1941 2879 Plantiniana.
1961 2813 2115 2885 apud

259 2893 641 2952 Franciscum
690 2891 1169 2971 Raphelengium
1219 2916 1313 2954 an.
1359 2890 1540 2952 1598.
1582 2894 1832 2952 octonis:
1904 2895 2117 2950 deinde

261 2999 411 3058 quae
449 2999 655 3036 excusa
689 2992 774 3036 est
802 2977 1161 3056 Antverpiae
1205 2980 1269 3034 in
1296 2980 1445 3038 offic.
1471 2978 1732 3038 Plantin.
1764 2978 1944 3039 1607.
1992 2980 2116 3035 for-

260 3086 357 3122 ma
381 3065 662 3122 maxima:
721 3086 898 3139 porro
933 3086 1082 3142 quae
1121 3065 1261 3121 exiit
1284 3064 1474 3136 Lugd.
1499 3061 1626 3122 Bat.
1659 3063 1841 3123 1619.
1862 3065 2114 3121 octonis:

261 3151 517 3227 denique
554 3170 704 3226 quae
730 3150 974 3224 repetita
1007 3162 1094 3207 est
1110 3145 1479 3223 Antverpiae
1507 3149 1570 3204 in
1595 3149 1827 3205 officina
1854 3148 2115 3209 Plantin.

267 3235 449 3297 1627.
484 3236 674 3292 forma
708 3235 978 3294 maxima.

433 3344 659 3404 Eadem
692 3357 876 3402 aeta-te
915 3347 1290 3422 praecipuam
1321 3345 1528 3402 Tacito
1563 3367 1802 3420 operam
1840 3346 2000 3401 dedit
2028 3343 2114 3402 M.

264 3431 563 3490 Antonius
587 3430 892 3500 Murcum,
934 3432 1038 3506 qui
1065 3431 1295 3506 scripsit
1323 3427 1563 3489 Varias
1595 3428 1871 3487 lectiones
1900 3427 2110 3505 (Lugd-
