2222 4030
1174 13 1219 61 s:
1760 29 1764 36 ·
1871 6 1936 50 νει

1847 83 1854 90 .
1931 78 1934 81 Δ
1963 70 1990 88 ee

1865 199 1914 236 A.
1927 201 1981 237 u.
1997 166 2091 235 ml?

1787 268 1803 286 ρ
1863 245 1920 282 A:
1930 244 1979 280 C.
2017 246 2079 278 20.

308 212 434 272 242
974 204 1486 277 ANNALIUM

311 346 554 420 lamque
578 360 700 396 non
725 339 904 394 modo
937 338 1007 392 in*
1043 354 1383 403 commune,
1428 333 1530 388 sed
1567 333 1928 408 inwsingulos
1971 331 2168 395 homi-

309 450 413 487 nes
436 429 587 484 latae
611 420 1006 501 quaestiones:
1050 434 1107 479 et
1138 416 1576 494 corruptissima
1613 439 1677 474 re
1710 420 1947 494 publica
1977 420 2169 496 pluri-

309 537 440 572 mae
465 515 636 587 leges·
2186 515 2190 520 ’

478 655 764 726 XXVIII.
851 661 1011 719 Tum
1038 659 1157 718 Cn.
1180 657 1497 733 Pompeius
1525 657 1764 715 tertium
1795 659 2004 734 consul
2040 676 2172 718 cor-

309 754 570 832 rigendis
614 750 882 808 moribus
942 747 1198 803 delectus
1250 755 1307 801 et
1358 744 1593 817 gravior
1650 745 1924 801 remediis
1992 765 2170 822 quam

310 843 523 901 delicta
545 848 739 906 erant,
782 849 1137 907 suarumque
1170 831 1368 903 legum
1393 841 1598 885 auctor
1627 829 1787 885 idem
1824 850 1890 887 ac
1925 828 2172 888 subver-

311 949 438 999 sor,
477 943 625 1002 quae
650 920 830 978 armis
854 917 1157 984 tuebatur,
1199 915 1379 971 armis
1406 914 1619 972 amisit.
1703 910 1864 971 Exin
1889 917 2171 973 continua

307 1035 416 1093 per
438 1007 652 1085 viginti
676 1022 863 1062 annos
893 1001 1212 1058 discordia:
1256 1019 1382 1055 non
1406 1019 1562 1067 mOS‚
1605 1017 1730 1054 non
1765 1000 1882 1056 ius:
1920 1001 2173 1065 deterri-

303 1121 404 1157 ma
428 1112 692 1174 quaeque
718 1090 960 1164 impune
988 1107 1053 1142 ac
1076 1087 1262 1142 multa
1285 1080 1531 1140 honesta
1557 1083 1732 1139 exitio
1757 1083 1938 1144 fuere.
1995 1082 2171 1143 Sexto
2215 1090 2222 1111 ⁸·

309 1187 547 1243 demum
594 1175 903 1234 consulatu
944 1170 1158 1230 Caesar
1203 1165 1506 1243 Augustus
1562 1170 1860 1244 potentiae
1919 1190 2174 1241 securus,

308 1290 456 1349 quae
478 1261 856 1330 triumviratu
879 1258 1156 1327 iusserat,
1198 1253 1484 1323 abolevit,
1530 1254 1809 1331 deditque
1834 1255 1999 1326 iura,
2043 1255 2175 1332 quis

306 1374 447 1432 pace
472 1363 527 1408 et
549 1346 816 1425 principe
850 1356 1168 1402 uteremur.
1257 1341 1486 1398 acriora
1521 1359 1590 1395 ex
1624 1359 1691 1395 eo
1725 1340 1951 1411 vincla,
1996 1340 2175 1398 inditi

2105 1461 2125 1480 d

1277 1600 1400 1628 nano
1454 1591 1498 1626 et
1549 1582 1746 1626 Pichena
1801 1585 2010 1644 explicat:
2070 1586 2176 1642 quie

1277 1645 1520 1685 aleremur
1531 1673 1544 1690 ‚
1579 1646 1858 1696 regeremur
1868 1674 1882 1697 ‚
1911 1644 2177 1687 viveremus
2191 1641 2195 1646 ’

1271 1716 1358 1755 per
1369 1714 1532 1750 pacem
1549 1701 1631 1742 sub
1643 1700 1868 1754 principe.
1903 1699 2151 1750 Maluerim
2163 1718 2178 1745 ε

1278 1772 1401 1814 quae
1432 1765 1575 1799 erant
1606 1765 1887 1812 comparata
1915 1758 2175 1815 &fadaia

1279 1829 1413 1856 usum
1432 1816 1562 1869 pacis
1584 1822 1629 1856 et
1648 1817 1952 1870 principatus.
2000 1815 2080 1860 Est
2102 1815 2176 1860 hic

364 1600 461 1643 sed.
512 1594 749 1637 omissum
770 1592 928 1633 etiam.
977 1588 1080 1652 Vid.
1108 1596 1204 1630 not.

308 1658 362 1702 ad
386 1660 423 1707 1,
442 1655 512 1698 77.

363 1742 410 1784 in
439 1739 647 1794 singulos
675 1733 895 1778 homines
927 1732 958 1774 l.
987 1746 1032 1786 q.
1108 1726 1203 1772 Cic.

305 1816 390 1860 pro
425 1797 566 1841 Dom.
604 1811 643 1838 c.
672 1792 741 1835 17.
801 1789 878 1857 ld.=
902 1788 958 1832 de
990 1788 1127 1846 Legg.
1152 1785 1207 1848 3,

309 1858 376 1902 19.
436 1853 555 1899 Gell.
585 1855 652 1901 10,
678 1852 749 1894 20.

364 1939 477 1985 CAP.
501 1938 573 1982 28.
618 1927 870 1990 Pompeius
892 1931 1082 1975 tertium
1103 1945 1206 1973 con·

305 2003 392 2044 suli
453 1999 541 2041 An.
566 2012 610 2039 u.
630 1993 734 2037 702.
795 1990 884 2034 Dio
903 1990 976 2041 40,
1000 1990 1090 2051 5⁰2

365 2080 651 2135 corrigendis
711 2075 921 2119 moribus
984 2074 1203 2116 delectus.

306 2141 423 2183 Nam
456 2139 655 2197 primum
674 2135 732 2190 jn
758 2150 813 2176 eo
843 2139 962 2182 erat,
992 2140 1041 2174 nt
1071 2131 1206 2174 dicta·

307 2207 381 2241 tor
414 2195 753 2249 nominat-etum
805 2188 966 2235 deinde
1000 2187 1206 2232 consula-

277 2261 291 2310 ]
309 2263 404 2299 tum
431 2250 602 2310 accepit
622 2252 718 2294 sine
741 2248 932 2306 collega.

365 2337 559 2394 gravior
589 2333 829 2377 remediis.
898 2329 1022 2373 Tulit
1063 2329 1206 2387 legem

309 2396 364 2440 de
385 2394 581 2445 ambitu,
612 2393 794 2435 alteram
819 2389 873 2432 de
895 2388 963 2440 νίς
994 2387 1206 2444 deditque

308 2455 505 2496 formam
523 2449 796 2493 iudiciorum
812 2445 1083 2495 breviorem,
1101 2460 1207 2502 poe·

310 2527 418 2554 nam
441 2507 678 2554 constituit
697 2504 972 2565 graviorem.
1022 2502 1113 2546 Dio
1137 2503 1207 2551 40,

310 2568 367 2613 52
387 2582 485 2628 sqq.

368 2652 632 2696 subversor.
699 2646 854 2690 Testes
886 2622 1208 2695 s'untssueton.

313 2710 397 2755 Iul.
427 2725 465 2752 c.
485 2707 556 2751 28.
580 2714 623 2750 et
643 2707 692 2748 in
714 2704 874 2763 primis
892 2702 985 2746 Dio
1009 2702 1080 2753 40,
1101 2702 1171 2745 56.

373 2781 483 2822 exin
516 2811 527 2822 .
543 2810 554 2821 .
568 2809 580 2821 .
597 2807 610 2822 .
645 2775 894 2819 discordia.
973 2773 1107 2816 Exin
1121 2804 1134 2821 ,
1184 2787 1208 2813 e

313 2839 447 2882 tertio
481 2833 689 2892 Pompeii
729 2831 991 2883 consulatu,
1039 2830 1094 2874 ab
1137 2845 1209 2872 an.

314 2890 412 2940 703.
441 2909 528 2950 per
557 2891 727 2946 viginti
754 2903 930 2940 annos,
979 2903 1121 2945 usque
1153 2887 1209 2929 ad

313 2952 546 2997 victoriam
568 2949 798 2993 Actiacam
822 2963 893 2990 an.
917 2944 1016 2989 723.
1045 2960 1207 3004 repor-

279 3021 296 3052 “.
315 3020 474 3057 tamin,
511 3023 598 3066 qua
621 3004 871 3051 discordiae
895 3003 996 3047 finis
1020 3002 1206 3062 imposi-

315 3079 386 3112 tus
412 3075 488 3110 est.
548 3065 655 3108 Non
688 3061 848 3121 igitur,
878 3070 928 3104 ut
953 3060 1103 3120 Lipsio
1139 3059 1212 3102 vi-

317 3126 472 3175 detur,
510 3121 759 3171 rotundus,
798 3119 875 3162 sed
906 3127 1084 3163 exactus
1121 3134 1210 3160 nu-

317 3197 466 3226 merus
499 3182 573 3224 hic
606 3188 685 3223 est.
753 3177 870 3220 Nam
906 3184 1078 3219 sextum
1111 3178 1207 3218 Au-

320 3239 434 3299 gusti
478 3238 762 3281 consulatum
801 3234 984 3277 Tacitus
1024 3232 1210 3276 minime

317 3296 467 3356 posuit
486 3303 539 3348 ut
562 3293 810 3337 discordiae
834 3291 1102 3338 terminum,
1132 3290 1208 3332 sed

319 3364 368 3399 ut
387 3352 662 3413 principatus
692 3349 992 3394 constituendi
1015 3348 1210 3391 initium.

303 3424 307 3431 ²
377 3422 590 3468 abolevit.
645 3420 736 3463 Dio
764 3419 831 3471 53,
852 3421 895 3463 2.

378 3497 480 3551 quis
502 3507 618 3550 pace
647 3499 692 3533 et
716 3492 926 3546 principe
955 3497 1210 3534 uteremur.

321 3555 354 3598 I.
377 3554 453 3596 Fr.
465 3549 728 3594 Gronovius
753 3548 1067 3604 praeeuntibus
1090 3546 1207 3590 Rhe-

1277 1873 1489 1917 ablativus
1520 1872 1763 1929 temporis,
1819 1881 1866 1916 ut
1899 1873 2017 1932 apud
2049 1872 2175 1918 Suet.

1278 1930 1365 1973 lul.
1400 1947 1441 1973 c.
1467 1931 1534 1973 11.
1562 1931 1919 1985 proscriptione.
1987 1930 2177 1988 Freins÷

1278 1986 1452 2030 hemius
1529 1988 1796 2031 sententiam
1874 1987 2178 2032 constituebat

1278 2045 1416 2089 hanc:
1475 2045 1611 2096 „iura
1648 2045 1771 2090 dedit
1811 2045 1871 2088 ita
1907 2053 2178 2105 comparata,

1277 2111 1328 2145 ut
1349 2118 1506 2146 eorum
1539 2102 1760 2146 beneficio
1794 2111 1915 2148 certa
1947 2102 2176 2147 restitutae

1276 2159 1613 2219 tranquillitatis
1636 2160 1834 2219 bonique
1857 2158 2074 2220 principis
2091 2159 2175 2204 uti-

1277 2217 1375 2260 litas
1397 2218 1452 2262 ad
1469 2216 1689 2262 civitatem
1707 2217 2031 2276 pertingeret.''
2057 2219 2175 2263 Acu-

1276 2275 1366 2319 tius
1388 2292 1522 2334 quam
1546 2274 1714 2320 verius.

1336 2391 1523 2433 acriora
1557 2405 1620 2432 ex
1649 2406 1702 2432 eo
1738 2392 1904 2435 vincla.
1977 2389 2178 2449 lntellige

1280 2448 1430 2505 legum
1453 2446 1529 2503 (cf.
1555 2447 1749 2503 Quintil.
1776 2449 1817 2498 5,
1843 2450 1936 2505 10.)
1959 2448 2002 2494 h.
2027 2465 2065 2493 e.
2089 2464 2174 2491 ne-

1279 2504 1531 2547 cessitatem
1557 2505 1744 2563 parendi
1768 2507 1939 2563 legibus
1963 2507 2178 2562 (Strenge

1279 2565 1363 2603 der
1378 2561 1601 2618 Gesetze).
1645 2561 1774 2616 Quae
1799 2565 1940 2607 vincla
1965 2571 2005 2606 et
2026 2564 2176 2606 acrio-

1280 2633 1361 2669 ra,
1389 2627 1438 2661 ut
1463 2618 1535 2662 hic
1560 2619 1714 2662 ferunt
1734 2620 1862 2670 libri,
1904 2630 1947 2664 et
1970 2621 2176 2672 artiora,

1280 2676 1346 2718 uti
1397 2675 1580 2734 quidam
1632 2677 1886 2721 coniiciunt
1935 2677 2175 2734 legendum

1281 2750 1398 2785 esse,
1448 2733 1535 2777 dici
1578 2743 1788 2792 possunt,
1841 2751 1975 2780 sensu
2021 2743 2175 2779 tamen
2221 2734 2222 2737 '

1280 2791 1463 2850 paulum
1487 2790 1683 2835 diverso.
1727 2792 1842 2837 Nam
1863 2793 2050 2837 artiora
2070 2801 2176 2836 sunt
2219 2832 2222 2834 .

1277 2847 1486 2897 vincula,
1530 2848 1566 2891 si
1608 2849 1728 2907 leges
1762 2860 1949 2909 propter
1979 2849 2173 2908 diligen-

1279 2906 1410 2958 tiam,
1440 2921 1527 2973 qua
1557 2916 1800 2963 conceptae
1826 2917 1954 2960 sunt,
1982 2909 2175 2966 spatium

1279 2979 1374 3007 non
1390 2963 1653 3023 relinquunt
1674 2965 1908 3023 effugiendi
1933 2965 2146 3009 ultionem
2163 2980 2191 3015 ;·

1280 3021 1494 3073 acriora,
1536 3022 1570 3064 si
1597 3022 1715 3079 leges
1743 3033 1923 3066 strenue
1957 3037 2173 3065 exercen-
2217 3033 2222 3042 ¹

1279 3088 1353 3122 tur·
1385 3087 1517 3134 atque
1552 3079 1881 3123 custodiuntur.
1945 3079 2043 3123 Hoc
2072 3078 2172 3122 No-

1279 3146 1373 3179 stro
1414 3136 1487 3179 hic
1521 3137 1589 3194 agi
1627 3137 1859 3180 neminem
1898 3136 2025 3196 fugit.
2099 3135 2175 3179 Sic

1280 3193 1399 3250 apud
1448 3193 1633 3236 sueton.
1673 3194 1754 3237 lul.
1795 3210 1834 3237 c.
1869 3194 1938 3237 67.
1976 3194 2174 3250 punitor

1281 3251 1541 3292 acerrimus
1569 3251 1613 3292 h.
1639 3265 1679 3293 e.
1702 3254 1775 3308 qui
1811 3268 1902 3294 non
1940 3251 2172 3296 connivet.
2216 3285 2222 3297 -,

1282 3307 1346 3349 ld.
1371 3307 1473 3349 Tib.
1506 3323 1543 3351 c.
1579 3308 1646 3350 19.
1677 3311 1969 3363 disciplinam
2000 3312 2173 3351 acerri-

1283 3380 1357 3406 me
1384 3366 1488 3418 egit.
1550 3363 1692 3408 Tacit.
1730 3369 1817 3409 An.
1847 3367 1887 3415 6,
1908 3367 1979 3409 48.
2017 3356 2174 3409 acrius

1280 3422 1535 3465 servilium.
1600 3425 1634 3470 l,
1663 3424 1701 3466 5.
1734 3427 1913 3466 acribus
1941 3422 2172 3467 custodiis,

1278 3481 1546 3522 Acrioribus
1576 3497 1679 3540 opp.
1716 3484 1929 3532 ιηι’ίιόνα;
1977 3481 2172 3523 artiori·
2220 3501 2222 3503 ¹

1280 3539 1363 3579 bns
1383 3539 1631 3580 solutiora.
