2222 4030
1835 203 1886 244 A·
1905 203 1957 241 U.
1975 180 2058 240 ⁷73.

1835 246 1887 284 A.
1909 247 1956 282 C.
1999 250 2060 283 20.

285 206 411 264 ess
969 201 1474 264 ANNALIUM
1508 158 1513 159 i
1580 235 1581 244 x

285 333 528 393 nomine
574 333 868 401 laesarum
901 334 1256 408 religionum
1292 354 1358 389 ac
1395 333 1648 392 violatae
1684 336 2001 397 maiestatis
2042 361 2147 415 ap-

284 420 561 496 pellando
601 418 971 476 clementiam
1007 421 1302 476 maiorum
1347 438 1596 495 suasque
1634 422 1759 496 ipse
1793 422 1948 496 leges
1983 445 2147 499 egre-

284 505 576 564 diebatur.
663 503 782 561 Sed
807 504 1061 562 aliorum
1087 503 1276 559 exitus
1314 504 1493 560 simul
1527 517 1715 562 cetera
1749 507 1911 564 illius
1943 511 2147 568 aetatis

283 590 659 659 memorab0‚
700 588 751 645 si
775 589 1026 658 effectis,
1070 589 1136 642 in
1169 609 1318 663 quae
1345 591 1595 659 tetendi,
1638 592 1838 666 plures
1871 594 1947 649 ad
1980 615 2147 652 curas

284 677 469 733 vitam
506 675 854 750 produxero,
939 671 1014 732 D.
1049 672 1289 733 Silanus
1321 674 1388 729 in
1422 675 1587 751 nepti
1611 673 1866 750 Augusti
1900 679 2149 749 adulter,

284 779 629 838 quanquam
666 779 792 816 non
837 759 992 816 ultra
1038 750 1192 814 foret
1236 760 1523 816 saevitum
1575 782 1752 837 quam
1788 774 1857 820 ut
1890 764 2147 821 amicitia

283 845 549 904 Caesaris
582 840 1023 920 prohiberetur,
1079 843 1351 900 exsilium
1392 845 1506 900 sibi
1540 846 1932 904 demonstrari
1966 849 2148 907 intel-—

283 931 448 989 lexit:
492 949 608 987 nee
624 930 742 985 nisi
766 927 1012 984 Tiberio
1037 926 1411 1003 imperitante
1434 931 1739 1005 deprecari
1771 945 2041 991 senatum
2079 954 2148 991 ae

281 1015 615 1093 principem
637 1032 811 1070 ausus
851 1024 962 1082 est,
1003 1011 1093 1073 M.
1120 1012 1314 1070 Silani
1343 1014 1541 1072 fratris
1573 1017 1866 1090 potentia,
1905 1019 2009 1094 qui
2041 1039 2148 1094 per

284 1102 575 1175 insignem
606 1098 980 1155 nobilitatem
1015 1109 1069 1154 et
1100 1098 1495 1175 eloquentiam
1535 1102 1941 1175 praecellebat.
2027 1103 2148 1161 Sed

284 1186 562 1244 Tiberius
594 1195 783 1257 grates
809 1183 1005 1256 agenti
1022 1182 1233 1240 Silano
1269 1184 1536 1258 patribus
1576 1206 1775 1242 coram
1813 1188 2145 1262 respondit:

285 1293 344 1329 se
372 1290 606 1349 quoque
632 1268 869 1338 laetari,
906 1269 1068 1345 quod
1090 1269 1272 1326 frater
1298 1269 1423 1326 eius
1447 1290 1477 1325 e
1498 1272 1974 1345 peregrinatione
2009 1274 2146 1330 lon-

283 1358 505 1432 ginqua
540 1353 902 1411 revertisset:
969 1354 1149 1431 idque
1182 1355 1310 1411 iure
1344 1355 1604 1426 licitum,
1647 1357 1786 1432 quia
1820 1378 1945 1414 non
1979 1378 2147 1415 sena-

282 1456 375 1501 tus
403 1439 702 1507 consult0‚
741 1459 865 1495 non
899 1438 1020 1512 lege
1057 1441 1262 1514 pulsus
1297 1442 1466 1499 foret.
1554 1441 1670 1497 sibi
1702 1454 1901 1499 tamen
1936 1445 2147 1499 adver-

280 1548 377 1585 sus
407 1546 541 1582 eum
571 1524 827 1597 integras
862 1524 1123 1600 parentis
1161 1525 1255 1581 sui
1294 1526 1674 1582 offensiones:
1724 1548 1913 1605 neque
1951 1530 2146 1586 reditu

279 1611 471 1671 Silani
498 1610 811 1679 dissoluta,
853 1630 1002 1685 quae
1026 1605 1327 1684 Augustus
1351 1611 1644 1671 voluisset.
1732 1610 1872 1670 Fuit
1904 1610 2146 1689 posthac

279 1696 344 1754 in
366 1698 543 1765 urbe,
583 1691 774 1771 neque
797 1689 1054 1751 honores
1083 1698 1326 1771 adeptus
1353 1707 1454 1754 est.

451 1778 670 1844 XXV.
729 1777 1011 1838 Relatum
1037 1781 1253 1839 deinde
1287 1783 1358 1838 de
1391 1781 1756 1838 moderanda
1781 1781 1964 1859 Papia
1987 1782 2147 1860 Pop-

278 1888 453 1946 paea,
527 1886 706 1943 quam
774 1865 970 1922 senior
1023 1861 1324 1940 Augustus
1388 1877 1520 1942 post
1576 1865 1758 1924 Iulias
1811 1869 2145 1943 rogationes

1247 2058 1420 2117 signem
1452 2058 1732 2102 nobilitatem
1767 2067 1811 2103 et
1839 2058 2143 2119 eloquentiam

1203 2127 1206 2130 ’
1247 2114 1495 2175 praecellit.
1570 2115 1803 2159 Eiusmodi
1839 2117 2144 2161 emendationi

1247 2184 1344 2218 tum
1376 2173 1558 2216 demum
1577 2174 1702 2218 locus
1725 2184 1865 2224 esset,
1896 2175 1931 2218 si
1954 2175 1999 2217 in
2023 2184 2143 2217 textu

1248 2231 1386 2276 verba
1410 2239 1558 2274 essent
1581 2232 1668 2274 sic:
1711 2232 1794 2287 qui
1812 2247 1898 2287 per
1923 2234 2144 2275 nobilita-

1249 2298 1341 2331 tem
1363 2290 1587 2342 insignem
1609 2297 1653 2331 et
1675 2295 1790 2345 eloq.
1818 2299 1903 2333 etc.

286 2086 291 2090 ÷
334 2061 479 2104 simul
494 2065 662 2103 cetera.
723 2057 780 2103 cf.
806 2057 910 2102 infr.
941 2057 983 2108 4,
1010 2058 1077 2101 16.
1106 2059 1172 2101 si-

279 2121 386 2162 mul
405 2119 637 2170 roganda.

336 2175 529 2219 tetendi.
589 2173 702 2216 (jod.
721 2173 822 2216 MS.
848 2173 948 2216 edd.
965 2171 1175 2215 Beroald.

277 2234 422 2277 Rhen.
452 2247 554 2288 sqq.
600 2234 748 2279 tendi,
787 2231 882 2273 sine
918 2230 1173 2288 reduplica-

276 2293 427 2338 tione,
465 2304 597 2347 quam
624 2289 893 2345 scripturam
926 2288 1176 2330 defendunt

277 2346 488 2406 exemplis
517 2346 564 2388 in
590 2345 686 2387 aliis
709 2345 844 2388 MSS.
868 2345 1025 2387 obviis.
1088 2346 1172 2386 Se-

275 2422 378 2449 nec.
417 2404 548 2447 Herc.
585 2402 673 2444 sur.
709 2403 806 2446 538.
876 2402 974 2447 Liv.
1004 2402 1073 2453 37,
1104 2401 1175 2444 53.

277 2464 488 2520 Propert.
517 2460 560 2512 3,
592 2460 632 2502 8.
676 2468 719 2502 et
746 2461 787 2510 6,
818 2459 887 2503 37.
962 2459 1173 2501 Heinsius

275 2531 427 2565 tamen
451 2517 727 2576 corrigebat:
757 2519 805 2558 in
833 2531 949 2572 quae
971 2517 1174 2565 z'ntendi,·

275 2576 388 2622 Wo
422 2576 546 2619 kens.
579 2590 701 2630 quoe
730 2577 921 2618 intendi.
979 2573 1056 2617 Sic
1083 2589 1172 2615 nu-

273 2652 355 2694 per
384 2594 622 2690 §ies-sling.
682 2632 912 2675 Ernestius
954 2647 1052 2688 sqq.
1098 2638 1173 2673 te·-

275 2692 423 2736 tendi.
471 2691 626 2733 -ldem
663 2689 838 2732 Ernest.
873 2689 986 2735 Hist.
1028 2688 1068 2740 4,
1100 2688 1172 2731 50.

276 2752 424 2793 tendit
449 2751 498 2792 ex
522 2747 608 2790 fide
632 2747 919 2806 quorundam
951 2746 1174 2789 librorum

276 2805 466 2851 mutavit
487 2805 534 2848 in
557 2809 803 2847 contendit.
866 2804 967 2846 vid.
992 2805 1051 2846 ib.
1077 2811 1172 2846 not.

277 2863 480 2908 Groslot.
531 2872 574 2906 et
624 2862 811 2920 Ruperti
861 2861 1067 2904 malunt:
1126 2863 1175 2903 in

277 2937 395 2979 quae
424 2922 584 2964 tendo.

320 2982 485 3034 plures
498 2981 563 3021 ad
578 2991 716 3019 curas
732 2978 875 3019 vitam
884 2979 1173 3030 produxero.

276 3037 380 3080 vid.
401 3036 613 3091 praefat.
634 3034 680 3076 in
696 3038 722 3088 §
737 3038 797 3076 de
807 3034 991 3087 scriptis
1004 3035 1170 3077 Taciti.

335 3095 418 3149 qai
437 3108 522 3148 per
552 3093 779 3146 insignem
808 3093 1097 3134 nobilitatem
1128 3099 1171 3133 et

276 3153 602 3206 eloquentiam.
636 3152 970 3202 praecellebat.
1055 3148 1169 3192 Aei-

276 3207 383 3252 datii
443 3207 726 3250 coniectura:
781 3209 865 3263 qui
906 3221 1047 3260 super
1098 3209 1175 3248 in-

275 3266 460 3322 signem
498 3265 792 3306 nobilitatem
829 3272 874 3306 et
911 3265 1174 3319 eloquentia

271 3338 348 3378 pr.
383 3330 428 3365 et
442 3319 750 3377 Wopkensii=
782 3323 1065 3377 qaiproeter
1084 3323 1171 3364 ins.

274 3382 383 3423 nob.
420 3387 505 3429 em.
547 3394 742 3422 sensum.
780 3382 1026 3422 verborum
1074 3395 1171 3421 non

279 3445 446 3488 mutar,
477 3435 601 3478 idem
630 3435 814 3492 vulgatis
850 3436 981 3479 inest.
1053 3435 1171 3478 Nam

278 3495 355 3552 qui
389 3509 524 3551 super
547 3491 766 3548 insignem
813 3493 1092 3536 nobilitatem
1129 3498 1172 3536 et

279 3549 534 3609 eloquentia
574 3548 828 3608 praecellit,
887 3550 922 3592 is
966 3566 1049 3608 per
1096 3549 1168 3592 in-

1303 2347 1578 2401 Ionginqua.
1637 2346 1694 2390 cf.
1717 2355 1813 2390 not.
1841 2347 1895 2390 ad
1927 2349 1963 2396 1,
1987 2347 2057 2391 53.

1304 2419 1398 2445 non
1420 2412 1609 2446 senatus
1629 2407 1854 2447 consulto.
1901 2404 2142 2464 UtAgrip-

1245 2477 1299 2519 pa
1326 2461 1447 2503 Post.
1477 2477 1600 2520 supr.
1632 2463 1670 2509 l,
1695 2463 1736 2505 6.
2076 2494 2083 2506 .

1252 2550 1258 2556 .
1303 2518 1402 2559 non
1435 2521 1545 2573 lege.
1615 2518 1658 2561 h.
1690 2535 1728 2562 e.
1777 2535 1857 2577 per
1894 2519 2065 2567 iudices
2097 2528 2142 2567 et,

1245 2576 1511 2618 sententiam
1538 2592 1588 2618 ex
1614 2577 1726 2633 lege.
1780 2575 2140 2622 ef.Ovid.Trist.

1245 2634 1286 2680 2,
1313 2632 1407 2675 135.
1439 2641 1483 2674 et
1510 2632 1629 2690 Lips.
1656 2634 1711 2677 ad
1732 2633 1774 2677 h.
1797 2633 1826 2676 l.

1306 2691 1417 2733 CAP.
1443 2690 1513 2733 25.
1574 2691 1722 2744 Papia
1757 2691 1995 2746 Poppaea.
2067 2691 2139 2734 De

1248 2763 1334 2805 qua
1370 2747 1466 2804 lege
1499 2747 1558 2791 cf.
1582 2747 1702 2806 Lips.
1728 2748 1775 2791 in
1809 2765 1902 2792 exc.
1929 2748 1979 2792 C.
2038 2749 2138 2793 An—

1246 2815 1342 2848 ton.
1384 2805 1624 2862 Augustin.
1671 2806 1726 2848 de
1763 2806 1933 2865 legibus
1978 2806 2139 2860 (Thes.

1246 2863 1380 2904 Tom.
1414 2862 1470 2906 ll.
1516 2879 1559 2921 p.
1589 2864 1698 2905 1207
1730 2869 1840 2920 sq.).
1922 2863 2138 2908 Heineec.

1247 2919 1436 2978 Antiqu.
1468 2921 1510 2968 4,
1543 2921 1609 2969 18,
1643 2922 1712 2964 51.
1776 2922 1827 2964 ln
1858 2921 2014 2978 primis
2049 2922 2134 2964 lac.

1248 2977 1554 3020 Gothofredus
1604 2978 1651 3020 in
1701 2986 1923 3034 quattuor
1959 2978 2138 3034 fontib.

1246 3037 1331 3078 iar.
1356 3037 1437 3076 civ.
1462 3045 1505 3078 et
1523 3035 1599 3078 Fr.
1617 3035 1783 3078 Ramos
1808 3035 1876 3078 del
1894 3036 2137 3088 Manzano,

1246 3093 1373 3136 cuius
1394 3092 1449 3134 de
1471 3093 1551 3135 hac
1573 3093 1668 3150 lege
1694 3093 2046 3136 commentarius
2071 3095 2137 3136 in-

1243 3160 1387 3193 sertus
1410 3159 1474 3192 est
1491 3150 1773 3193 Meermanni
1788 3148 1918 3193 Thes.
1944 3149 2030 3193 iur.
2055 3151 2136 3195 ciV.

1247 3215 1285 3250 et
1315 3223 1415 3250 can.
1446 3206 1499 3249 T.
1527 3208 1581 3248 V.
1625 3242 1638 3249 -

1301 3265 1462 3306 senior
1492 3265 1615 3317 Aug.
1662 3299 1664 3302 ,
1690 3263 1794 3307 Lata
1828 3264 1948 3306 enim
1977 3273 2039 3307 est
2068 3264 2136 3308 lex

1245 3320 1318 3363 illa
1350 3336 1420 3362 an.
1459 3337 1501 3363 u.
1533 3322 1631 3364 762.
1689 3321 1758 3363 Μ.
1795 3321 1934 3379 Papio
1966 3321 2133 3364 Mutilo

1243 3386 1288 3477 {t
1312 3377 1371 3443 Q.
1402 3377 1612 3436 Poppaeo
1640 3377 1853 3421 Secundo
1888 3394 2001 3422 coss.
2037 3379 2133 3422 sus-

1265 3445 1388 3479 ecus.

1293 3499 1401 3548 post
1432 3491 1580 3536 Iulias
1616 3494 1898 3547 rogationes.
1968 3495 2058 3538 An.
2089 3510 2133 3538 u.

1242 3550 1341 3594 757.
1366 3548 1462 3593 ‚lata
1493 3559 1558 3593 est
1589 3550 1655 3593 lex
1688 3549 1796 3593 [ulia
1831 3550 1884 3593 de
1914 3551 2132 3595 maritan-
