2222 4030
0 1427 4 1442 ‚
86 1364 298 1428 Rhodi
321 1379 590 1441 agentem
619 1367 897 1427 coluerat.

577 183 751 248 LIB.
789 181 899 245 m.
968 180 1162 246 CAP.
1191 185 1484 249 47-49,
1829 153 1968 250 261v

96 339 218 376 non
253 329 376 374 tam
409 334 664 373 vacuum
694 315 884 390 gloria
916 313 1321 391 praedicabat,
1383 329 1452 375 ut
1488 329 1622 394 post
1662 318 1958 375 ferocissi-

92 423 219 460 mas
251 413 452 477 gentes
482 401 869 477 perdomitas,
910 411 999 458 tot
1018 411 1281 476 receptos
1305 401 1367 456 in
1400 402 1638 462 iuventa
1666 415 1768 461 aut
1793 423 1958 480 spre-

92 501 186 546 tos
226 483 559 563 triumphos
617 486 737 542 iam
788 486 1014 542 senior·
1040 485 1533 566 peregrinationis
1579 490 1956 547 suburbanae

93 574 275 632 inane
309 572 642 650 praemium
676 582 919 647 peteret.

263 681 544 744 XLVIII.
629 679 758 740 Sub
784 682 943 739 idem
961 693 1221 760 tempus,
1259 695 1330 742 ut
1350 703 1512 742 mors
1535 683 1788 764 Sulpicii
1803 687 1958 763 Qui—

94 772 215 829 rini
254 769 509 847 publicis
547 768 837 846 exsequiis
871 769 1376 845 frequentaretur,
1428 770 1638 847 petivit
1672 793 1705 829 a
1734 786 1956 835 senatu.

91 853 262 914 Nihil
318 855 396 912 ad
449 866 707 911 veterem
755 865 812 911 et
858 854 1170 931 patriciam
1212 853 1617 932 Sulpiciorum
1668 860 1958 918 familiam

92 939 387 1015 Quirinus
417 939 736 1016 pertinuit,
780 951 944 997 ortus
980 941 1139 1016 apud
1172 939 1565 1020 municipium
1589 940 1960 1005 Lanuvium?

91 1027 196 1085 sed
248 1025 499 1102 impiger
545 1025 795 1082 militiae
837 1035 897 1083 et
939 1025 1174 1083 acribus
1208 1025 1552 1084 ministeriis
1586 1029 1959 1087 consulatum

91 1114 202 1171 sub
243 1113 382 1168 divo
407 1107 707 1185 Auguste,
744 1131 882 1168 mox
920 1111 1265 1187 expugnatis
1298 1133 1405 1188 per
1427 1109 1701 1177 Ciliciam
1726 1111 1961 1171 Homo-

90 1197 446 1262 nadensium
482 1196 734 1254 castellis
774 1196 1030 1271 insignia
1064 1193 1355 1273 triumphi
1391 1198 1639 1276 adeptus*
1672 1199 1959 1278 datusque

0 1302 2 1305 ·
88 1295 284 1344 rector
308 1279 374 1342 C.
400 1280 637 1339 Caesari
659 1278 1010 1339 Armeniam
1048 1282 1344 1341 obtinenti
1372 1281 1686 1342 Tiberium
1723 1306 1960 1363 quoque

985 1370 1147 1444 quod
1170 1380 1311 1426 tunc
1335 1369 1608 1445 patefecit
1636 1370 1701 1427 in
1736 1383 1961 1441 senatu,

90 1454 344 1513 laudatis
370 1454 435 1510 in
464 1473 524 1510 se
550 1453 757 1510 officiis
793 1463 850 1509 et
878 1453 1143 1511 incusato
1169 1452 1257 1512 M.
1280 1453 1478 1511 Lollio
1496 1501 1513 1526 ,
1555 1452 1734 1534 quem
1757 1468 1962 1514 aucto-

91 1561 219 1597 rem
236 1536 305 1600 C.
329 1536 570 1596 Caesari
600 1538 908 1615 pravitatis
937 1549 994 1595 et
1020 1539 1450 1612 discordiarum
1472 1542 1771 1615 arguebat.
1859 1543 1960 1605 sed

91 1614 297 1684 ceteris
332 1621 494 1682 haud
531 1624 684 1682 laeta
714 1623 1003 1681 memoria
1035 1622 1282 1698 Quirini
1316 1637 1440 1683 erat
1475 1627 1553 1684 ob
1591 1627 1847 1699 intenta,
1895 1639 1965 1690 ut

89 1710 448 1780 memoravi,
489 1709 752 1787 Lepidae
783 1709 1048 1788 pericula
1078 1710 1498 1790 sordidamque
1523 1723 1582 1770 et
1606 1724 1965 1790 praepoten-

90 1808 211 1855 tem
243 1808 554 1856 senectam.

298 140 327 165 -V

154 186 233 293 ,ἐς
249 183 304 261 3:
321 180 404 262 ²32:

7 1981 9 1988 Α
260 1906 482 1972 XLIX.
569 1906 719 1965 Fine
754 1907 900 1965 anni
933 1905 1001 1967 C.
1031 1905 1351 1965 Lutorium
1382 1907 1654 1966 Priscum
1708 1910 1965 1988 equitem

87 1993 435 2055 Romanum
457 2005 590 2070 post
612 1994 840 2051 celebre
867 2013 1133 2064 carmen,
1177 2015 1295 2071 quo
1322 1992 1668 2053 Germanici
1692 2014 1966 2072 suprema

90 2081 437 2150 defleverat,
493 2080 747 2156 pecunia
785 2081 1074 2136 donatum
1120 2100 1154 2136 a
1187 2076 1436 2137 Caesare
1473 2080 1764 2156 corripuit
1800 2081 1966 2140 dela—

90 2177 215 2237 tor,
269 2166 572 2223 obiectans
608 2185 782 2240 aegro
818 2162 1014 2223 Druso
1048 2165 1472 2241 composuisse,
1529 2167 1724 2244 quod,
1772 2166 1824 2222 si
1867 2186 1967 2224 ex-

92 2252 344 2310 stinctus
366 2252 551 2321 soret,
592 2252 817 2309 maiore
847 2250 1111 2327 praemio
1138 2251 1498 2325 vulgaretur.
1585 2248 1655 2311 Id
1683 2249 1748 2311 C.
1776 2250 1968 2309 Luto-

11 2385 13 2389 .
91 2337 214 2396 rius
247 2338 312 2395 in
345 2338 523 2395 domo
546 2334 617 2399 P.
641 2335 910 2395 Petronii
942 2356 1116 2395 socru
1153 2336 1279 2394 eius
1303 2334 1548 2395 Vitellia
1580 2357 1779 2395 coram
1807 2338 1968 2397 mul-

141 2557 536 2613 peregrinaeionis
547 2557 860 2600 suburbanae.
882 2555 989 2600 Vid.

16 2615 17 2619 ’
91 2624 188 2661 not.
205 2616 262 2660 ad
285 2614 353 2665 13.
371 2615 445 2659 43.
472 2616 556 2659 sub
577 2630 684 2661 voc.
718 2616 991 2659 suburbano

32 2711 35 2737 3
91 2674 311 2718 dimitto.

150 2743 264 2788 Car.
277 2743 350 2786 48.
397 2742 595 2802 Quirini.
635 2740 714 2787 Sic
731 2740 991 2803 edd.Ryck.

92 2800 272 2845 Ernest.
307 2816 406 2860 sqq.
488 2798 701 2859 Quirinii
741 2798 844 2842 edd.
890 2807 994 2844 ante

92 2857 335 2920 Ryckium.
398 2856 459 2903 cs.
484 2866 581 2902 not.
605 2856 661 2900 ad
679 2873 728 2903 c.
749 2856 824 2901 22.

93 2933 470 3035 Ὡροὲἑιιῖέιδωηι.
540 2929 631 2973 An.
678 2944 722 2977 u.
762 2926 862 2972 742.
932 2925 995 2972 cf.

144 3006 441 3117 ΐκρυᾏνηᾷω
480 3074 532 3114 ρ.
577 3056 626 3101 e.
672 3055 739 3101 ιι.
788 3070 829 3100 0.
931 3052 994 3122 pr.

95 3118 261 3220 ἑυέξο
290 3118 365 3169 12,
399 3134 443 3175 p.
467 3116 566 3161 569.
594 3123 636 3159 et
660 3114 820 3174 p.679.
873 3111 995 3157 Phn.

132 3209 208 3291 ’0.
228 3207 463 3291 'camna
545 3243 606 3291 cs.
647 3245 697 3298 1,
726 3242 769 3288 s.
839 3242 1002 3286 ιυιοαι·

98 3312 334 3363 agentem.
391 3303 454 3348 cf.
482 3305 520 3354 1,
544 3304 588 3346 4.

155 3365 364 3407 :hamato
389 3362 455 3405 M.
482 3361 650 3404 Lollio.
710 3358 772 3405 ef.
804 3358 997 3403 Sucina.

98 3419 202 3464 Tib.
227 3420 356 3465 012.
391 3418 507 3463 ven.
533 3419 645 3470 297
668 3427 709 3462 et
735 3418 831 3463 102.
885 3417 1002 3462 Ante

98 3476 299 3536 Lipsium
324 3477 428 3523 inde
453 3493 478 3522 s
502 3476 725 3523 Beroaldo
748 3476 1000 3536 legebatur:

102 3534 166 3579 Μ.
191 3535 344 3579 Folio.

1115 2556 1375 2613 pravitatis
1388 2562 1432 2598 et
1446 2555 1804 2598 discordiarum.
1831 2553 1968 2600 Roth.

1063 2630 1110 2673 p.
1132 2613 1204 2661 25.
1243 2611 1294 2657 ἓν
1327 2611 1408 2658 διὰ
1443 2612 1579 2656 δυοῖν
1617 2611 1694 2656 hie
1720 2628 1815 2656 esse
1845 2612 1969 2661 dicit.

1064 2670 1235 2716 collato
1280 2670 1384 2714 loco
1430 2670 1528 2716 Liv.
1565 2671 1606 2721 4,
1639 2669 1712 2713 26.
1752 2672 1971 2726 prauitas

1065 2730 1307 2772 consulum
1341 2736 1387 2770 ee
1417 2729 1649 2771 discordia
1679 2728 1800 2770 ιἠεει·
1831 2728 1969 2782 ipsos.

1064 2786 1182 2829 Nam
1204 2785 1252 2828 in
1275 2794 1469 2844 utroque
1492 2785 1594 2829 loco
1612 2800 1706 2828 non
1723 2784 1855 2830 aliam
1870 2800 1969 2846 pra-

1067 2843 1251 2889 vitatem
1276 2841 1490 2894 indicari,
1521 2842 1605 2886 nisi
1641 2858 1756 2899 quae
1778 2858 1859 2913 per
1884 2842 1970 2889 dis·

1069 2899 1247 2944 cot-dias
1268 2899 1540 2959 apparuerit.
1600 2898 1846 2945 Maluenm
1872 2915 1970 2960 pas·-

1068 2957 1232 3001 niculae
1257 2964 1302 3000 et
1324 2957 1520 3001 tribuere
1538 2956 1627 3001 vim
1649 2954 1990 3028 explicativam·¹

1069 3015 1302 3072 Frequens
1315 3014 1483 3059 Nostro
1501 3022 1566 3058 est
1575 3015 1829 3071 pravitatis
1841 3031 1971 3063 voca·

1068 3072 1285 3230 Ξέὲὲἒϊ..
1318 3070 1447 3188 3525:
1476 3073 1548 3180 {iz
1569 3072 1665 3176 δὲ*
1687 3072 1971 3184 ἲ.;.ῗ“ἕῗὲ“ἕῖ

1129 3251 1181 3288 ue
1203 3245 1476 3289 memoravi.
1537 3243 1599 3291 cs.
1630 3262 1671 3291 c.
1694 3247 1767 3291 22.

1130 3301 1244 3347 Car.
1261 3302 1335 3346 49.
1397 3302 1448 3349 G.
1478 3302 1733 3348 lutor-ium
1758 3304 1973 3349 Priscum

1074 3368 1160 3404 etc.
1233 3359 1434 3406 Eandem
1462 3378 1559 3406 rem
1592 3371 1743 3407 narrat
1774 3363 1866 3406 Dio
1901 3362 1972 3412 57.

1071 3419 1175 3472 m„
1213 3434 1262 3462 ex
1300 3433 1392 3478 quo
1423 3418 1598 3479 Lipsius
1628 3420 1891 3467 emendavb
1919 3419 1970 3465 C.

1073 3475 1336 3520 Lueorimn.
1396 3476 1603 3536 Namque
1633 3478 1736 3523 edd.
1761 3477 1971 3524 Beroald-

1074 3532 1219 3580 Rhen.
1245 3549 1342 3595 sqq.
1377 3535 1661 3581 Clutorium.
