2222 4030
767 178 1375 266 PRAEFATIO.
1886 138 2010 244 xmx

78 296 93 312 ’
147 333 272 371 non
322 313 461 368 satis
505 309 762 375 fidebam
810 307 980 366 libris
1015 306 1131 363 alia
1171 307 1558 366 suadentibus
1592 307 1687 368 vel
1725 309 1865 385 quia
1907 331 2000 368 res

146 410 271 457 erat
306 398 474 474 parvi
514 393 816 458 momenti.
913 391 1165 467 Saepius
1197 391 1561 466 suspiciones
1587 394 1664 471 de
1687 389 2001 456 hisillisve

147 485 291 541 locis
332 494 527 541 motae
562 479 811 548 rectiore
847 489 1099 536 tantum
1118 479 1440 535 verborum
1477 479 1867 585 explicatione
1899 493 2002 540 aut

146 571 551 627 membrorum
577 563 960 623 distinctione
982 574 1258 638 poterant
1282 562 1434 625 tolli.

292 651 739 713 Adnotationis
769 670 907 707 eum
943 650 1190 709 modum
1224 647 1545 723 usurpavi,
1595 662 1674 709 ut.
1697 649 2003 716 brevitatis

142 739 340 798 studio
392 738 680 796 iudicium
728 736 1023 795 leviorum
1069 755 1271 794 rerum
1318 733 1715 810 relinquerem
1761 737 2004 813 doctum

144 844 324 901 penes
350 824 628 881 lectorem
656 834 714 880 et
751 821 899 878 locis
929 819 1369 879 difficilioribus
1411 830 1469 878 et
1503 821 1728 880 vexatis
1769 833 2003 886 tantum

143 910 419 969 uberiore
458 920 658 966 uterer
691 907 1109 982 disputatione.
1196 904 1394 965 Multa
1423 925 1575 983 quae
1602 905 1901 980 pertinent
1929 910 2005 969 ad

145 994 455 1055 latinitatis
484 995 672 1067 legem
699 1005 757 1051 et
786 991 1180 1052 elocutionem
1193 989 1392 1049 Taciti
1417 1001 1795 1049 reservantur
1819 991 2007 1052 indici
2096 1060 2102 1069 ἡ

146 1081 606 1149 vocabulorum,
658 1079 763 1156 qui
790 1076 1003 1155 quinto
1034 1073 1213 1135 huius
1247 1075 1526 1134 editionis
1559 1076 1866 1134 volumine
1906 1098 2034 1141 ρκ’,
2102 1080 2108 1094 ’

145 1164 468 1225 bibebitur.
555 1162 823 1222 Iudicem
859 1184 1096 1233 rerum,
1149 1161 1393 1240 quaein
1423 1162 1864 1223 commentariis
1888 1174 2009 1223 tra-

143 1261 409 1319 ctantur,
453 1250 517 1305 in
551 1250 706 1306 calce
745 1249 942 1325 quarti
981 1249 1303 1307 voluminis
1335 1247 1543 1325 posui,
1590 1259 1660 1309 ut
1689 1248 2009 1312 lectoribus

142 1337 523 1412 praeberetur
567 1346 914 1409 conspectus
957 1335 1134 1391 molis
1180 1334 1420 1392 criticae
1466 1333 1537 1398 in
1586 1329 1696 1393 hac
1744 1333 2010 1394 editione

141 1431 467 1495 congestae..
562 1417 845 1478 Ceterum
893 1419 958 1477 id
997 1420 1137 1476 satis
1185 1419 1449 1477 intellexi
1497 1438 1621 1478 uno
1669 1414 1785 1478 hoc
1828 1431 2006 1479 cursu

143 1527 268 1563 non
297 1506 558 1582 potuisse
585 1505 788 1562 omnia
820 1504 1079 1574 absolvi,
1116 1525 1267 1582 quae
1301 1505 1365 1563 in
1392 1502 1588 1564 Taciti
1617 1505 1791 1566 libris
1813 1517 2009 1570 essent

141 1592 531 1652 retractanda.
630 1589 963 1666 Supersunt
1002 1590 1106 1648 alii
1157 1591 1299 1648 libri
1350 1601 1578 1662 veteres
1628 1591 2006 1667 inspiciendi,

142 1689 458 1753 supersunt
494 1675 610 1734 loci
652 1677 830 1734 etiam
870 1697 1050 1734 nunc
1068 1677 1431 1735 accuratiore
1460 1676 1838 1750 indagatione
1870 1698 2008 1754 per-

144 1763 455 1829 lustrandi.
508 1761 711 1835 Quare
738 1774 796 1820 et
822 1762 886 1819 in
914 1774 1215 1837 posterum
1244 1763 1399 1820 dabo
1429 1783 1703 1838 operam,
1720 1768 1827 1834 iit,
1825 1783 2008 1844 quae

142 1847 198 1905 'l
200 1848 336 1906 aciti
364 1847 727 1905 amatoribus
750 1847 1055 1923 placeant,
1079 1847 1145 1904 in
1169 1848 1363 1907 lucem
1389 1847 1723 1923 proferam,
1749 1847 1799 1909 si
1821 1846 2008 1910 modo
2087 1895 2090 1897 -

142 1933 360 1995 talibus
387 1932 597 1993 officiis
624 1933 878 1993 idoneus
906 1933 1176 1995 videbor.

314 2015 369 2095 ᾗ.
398 2016 501 2080 89.
541 2014 614 2076 In
645 2038 708 2077 re
738 2014 1196 2095 orthographica
1226 2016 1615 2077 recentissimi
1651 2018 1962 2079 editores·
1944 2042 2010 2083 m

141 2104 571 2162 diversissimas
613 2103 1005 2163 discesserunt
1055 2115 1268 2179 partes.
1376 2100 1502 2167 Alii
1544 2103 1608 2161 id
1657 2117 1875 2178 agunt,
1940 2119 2009 2169 ut

143 2209 323 2267 quam
370 2189 847 2263 diligentissime
871 2201 1150 2247 revocent
1195 2189 1644 2288 etymologicam
1685 2191 2012 2253 verborum

142 2277 394 2333 sormam
452 2275 658 2333 retine
645 2287 862 2352 mtque
911 2276 1201 2349 genuinas
1251 2275 1758 2351 praepositionum
1808 2279 2009 2341 verbis

141 2362 528 2436 praefixerunt
572 2361 824 2429 litteras
892 2373 958 2420 ut
1004 2355 1424 2427 adsimulare,
1480 2351 1835 2433 adsumere,
1887 2360 2008 2421 ad—

141 2444 326 2512 scire,
380 2441 637 2513 adsum,
694 2442 889 2528 adfui
924 2459 983 2506 et
1023 2448 1166 2508 talia
1205 2467 1610 2525 quaecunque.
1710 2410 1837 2508 Alii
1877 2470 2008 2511 ma·—

144 2533 275 2589 lnnt
320 2532 556 2607 abigere
603 2533 824 2591 formas
877 2533 1009 2591 illas
1064 2546 1131 2591 ut
1182 2534 1454 2592 duriores
1504 2545 1680 2611 atque
1724 2536 2010 2611 adoptare

142 2618 384 2675 mollius
421 2619 717 2676 scribendi
757 2639 975 2692 genus,
1027 2640 1146 2696 quo
1177 2619 1386 2678 ultima
1416 2619 1870 2695 praepositionis
1903 2622 2008 2681 lit-

142 2716 264 2761 tera
297 2703 685 2762 adsimuletur
718 2705 1014 2781 principio
1040 2706 1226 2765 verbi.
1316 2703 1522 2777 Quare
1540 2704 1809 2766 scribunt
1837 2705 2005 2766 assi-—
2069 2720 2072 2722 ’

143 2785 416 2858 mulare,
480 2809 821 2859 assumere,
888 2789 1116 2856 ascire,
1185 2810 1429 2856 assum,
1497 2781 1668 2874 offui
1704 2803 1811 2853 etc.
1919 2789 2006 2851 Hi

142 2885 410 2931 auctores
440 2870 659 2933 babent
694 2875 923 2932 codices
950 2873 1160 2934 MStos
1183 2875 1530 2934 recentioris
1562 2877 1766 2935 aetatis
1795 2888 1851 2935 et
1877 2875 2002 2937 Pu-

145 2959 441 3014 teolanum
485 2972 539 3016 ct
575 2960 827 3015 editores
859 2960 1029 3016 illum
1060 2972 1306 3021 secutos,
1395 2958 1494 3019 Illi
1534 2962 1757 3020 maiore
1797 2976 2002 3025 aucto-

143 3044 315 3102 ritate
358 3044 629 3102 codicum
661 3043 1146 3104 Florentinorum
1195 3046 1487 3108 nituntur.
1573 3045 1729 3109 Nam
1767 3061 1823 3106 et
1869 3052 1996 3111 cod.

144 3128 301 3187 Flor.
330 3126 619 3187 Corbeiae
658 3142 920 3205 repertus
951 3143 1009 3190 et
1035 3133 1163 3188 cod.
1191 3130 1351 3192 Flor.
1380 3131 1491 3192 litt.
1524 3130 1711 3205 Lang.
1747 3135 1998 3210 scriptus

143 3236 269 3271 eam
297 3215 590 3272 scribendi
627 3217 914 3274 rationem
947 3218 1222 3279 retinent.
1307 3214 1483 3277 Unde
1519 3218 1738 3276 facturn
1773 3232 1886 3288 est,
1928 3233 1995 3280 ut

144 3297 469 3365 Beroaldus
503 3314 560 3360 vt
596 3302 968 3379 sequentium
1001 3303 1299 3361 editorum
1325 3303 1570 3380 quidam
1599 3304 1664 3360 in
1696 3304 1995 3379 prioribus

143 3382 469 3443 Annalium
517 3387 684 3444 libris
735 3389 810 3445 ad
867 3389 1042 3446 sulem
1091 3388 1308 3446 codicis
1352 3387 1686 3447 Florentini
1735 3390 1994 3465 primum

142 3471 313 3529 editis
356 3471 530 3528 aliam
580 3494 819 3548 prorsus
868 3470 1350 3551 orthographiam
1394 3485 1780 3551 sequerentur
1815 3497 1993 3552 quam
