2222 4030
1811 197 1861 230 A.
1876 196 1931 230 U.
1944 197 2028 231 780.

255 198 382 256 422
912 191 1420 255 ANNALIUM
1483 222 1492 231 ⁸
1811 236 1930 276 Δὸς,
1967 239 2026 274 30,

257 337 359 386 tur
395 325 473 383 ob
509 343 741 382 servum
778 323 1140 381 adulterum:
1198 345 1306 380 nec
1340 325 1724 386 dubitabatur
1760 329 1833 384 de
1870 329 2111 405 flagitio.

261 431 396 485 ergo
428 409 644 466 omissa
667 407 1005 465 defensione
1029 410 1207 486 finem
1230 410 1384 466 vitae
1410 411 1525 468 sibi
1547 413 1763 486 posuit.

345 491 505 554 XLI.
543 492 660 550 Per
694 493 853 549 idem
880 505 1110 570 tempus
1135 492 1425 550 Clitarum
1450 497 1613 554 natio
1638 495 1974 574 Cappadoci
1998 498 2116 560 Ar-

263 577 465 638 chelao
493 579 782 648 subiecta,
802 571 959 655 'quia
986 590 1255 635 nostrum
1278 579 1342 635 in
1364 582 1608 637 modum
1635 583 1858 641 deferre
1893 607 2116 658 censm,

263 666 387 741 pati
417 665 641 730 tributa
675 664 1047 738 adigebatur,
1101 663 1166 719 in
1199 665 1332 738 iuga
1358 664 1546 722 Tauri
1580 669 1800 724 montis
1829 671 2119 743 abscessit,

264 751 650 826 locorumque
686 749 924 823 ingenio
961 767 1082 803 sese
1108 761 1309 806 contra
1335 750 1602 808 imbelles
1623 754 1776 826 regis
1804 757 2000 831 copias
2021 770 2120 815 tu-

266 837 532 905 tabatur,
576 835 763 891 donec
788 832 876 892 M.
901 831 1237 890 Trebellius
1269 835 1491 907 legatus
1523 857 1556 892 a
1577 835 1821 895 Vitellio
1853 843 2120 915 praeside

236 992 239 993 ⁷
268 919 476 998 Syriae
514 940 648 977 cum
681 929 960 996 quattuor
994 918 1263 976 millibus
1298 920 1760 993 legionariorum
1793 935 1850 980 et
1883 927 2120 984 delectis

268 1005 503 1062 auxiliis
525 1004 735 1061 missus
761 1004 909 1058 duos
931 1003 1128 1073 colliS,
1167 1023 1315 1080 quos
1337 1006 1576 1061 barbari
1610 1006 1946 1066 insederant
1981 1008 2124 1088 (mi-

269 1090 407 1147 nori
430 1089 650 1159 Cadra,
693 1088 863 1145 alteri
886 1086 1118 1146 Davara
1151 1110 1372 1146 nomen
1408 1090 1516 1169 est)
1557 1092 1833 1166 operibus
1869 1095 2123 1153 circum-

270 1172 435 1234 dedit
472 1186 529 1232 et
567 1193 871 1248 erumpere
909 1193 1080 1230 ausos
1117 1174 1306 1244 ferro,
1363 1175 1593 1232 ceteros'
1623 1177 1721 1233 siti
1759 1179 1834 1236 aad
1870 1180 2123 1239 deditio-

270 1281 410 1318 nem
445 1260 647 1332 coegit.
734 1253 817 1315 At
853 1257 1152 1315 Tiridates
1188 1261 1527 1317 volentibus
1562 1258 1799 1318 Parthis
1829 1262 2127 1342 Nicepho-

272 1346 431 1402 rium
466 1356 520 1401 et
548 1339 1016 1401 Anthemusiada
1049 1356 1381 1422 ceterasque
1417 1348 1622 1415 urbeS,
1671 1368 1819 1423 quae
1843 1348 2127 1408 Macedo-

271 1431 448 1487 nibus
476 1430 616 1485 sitae
643 1425 870 1486 Graeca
895 1431 1183 1486 vocabula
1208 1443 1526 1505 usurpant,
1566 1429 1906 1511 Halumque
1929 1449 1986 1494 et
2006 1434 2128 1493 Ar-

272 1516 535 1574 temitam
591 1510 866 1572 Parthica
917 1516 1135 1590 oppida
1199 1516 1446 1591 recepit,
1512 1517 1870 1575 certantibus
1914 1523 2129 1594 gaudio

275 1601 379 1676 qui
402 1595 776 1657 Artabanum
799 1596 1046 1676 Scythas
1082 1601 1237 1657 inter
1271 1602 1550 1659 eductum
1582 1603 1659 1659 ob
1694 1605 1997 1664 saevitiam
2031 1627 2131 1663 ex-

275 1685 482 1741 secrati
520 1705 683 1742 come
709 1681 997 1742 Tiridatis
1030 1686 1335 1760 ingenium
1358 1684 1662 1745 Romanas
1683 1708 1790 1763 per
1817 1702 1968 1748 artes
1999 1712 2130 1768 spe-

277 1772 508 1828 rabant.
841 1819 844 1829 ,
2067 1835 2085 1851 θ,

445 1852 636 1915 XLII.
689 1852 1026 1912 Plurimum
1059 1857 1416 1914 adulationis
1450 1854 1824 1916 Seleucenses
1867 1861 2132 1933 induere,

278 1940 481 1997 civitas
509 1952 718 2016 potens
735 1986 751 2011 ,
795 1951 956 2017 septa
979 1943 1164 1999 muris
1188 1962 1378 2019 neque
1404 1942 1469 1998 in
1491 1944 1811 2003 barbarum
1839 1959 2132 2024 corrupta,

337 2145 451 2189 CAP.
486 2145 558 2189 41.
605 2147 855 2191 Clitarum.
927 2149 1041 2192 Cod.
1071 2147 1174 2191 MS.
1245 2149 1287 2198 3,
1307 2149 1378 2192 28.
1414 2157 1479 2191 est
1507 2165 1539 2191 a
1569 2149 1822 2192 Macedone
1853 2150 1942 2194 Ph.
1975 2151 2136 2196 sitam.

277 2210 375 2247 test.
411 2203 602 2246 Pichena
641 2205 905 2257 Cietarum3
947 2206 1049 2249 edd.
1084 2207 1174 2250 Be·
1246 2206 1362 2259 Alii,
1418 2214 1467 2248 ut
1508 2206 1784 2255 Oberlinus,
1854 2208 2137 2252 contendunt

278 2259 424 2304 roald.
450 2260 774 2305 Ale.Rhenan.
798 2262 904 2306 Ald.
942 2265 1173 2307 Citamm.
1246 2265 1574 2307 Macedonibus
1612 2266 1756 2316 sitae,
1809 2265 1965 2308 eodem
2006 2282 2138 2310 sensu

277 2316 368 2360 Sed
394 2333 417 2360 e
441 2317 543 2362 loco
571 2318 635 2370 12,
659 2317 728 2362 55.
784 2320 956 2376 Lipsius
982 2321 1088 2364 vidit
1111 2322 1176 2367 Je—
1248 2321 1360 2373 dici,
1399 2329 1448 2364 ut
1470 2321 1526 2365 sit
1546 2338 1579 2363 a
1596 2323 1662 2364 M.
1683 2330 1963 2366 exstructae.
2022 2322 2138 2366 Pro-

279 2375 475 2436 gendum
510 2391 602 2418 esse
630 2375 886 2425 Clitarum,
930 2378 1064 2434 idque
1097 2378 1173 2420 ille

277 2430 491 2476 restituit.

341 2488 616 2545 Cappadoci.
674 2489 788 2533 Edd.
825 2490 1036 2535 Beroald.
1073 2490 1176 2534 Alc.

280 2546 483 2590 Rhenan.
527 2545 638 2590 Ald.
686 2547 1030 2602 Cappadociae,
1093 2548 1176 2591 hac

282 2603 597 2648 distinctione:
643 2603 858 2648 Citarum
897 2607 1030 2648 natio
1055 2606 1177 2660 Cap-

277 2661 531 2717 padociae,
561 2663 792 2716 Archelao
815 2666 1035 2706 subiecta.
1078 2663 1178 2705 Ete-

280 2719 377 2763 nim
410 2719 510 2763 cod.
533 2718 636 2762 MS.
665 2721 711 2762 in
741 2720 968 2763 vocabulo
993 2721 1177 2776 Cappa-

281 2777 390 2819 doci
409 2792 542 2834 super
566 2775 712 2820 littera
735 2777 755 2818 i
772 2779 975 2821 additum
998 2778 1128 2822 habet
1155 2791 1180 2818 e

281 2850 305 2877 a
331 2833 581 2877 recentiore
611 2850 763 2877 manu.
823 2835 997 2894 Lipsius
1020 2852 1171 2882 emen-

287 2890 430 2934 davit:
476 2891 746 2946 Cappadoci
771 2893 1017 2937 Archelao.
1089 2892 1178 2936 Pa-

282 2956 464 2992 ternum
486 2947 670 2993 huiusce
692 2950 899 2993 Archelai
918 2967 1112 3009 regnum
1135 2950 1183 2992 in

284 3005 567 3104 provinciam
592 3008 825 3050 redactum
851 3007 1016 3051 Noster
1041 3016 1177 3051 rettu-

306 3062 339 3104 it
361 3064 403 3112 2,
428 3063 498 3106 42.
559 3064 697 3107 Filius
728 3064 947 3108 retinebat
975 3081 1075 3109 oras
1102 3064 1178 3108 Ci-

286 3119 415 3164 liciae
462 3121 729 3170 maritimas‚
790 3138 898 3180 quas
935 3122 1181 3166 Archelaus

285 3185 411 3275 pater
433 3190 664 3235 acceperat
683 3179 737 3223 ab
761 3179 982 3237 Augusto.
1013 3181 1070 3225 cf.
1091 3179 1183 3222 Dio

345 3295 645 3349 locorumque
669 3286 866 3349 inge‘nio.
934 3294 992 3338 cf.
1014 3302 1109 3338 not.
1131 3295 1186 3339 ad

287 3349 330 3402 S,
348 3351 675 3451 ffb'cedom‘bae
731 3411 863 3454 sicae.
955 3410 1076 3462 Alii,
1137 3418 1186 3453 ut

288 3465 491 3509 Faernus
522 3475 563 3509 et
584 3466 798 3512 Wolfius
847 3469 920 3522 (ad
945 3470 985 3519 2,
1006 3468 1068 3524 7.)
1097 3483 1183 3534 yo-

290 3527 388 3570 lunt
415 3524 498 3585 legi
525 3543 555 3567 α
582 3527 933 3576 Macedonibus,
969 3542 1182 3585 quomam

1248 2387 1415 2423 vocant
1435 2379 1488 2421 ad
1501 2379 1595 2430 27.
1619 2380 1743 2436 quod
1765 2389 1932 2423 temere
1954 2379 2138 2425 faciunt.

1250 2436 1353 2477 vid.
1373 2435 1433 2478 ibi
1457 2444 1552 2478 not.
1575 2437 1898 2481 Macedonibus
1923 2439 2044 2480 sitae
2066 2438 2141 2494 hic

1250 2492 1398 2559 potius
1424 2492 1638 2535 dicuntur
1657 2496 1789 2536 urbes
1811 2510 1863 2537 eo
1889 2511 2045 2544 sensu,
2089 2504 2138 2538 ut

1249 2548 1389 2592 intelli
1424 2557 1554 2591 autur
1578 2566 1601 2592 a
1624 2549 1948 2593 Macedonibus
1973 2551 2137 2595 habita-

1250 2614 1319 2648 tae
1353 2564 1422 2647 vj
1455 2605 1720 2662 simpliciter
1753 2608 1885 2650 urbes
1917 2608 2141 2652 Macedo-

1251 2678 1391 2715 num;
1429 2678 1476 2704 ea
1502 2663 1620 2704 enim
1652 2672 1717 2706 est
1740 2665 1971 2708 notissima
2006 2666 2142 2710 dativi

1250 2719 1336 2764 vis.
1398 2718 1455 2761 cf.
1470 2718 1582 2762 Hist.
1601 2720 1642 2767 4,
1660 2721 1731 2763 22.
1759 2723 1937 2763 vallum
1960 2725 2143 2767 duabus

1250 2777 1508 2830 legionibus
1529 2778 1687 2821 situm.
1746 2778 1845 2820 Hoc
1865 2779 2050 2823 minime
2072 2798 2145 2824 ne-

1253 2843 1346 2892 gat,
1378 2834 1653 2877 Macedonas
1672 2843 1715 2877 et
1736 2835 1853 2893 ipsos
1872 2836 2050 2880 illarum
2074 2855 2144 2881 ur-

1252 2891 1377 2936 bium
1403 2900 1610 2934 auctores
1643 2892 1802 2943 fuisse3
1842 2893 2028 2941 dictioni
2062 2912 2143 2939 au-

1253 2958 1345 2992 tem
1381 2948 1427 2991 id
1467 2965 1559 2990 non
1600 2949 1730 2992 inest.
1807 2948 2019 2995 Ceterum
2050 2954 2143 2998 vid.

1250 3015 1347 3050 not.
1371 3006 1424 3048 ad
1448 3005 1662 3048 German.
1689 3023 1727 3049 c.
1751 3006 1792 3051 3.

1310 3065 1420 3108 CAP.
1443 3064 1514 3105 42.
1547 3065 1596 3105 in
1629 3065 1883 3107 barbarum
1912 3077 2146 3120 corrupta.

1253 3121 1412 3178 Neque
1440 3135 1611 3163 nomen
1644 3138 1789 3179 neque
1819 3138 1999 3172 morem
2039 3125 2146 3167 bar-

1256 3180 1414 3222 barum
1443 3194 1545 3221 cum
1568 3178 1774 3221 Ernestio
1798 3179 2035 3239 intelligas·,
2070 3183 2146 3226 sed

1259 3238 1540 3284 barbarum,
1580 3234 1630 3280 τὸ
1657 3234 1905 3295 βάρβαρον.
1979 3238 2143 3297 Oppo-

1258 3294 1393 3337 situm
1420 3292 1600 3348 quidem
1624 3301 1713 3335 est:
1746 3297 1958 3337 conditor
1981 3296 2142 3339 Seleu-

1258 3365 1360 3401 cus;
1389 3366 1543 3392 verum
1568 3353 1778 3393 conditor
1797 3352 1845 3395 S.
1869 3352 1942 3395 hic
1964 3355 2146 3411 ponitur

1256 3407 1560 3465 metonymice
1592 3423 1676 3464 pro
1707 3409 1767 3451 eis
1794 3426 1904 3466 quae
1934 3411 2143 3453 condito-

1256 3465 1317 3507 ris
1339 3473 1455 3508 sunt.
1497 3465 1747 3518 Corrupto,
1775 3467 2142 3525 ὃιαφθαρθεῒσα,

1257 3524 1330 3574 ιἠ,
1360 3525 1437 3571 εἰς.
1498 3521 1554 3566 11.
1575 3539 1612 3566 e.
1635 3522 1926 3569 Seleucenses
1954 3541 2047 3569 non
2072 3543 2145 3570 re-
