<?xml version="1.0" encoding="UTF-8"?>
<!DOCTYPE html PUBLIC "-//W3C//DTD XHTML 1.0 Transitional//EN"
    "http://www.w3.org/TR/xhtml1/DTD/xhtml1-transitional.dtd">
<html xmlns="http://www.w3.org/1999/xhtml" xml:lang="en" lang="en">
 <head>
  <title>
</title>
<meta http-equiv="Content-Type" content="text/html;charset=utf-8" />
  <meta name='ocr-system' content='tesseract 3.04.00' />
  <meta name='ocr-capabilities' content='ocr_page ocr_carea ocr_par ocr_line ocrx_word'/>
</head>
<body>
  <div class='ocr_page' id='page_1' title='image "./operarecensuitet01taciuoft/operarecensuitet01taciuoft_0396.png"; bbox 0 0 2222 4030; ppageno 0'>
   <div class='ocr_carea' id='block_1_1' title="bbox 1840 169 2078 251">
    <p class='ocr_par' dir='ltr' id='par_1_1' title="bbox 1840 169 2078 251">
     <span class='ocr_line' id='line_1_1' title="bbox 1840 169 2078 251; baseline 0.008 -2"><span class='ocrx_word' id='word_1_1' title='bbox 1840 169 1903 249; x_wconf 62' lang='lat'><strong>2.</strong></span> <span class='ocrx_word' id='word_1_2' title='bbox 1923 172 1976 250; x_wconf 62' lang='grc' dir='ltr'><strong>Η·</strong></span> <span class='ocrx_word' id='word_1_3' title='bbox 1998 174 2078 251; x_wconf 69' lang='lat'><strong>⁷33:</strong></span> 
     </span>
    </p>
   </div>
   <div class='ocr_carea' id='block_1_2' title="bbox 309 158 1491 226">
    <p class='ocr_par' dir='ltr' id='par_1_2' title="bbox 309 158 1491 226">
     <span class='ocr_line' id='line_1_2' title="bbox 309 158 1491 226; baseline 0 -2"><span class='ocrx_word' id='word_1_4' title='bbox 309 162 435 226; x_wconf 83' lang='grc'><strong>346</strong></span> <span class='ocrx_word' id='word_1_5' title='bbox 977 158 1491 225; x_wconf 85' lang='lat' dir='ltr'><strong>ANNALIUM</strong></span> 
     </span>
    </p>
   </div>
   <div class='ocr_carea' id='block_1_3' title="bbox 282 289 2167 1995">
    <p class='ocr_par' dir='ltr' id='par_1_3' title="bbox 298 289 2167 883">
     <span class='ocr_line' id='line_1_3' title="bbox 305 289 2167 372; baseline 0.003 -20"><span class='ocrx_word' id='word_1_6' title='bbox 305 311 514 352; x_wconf 89' lang='lat' dir='ltr'><strong>omnes</strong></span> <span class='ocrx_word' id='word_1_7' title='bbox 541 289 646 367; x_wconf 89' lang='lat' dir='ltr'><strong>qui</strong></span> <span class='ocrx_word' id='word_1_8' title='bbox 671 290 994 348; x_wconf 87' lang='lat' dir='ltr'><strong>adstabant·</strong></span> <span class='ocrx_word' id='word_1_9' title='bbox 1014 291 1329 350; x_wconf 82' lang='lat' dir='ltr'><strong>detraxisse</strong></span> <span class='ocrx_word' id='word_1_10' title='bbox 1359 297 1598 370; x_wconf 85' lang='lat' dir='ltr'>corpori</span> <span class='ocrx_word' id='word_1_11' title='bbox 1628 301 1885 372; x_wconf 81' lang='lat' dir='ltr'><strong>tegmina</strong></span> <span class='ocrx_word' id='word_1_12' title='bbox 1919 307 2167 364; x_wconf 84' lang='lat' dir='ltr'><strong>nostris-</strong></span> 
     </span>
     <span class='ocr_line' id='line_1_4' title="bbox 304 375 2167 465; baseline 0.002 -28"><span class='ocrx_word' id='word_1_13' title='bbox 304 401 421 458; x_wconf 87' lang='lat' dir='ltr'><strong>que</strong></span> <span class='ocrx_word' id='word_1_14' title='bbox 471 375 804 450; x_wconf 81' lang='lat' dir='ltr'><strong>legionibus</strong></span> <span class='ocrx_word' id='word_1_15' title='bbox 853 376 1097 438; x_wconf 87' lang='lat' dir='ltr'><strong>misisse.</strong></span> <span class='ocrx_word' id='word_1_16' title='bbox 1195 376 1285 434; x_wconf 89' lang='lat' dir='ltr'><strong>Ita</strong></span> <span class='ocrx_word' id='word_1_17' title='bbox 1339 381 1527 453; x_wconf 83' lang='lat' dir='ltr'><strong>rogati</strong></span> <span class='ocrx_word' id='word_1_18' title='bbox 1583 387 1930 444; x_wconf 83' lang='lat' dir='ltr'><strong>sententiam</strong></span> <span class='ocrx_word' id='word_1_19' title='bbox 1975 404 2167 465; x_wconf 77' lang='lat' dir='ltr'><strong>patres</strong></span> 
     </span>
     <span class='ocr_line' id='line_1_5' title="bbox 300 461 2164 544; baseline 0.004 -23"><span class='ocrx_word' id='word_1_20' title='bbox 300 467 660 541; x_wconf 72' lang='lat' dir='ltr'><strong>smyrnaeos</strong></span> <span class='ocrx_word' id='word_1_21' title='bbox 706 461 1051 536; x_wconf 79' lang='lat' dir='ltr'><strong>praetulere.</strong></span> <span class='ocrx_word' id='word_1_22' title='bbox 1139 463 1480 539; x_wconf 88' lang='lat' dir='ltr'><strong>censuitque</strong></span> <span class='ocrx_word' id='word_1_23' title='bbox 1517 464 1731 526; x_wconf 82' lang='lat' dir='ltr'><strong>Vibius</strong></span> <span class='ocrx_word' id='word_1_24' title='bbox 1767 469 2032 544; x_wconf 81' lang='lat' dir='ltr'><strong>MarsuS,</strong></span> <span class='ocrx_word' id='word_1_25' title='bbox 2097 490 2164 534; x_wconf 78' lang='lat' dir='ltr'><strong>ut</strong></span> 
     </span>
     <span class='ocr_line' id='line_1_6' title="bbox 302 546 2164 630; baseline -0.002 -20"><span class='ocrx_word' id='word_1_26' title='bbox 302 549 392 609; x_wconf 86' lang='lat' dir='ltr'><strong>M.</strong></span> <span class='ocrx_word' id='word_1_27' title='bbox 413 547 643 622; x_wconf 88' lang='lat' dir='ltr'><strong>Lepido</strong></span> <span class='ocrx_word' id='word_1_28' title='bbox 660 592 677 616; x_wconf 91' lang='lat'><strong>,</strong></span> <span class='ocrx_word' id='word_1_29' title='bbox 719 546 815 603; x_wconf 88' lang='lat' dir='ltr'><strong>cui</strong></span> <span class='ocrx_word' id='word_1_30' title='bbox 841 566 903 603; x_wconf 90' lang='lat' dir='ltr'><strong>ea</strong></span> <span class='ocrx_word' id='word_1_31' title='bbox 929 547 1235 622; x_wconf 87' lang='lat' dir='ltr'><strong>provincia</strong></span> <span class='ocrx_word' id='word_1_32' title='bbox 1262 548 1608 622; x_wconf 77' lang='lat' dir='ltr'><strong>obvenerat,</strong></span> <span class='ocrx_word' id='word_1_33' title='bbox 1650 574 1826 630; x_wconf 84' lang='lat' dir='ltr'><strong>super</strong></span> <span class='ocrx_word' id='word_1_34' title='bbox 1848 578 2164 617; x_wconf 71' lang='lat' dir='ltr'><strong>numerum</strong></span> 
     </span>
     <span class='ocr_line' id='line_1_7' title="bbox 303 631 2164 720; baseline 0.003 -27"><span class='ocrx_word' id='word_1_35' title='bbox 303 637 596 709; x_wconf 82' lang='lat' dir='ltr'><strong>legaretur</strong></span> <span class='ocrx_word' id='word_1_36' title='bbox 612 677 627 701; x_wconf 91' lang='lat'>‚</span> <span class='ocrx_word' id='word_1_37' title='bbox 671 631 776 708; x_wconf 92' lang='lat' dir='ltr'><strong>qui</strong></span> <span class='ocrx_word' id='word_1_38' title='bbox 801 632 1007 706; x_wconf 85' lang='lat' dir='ltr'><strong>templi</strong></span> <span class='ocrx_word' id='word_1_39' title='bbox 1033 650 1234 687; x_wconf 90' lang='lat' dir='ltr'><strong>curam</strong></span> <span class='ocrx_word' id='word_1_40' title='bbox 1262 634 1592 709; x_wconf 90' lang='lat' dir='ltr'><strong>susciperet.</strong></span> <span class='ocrx_word' id='word_1_41' title='bbox 1660 637 1717 696; x_wconf 86' lang='lat' dir='ltr'><strong>et</strong></span> <span class='ocrx_word' id='word_1_42' title='bbox 1743 643 1882 717; x_wconf 90' lang='lat' dir='ltr'><strong>quia</strong></span> <span class='ocrx_word' id='word_1_43' title='bbox 1905 643 2164 720; x_wconf 89' lang='lat' dir='ltr'><strong>Lepidus</strong></span> 
     </span>
     <span class='ocr_line' id='line_1_8' title="bbox 298 715 2163 803; baseline 0.002 -25"><span class='ocrx_word' id='word_1_44' title='bbox 298 721 425 797; x_wconf 86' lang='lat' dir='ltr'><strong>ipse</strong></span> <span class='ocrx_word' id='word_1_45' title='bbox 459 718 714 791; x_wconf 87' lang='lat' dir='ltr'><strong>deligere</strong></span> <span class='ocrx_word' id='word_1_46' title='bbox 745 737 852 792; x_wconf 91' lang='lat' dir='ltr'><strong>per</strong></span> <span class='ocrx_word' id='word_1_47' title='bbox 889 715 1236 772; x_wconf 83' lang='lat' dir='ltr'><strong>modestiam</strong></span> <span class='ocrx_word' id='word_1_48' title='bbox 1268 719 1593 803; x_wconf 83' lang='lat' dir='ltr'><strong>abnuebat,</strong></span> <span class='ocrx_word' id='word_1_49' title='bbox 1643 722 1916 785; x_wconf 86' lang='lat' dir='ltr'><strong>Valerius</strong></span> <span class='ocrx_word' id='word_1_50' title='bbox 1940 728 2098 795; x_wconf 81' lang='lat' dir='ltr'><strong>Naso</strong></span> <span class='ocrx_word' id='word_1_51' title='bbox 2133 752 2163 788; x_wconf 89' lang='lat' dir='ltr'><strong>e</strong></span> 
     </span>
     <span class='ocr_line' id='line_1_9' title="bbox 298 802 1155 883; baseline -0.007 -19"><span class='ocrx_word' id='word_1_52' title='bbox 298 803 611 883; x_wconf 88' lang='lat' dir='ltr'><strong>praetoriis</strong></span> <span class='ocrx_word' id='word_1_53' title='bbox 640 814 792 859; x_wconf 84' lang='lat' dir='ltr'><strong>sorte</strong></span> <span class='ocrx_word' id='word_1_54' title='bbox 811 802 1022 857; x_wconf 89' lang='lat' dir='ltr'><strong>missus</strong></span> <span class='ocrx_word' id='word_1_55' title='bbox 1052 812 1155 859; x_wconf 90' lang='lat' dir='ltr'><strong>est.</strong></span> 
     </span>
    </p>

    <p class='ocr_par' dir='ltr' id='par_1_4' title="bbox 282 885 2160 1995">
     <span class='ocr_line' id='line_1_10' title="bbox 465 885 2158 976; baseline 0.005 -29"><span class='ocrx_word' id='word_1_56' title='bbox 465 885 656 948; x_wconf 89' lang='lat' dir='ltr'><strong>LVII.</strong></span> <span class='ocrx_word' id='word_1_57' title='bbox 700 885 863 944; x_wconf 90' lang='lat' dir='ltr'><strong>Inter</strong></span> <span class='ocrx_word' id='word_1_58' title='bbox 901 905 1050 960; x_wconf 90' lang='lat' dir='ltr'><strong>quae</strong></span> <span class='ocrx_word' id='word_1_59' title='bbox 1086 886 1191 943; x_wconf 91' lang='lat' dir='ltr'><strong>diu</strong></span> <span class='ocrx_word' id='word_1_60' title='bbox 1227 888 1510 948; x_wconf 87' lang='lat' dir='ltr'><strong>meditato</strong></span> <span class='ocrx_word' id='word_1_61' title='bbox 1545 894 1894 972; x_wconf 89' lang='lat' dir='ltr'><strong>prolatoque</strong></span> <span class='ocrx_word' id='word_1_62' title='bbox 1926 901 2158 976; x_wconf 90' lang='lat' dir='ltr'><strong>saepius</strong></span> 
     </span>
     <span class='ocr_line' id='line_1_11' title="bbox 294 969 2160 1053; baseline 0.001 -20"><span class='ocrx_word' id='word_1_63' title='bbox 294 975 543 1033; x_wconf 90' lang='lat' dir='ltr'><strong>consilio</strong></span> <span class='ocrx_word' id='word_1_64' title='bbox 573 975 814 1031; x_wconf 85' lang='lat' dir='ltr'><strong>tandem</strong></span> <span class='ocrx_word' id='word_1_65' title='bbox 840 969 1053 1027; x_wconf 88' lang='lat' dir='ltr'><strong>Caesar</strong></span> <span class='ocrx_word' id='word_1_66' title='bbox 1084 971 1151 1027; x_wconf 93' lang='lat' dir='ltr'><strong>in</strong></span> <span class='ocrx_word' id='word_1_67' title='bbox 1174 970 1589 1048; x_wconf 81' lang='lat' dir='ltr'><strong>Campaniam,</strong></span> <span class='ocrx_word' id='word_1_68' title='bbox 1626 981 1814 1053; x_wconf 90' lang='lat' dir='ltr'><strong>specie</strong></span> <span class='ocrx_word' id='word_1_69' title='bbox 1847 983 2160 1042; x_wconf 80' lang='lat' dir='ltr'><strong>dedicandi</strong></span> 
     </span>
     <span class='ocr_line' id='line_1_12' title="bbox 291 1054 2156 1139; baseline 0.001 -20"><span class='ocrx_word' id='word_1_70' title='bbox 291 1062 515 1137; x_wconf 88' lang='lat' dir='ltr'><strong>templa</strong></span> <span class='ocrx_word' id='word_1_71' title='bbox 538 1060 706 1135; x_wconf 51' lang='lat' dir='ltr'><strong>¹apud</strong></span> <span class='ocrx_word' id='word_1_72' title='bbox 741 1055 1005 1130; x_wconf 88' lang='lat' dir='ltr'><strong>Capuam</strong></span> <span class='ocrx_word' id='word_1_73' title='bbox 1044 1054 1203 1127; x_wconf 84' lang='lat' dir='ltr'><strong>Iovi,</strong></span> <span class='ocrx_word' id='word_1_74' title='bbox 1258 1062 1415 1133; x_wconf 90' lang='lat' dir='ltr'><strong>apud</strong></span> <span class='ocrx_word' id='word_1_75' title='bbox 1453 1059 1668 1118; x_wconf 91' lang='lat' dir='ltr'><strong>Nolam</strong></span> <span class='ocrx_word' id='word_1_76' title='bbox 1703 1060 2003 1139; x_wconf 84' lang='lat' dir='ltr'><strong>Augusto,</strong></span> <span class='ocrx_word' id='word_1_77' title='bbox 2056 1073 2156 1126; x_wconf 84' lang='lat' dir='ltr'><strong>sed</strong></span> 
     </span>
     <span class='ocr_line' id='line_1_13' title="bbox 291 1141 2156 1231; baseline 0.003 -27"><span class='ocrx_word' id='word_1_78' title='bbox 291 1158 485 1204; x_wconf 85' lang='lat' dir='ltr'><strong>certus</strong></span> <span class='ocrx_word' id='word_1_79' title='bbox 511 1143 718 1221; x_wconf 90' lang='lat' dir='ltr'><strong>procul</strong></span> <span class='ocrx_word' id='word_1_80' title='bbox 742 1142 890 1198; x_wconf 90' lang='lat' dir='ltr'><strong>urbe</strong></span> <span class='ocrx_word' id='word_1_81' title='bbox 911 1142 1138 1214; x_wconf 86' lang='lat' dir='ltr'><strong>degere.</strong></span> <span class='ocrx_word' id='word_1_82' title='bbox 1194 1141 1447 1201; x_wconf 88' lang='lat' dir='ltr'><strong>Causam</strong></span> <span class='ocrx_word' id='word_1_83' title='bbox 1474 1149 1798 1220; x_wconf 77' lang='lat' dir='ltr'><strong>absceSSUS,</strong></span> <span class='ocrx_word' id='word_1_84' title='bbox 1820 1174 2156 1231; x_wconf 82' lang='lat' dir='ltr'><strong>quanquam</strong></span> 
     </span>
     <span class='ocr_line' id='line_1_14' title="bbox 290 1227 2155 1316; baseline 0.004 -26"><span class='ocrx_word' id='word_1_85' title='bbox 290 1243 523 1290; x_wconf 85' lang='lat' dir='ltr'><strong>secutus</strong></span> <span class='ocrx_word' id='word_1_86' title='bbox 552 1227 840 1304; x_wconf 90' lang='lat' dir='ltr'><strong>plurimos</strong></span> <span class='ocrx_word' id='word_1_87' title='bbox 879 1238 1185 1283; x_wconf 89' lang='lat' dir='ltr'><strong>auctorum</strong></span> <span class='ocrx_word' id='word_1_88' title='bbox 1220 1230 1294 1284; x_wconf 87' lang='lat' dir='ltr'><strong>ad</strong></span> <span class='ocrx_word' id='word_1_89' title='bbox 1317 1229 1515 1288; x_wconf 91' lang='lat' dir='ltr'><strong>Seiani</strong></span> <span class='ocrx_word' id='word_1_90' title='bbox 1551 1246 1703 1291; x_wconf 88' lang='lat' dir='ltr'><strong>artes</strong></span> <span class='ocrx_word' id='word_1_91' title='bbox 1734 1238 1963 1308; x_wconf 83' lang='lat' dir='ltr'><strong>rettuli,</strong></span> <span class='ocrx_word' id='word_1_92' title='bbox 2017 1241 2155 1316; x_wconf 89' lang='lat' dir='ltr'><strong>quia</strong></span> 
     </span>
     <span class='ocr_line' id='line_1_15' title="bbox 291 1313 2150 1397; baseline -0.001 -23"><span class='ocrx_word' id='word_1_93' title='bbox 291 1329 492 1375; x_wconf 88' lang='lat' dir='ltr'><strong>tamen</strong></span> <span class='ocrx_word' id='word_1_94' title='bbox 537 1314 707 1371; x_wconf 85' lang='lat' dir='ltr'><strong>caede</strong></span> <span class='ocrx_word' id='word_1_95' title='bbox 755 1313 878 1368; x_wconf 90' lang='lat' dir='ltr'><strong>eius</strong></span> <span class='ocrx_word' id='word_1_96' title='bbox 909 1323 1137 1386; x_wconf 89' lang='lat' dir='ltr'><strong>patrata</strong></span> <span class='ocrx_word' id='word_1_97' title='bbox 1176 1333 1272 1370; x_wconf 89' lang='lat' dir='ltr'><strong>sex</strong></span> <span class='ocrx_word' id='word_1_98' title='bbox 1307 1328 1506 1390; x_wconf 89' lang='lat' dir='ltr'><strong>postea</strong></span> <span class='ocrx_word' id='word_1_99' title='bbox 1546 1339 1733 1376; x_wconf 90' lang='lat' dir='ltr'><strong>annos</strong></span> <span class='ocrx_word' id='word_1_100' title='bbox 1770 1324 1898 1397; x_wconf 84' lang='lat' dir='ltr'><strong>pari</strong></span> <span class='ocrx_word' id='word_1_101' title='bbox 1934 1338 2150 1383; x_wconf 73' lang='lat' dir='ltr'><strong>secreto</strong></span> 
     </span>
     <span class='ocr_line' id='line_1_16' title="bbox 287 1398 2147 1481; baseline -0.002 -20"><span class='ocrx_word' id='word_1_102' title='bbox 287 1400 623 1468; x_wconf 86' lang='lat' dir='ltr'><strong>coniunxit,</strong></span> <span class='ocrx_word' id='word_1_103' title='bbox 665 1398 1012 1473; x_wconf 89' lang='lat' dir='ltr'><strong>plerumque</strong></span> <span class='ocrx_word' id='word_1_104' title='bbox 1035 1418 1411 1473; x_wconf 85' lang='lat' dir='ltr'><strong>permoveor,</strong></span> <span class='ocrx_word' id='word_1_105' title='bbox 1449 1423 1597 1460; x_wconf 89' lang='lat' dir='ltr'><strong>num</strong></span> <span class='ocrx_word' id='word_1_106' title='bbox 1621 1406 1695 1461; x_wconf 88' lang='lat' dir='ltr'><strong>ad</strong></span> <span class='ocrx_word' id='word_1_107' title='bbox 1719 1407 1912 1481; x_wconf 87' lang='lat' dir='ltr'><strong>ipsum</strong></span> <span class='ocrx_word' id='word_1_108' title='bbox 1945 1411 2147 1466; x_wconf 72' lang='lat' dir='ltr'><strong>referri</strong></span> 
     </span>
     <span class='ocr_line' id='line_1_17' title="bbox 288 1483 2148 1568; baseline 0.003 -23"><span class='ocrx_word' id='word_1_109' title='bbox 288 1488 487 1545; x_wconf 88' lang='lat' dir='ltr'><strong>verius</strong></span> <span class='ocrx_word' id='word_1_110' title='bbox 520 1485 595 1541; x_wconf 89' lang='lat' dir='ltr'><strong>sit</strong></span> <span class='ocrx_word' id='word_1_111' title='bbox 630 1483 937 1540; x_wconf 87' lang='lat' dir='ltr'><strong>saevitiam</strong></span> <span class='ocrx_word' id='word_1_112' title='bbox 972 1504 1038 1543; x_wconf 86' lang='lat' dir='ltr'><strong>ac</strong></span> <span class='ocrx_word' id='word_1_113' title='bbox 1073 1483 1419 1556; x_wconf 86' lang='lat' dir='ltr'><strong>libidinem,</strong></span> <span class='ocrx_word' id='word_1_114' title='bbox 1468 1509 1600 1545; x_wconf 91' lang='lat' dir='ltr'><strong>cum</strong></span> <span class='ocrx_word' id='word_1_115' title='bbox 1637 1492 1804 1548; x_wconf 86' lang='lat' dir='ltr'><strong>factis</strong></span> <span class='ocrx_word' id='word_1_116' title='bbox 1837 1508 2148 1568; x_wconf 86' lang='lat' dir='ltr'><strong>promeret,</strong></span> 
     </span>
     <span class='ocr_line' id='line_1_18' title="bbox 284 1565 2148 1645; baseline 0.004 -15"><span class='ocrx_word' id='word_1_117' title='bbox 284 1573 431 1630; x_wconf 86' lang='lat' dir='ltr'><strong>locis</strong></span> <span class='ocrx_word' id='word_1_118' title='bbox 459 1569 869 1628; x_wconf 86' lang='lat' dir='ltr'><strong>occultantem.</strong></span> <span class='ocrx_word' id='word_1_119' title='bbox 932 1565 1125 1626; x_wconf 84' lang='lat' dir='ltr'><strong>Erant</strong></span> <span class='ocrx_word' id='word_1_120' title='bbox 1149 1571 1252 1645; x_wconf 90' lang='lat' dir='ltr'><strong>qui</strong></span> <span class='ocrx_word' id='word_1_121' title='bbox 1279 1573 1583 1630; x_wconf 86' lang='lat' dir='ltr'><strong>crederent</strong></span> <span class='ocrx_word' id='word_1_122' title='bbox 1608 1575 1673 1630; x_wconf 91' lang='lat' dir='ltr'><strong>in</strong></span> <span class='ocrx_word' id='word_1_123' title='bbox 1700 1591 1993 1636; x_wconf 89' lang='lat' dir='ltr'><strong>senectute</strong></span> <span class='ocrx_word' id='word_1_124' title='bbox 2018 1601 2148 1638; x_wconf 89' lang='lat' dir='ltr'><strong>cor-</strong></span> 
     </span>
     <span class='ocr_line' id='line_1_19' title="bbox 284 1650 2149 1740; baseline -0.002 -25"><span class='ocrx_word' id='word_1_125' title='bbox 284 1658 448 1735; x_wconf 90' lang='lat' dir='ltr'><strong>poris</strong></span> <span class='ocrx_word' id='word_1_126' title='bbox 491 1674 726 1732; x_wconf 91' lang='lat' dir='ltr'><strong>quoque</strong></span> <span class='ocrx_word' id='word_1_127' title='bbox 767 1650 1036 1710; x_wconf 88' lang='lat' dir='ltr'><strong>habitum</strong></span> <span class='ocrx_word' id='word_1_128' title='bbox 1070 1656 1288 1729; x_wconf 88' lang='lat' dir='ltr'><strong>pudori</strong></span> <span class='ocrx_word' id='word_1_129' title='bbox 1322 1658 1520 1719; x_wconf 87' lang='lat' dir='ltr'><strong>fuisse.</strong></span> <span class='ocrx_word' id='word_1_130' title='bbox 1608 1662 1826 1737; x_wconf 78' lang='lat' dir='ltr'><strong>quippe</strong></span> <span class='ocrx_word' id='word_1_131' title='bbox 1860 1665 1948 1720; x_wconf 86' lang='lat' dir='ltr'><strong>illi</strong></span> <span class='ocrx_word' id='word_1_132' title='bbox 1982 1686 2149 1740; x_wconf 72' lang='lat' dir='ltr'><strong>prae-</strong></span> 
     </span>
     <span class='ocr_line' id='line_1_20' title="bbox 283 1740 2151 1820; baseline 0.004 -19"><span class='ocrx_word' id='word_1_133' title='bbox 283 1742 515 1819; x_wconf 86' lang='lat' dir='ltr'><strong>gracilis</strong></span> <span class='ocrx_word' id='word_1_134' title='bbox 550 1752 606 1796; x_wconf 92' lang='lat' dir='ltr'><strong>et</strong></span> <span class='ocrx_word' id='word_1_135' title='bbox 643 1741 889 1796; x_wconf 88' lang='lat' dir='ltr'><strong>incurva</strong></span> <span class='ocrx_word' id='word_1_136' title='bbox 925 1740 1272 1814; x_wconf 81' lang='lat' dir='ltr'><strong>proceritaS‚</strong></span> <span class='ocrx_word' id='word_1_137' title='bbox 1315 1745 1512 1800; x_wconf 89' lang='lat' dir='ltr'><strong>nudus</strong></span> <span class='ocrx_word' id='word_1_138' title='bbox 1548 1747 1760 1820; x_wconf 84' lang='lat' dir='ltr'><strong>capillo</strong></span> <span class='ocrx_word' id='word_1_139' title='bbox 1788 1762 2014 1819; x_wconf 85' lang='lat' dir='ltr'><strong>vertex,</strong></span> <span class='ocrx_word' id='word_1_140' title='bbox 2056 1752 2151 1808; x_wconf 81' lang='lat' dir='ltr'><strong>ul—</strong></span> 
     </span>
     <span class='ocr_line' id='line_1_21' title="bbox 284 1825 2143 1901; baseline 0.004 -15"><span class='ocrx_word' id='word_1_141' title='bbox 284 1836 480 1886; x_wconf 89' lang='lat' dir='ltr'><strong>cerosa</strong></span> <span class='ocrx_word' id='word_1_142' title='bbox 524 1826 700 1899; x_wconf 85' lang='lat' dir='ltr'><strong>facies</strong></span> <span class='ocrx_word' id='word_1_143' title='bbox 741 1846 806 1880; x_wconf 92' lang='lat' dir='ltr'><strong>ac</strong></span> <span class='ocrx_word' id='word_1_144' title='bbox 842 1825 1193 1901; x_wconf 89' lang='lat' dir='ltr'><strong>plerumque</strong></span> <span class='ocrx_word' id='word_1_145' title='bbox 1230 1829 1722 1888; x_wconf 87' lang='lat' dir='ltr'><strong>medicaminibus</strong></span> <span class='ocrx_word' id='word_1_146' title='bbox 1761 1833 2143 1897; x_wconf 88' lang='lat' dir='ltr'><strong>interstincta.</strong></span> 
     </span>
     <span class='ocr_line' id='line_1_22' title="bbox 282 1910 2144 1995; baseline 0.003 -23"><span class='ocrx_word' id='word_1_147' title='bbox 282 1927 342 1973; x_wconf 91' lang='lat' dir='ltr'><strong>et</strong></span> <span class='ocrx_word' id='word_1_148' title='bbox 362 1910 571 1973; x_wconf 85' lang='lat' dir='ltr'><strong>Rhodi</strong></span> <span class='ocrx_word' id='word_1_149' title='bbox 596 1921 815 1968; x_wconf 83' lang='lat' dir='ltr'><strong>secreto</strong></span> <span class='ocrx_word' id='word_1_150' title='bbox 839 1910 1025 1967; x_wconf 80' lang='lat' dir='ltr'><strong>vitare</strong></span> <span class='ocrx_word' id='word_1_151' title='bbox 1053 1923 1279 1982; x_wconf 74' lang='lat' dir='ltr'><strong>coetUS,</strong></span> <span class='ocrx_word' id='word_1_152' title='bbox 1332 1916 1650 1973; x_wconf 90' lang='lat' dir='ltr'><strong>recondere</strong></span> <span class='ocrx_word' id='word_1_153' title='bbox 1685 1920 2013 1995; x_wconf 86' lang='lat' dir='ltr'><strong>voluptates</strong></span> <span class='ocrx_word' id='word_1_154' title='bbox 2049 1923 2144 1978; x_wconf 90' lang='lat' dir='ltr'><strong>in-</strong></span> 
     </span>
    </p>
   </div>
   <div class='ocr_carea' id='block_1_4' title="bbox 269 2099 2136 2227">
    <p class='ocr_par' dir='ltr' id='par_1_5' title="bbox 269 2099 2136 2227">
     <span class='ocr_line' id='line_1_23' title="bbox 269 2099 2136 2170; baseline 0.004 -18"><span class='ocrx_word' id='word_1_155' title='bbox 269 2108 396 2156; x_wconf 72' lang='grc' dir='ltr'><strong><em>’καλὰ</em></strong></span> <span class='ocrx_word' id='word_1_156' title='bbox 428 2108 541 2166; x_wconf 75' lang='grc' dir='ltr'><em>ἔργα</em></span> <span class='ocrx_word' id='word_1_157' title='bbox 571 2099 872 2164; x_wconf 46' lang='grc' dir='ltr'><strong>ἀπεφήᾶἰαντο</strong></span> <span class='ocrx_word' id='word_1_158' title='bbox 904 2108 968 2156; x_wconf 75' lang='grc' dir='ltr'><strong>εἰς</strong></span> <span class='ocrx_word' id='word_1_159' title='bbox 998 2104 1176 2157; x_wconf 77' lang='grc' dir='ltr'>πάντας</span> <span class='ocrx_word' id='word_1_160' title='bbox 1244 2109 1338 2152; x_wconf 89' lang='lat' dir='ltr'><strong>Alii</strong></span> <span class='ocrx_word' id='word_1_161' title='bbox 1370 2125 1473 2154; x_wconf 86' lang='lat' dir='ltr'><strong>cum</strong></span> <span class='ocrx_word' id='word_1_162' title='bbox 1506 2110 1701 2156; x_wconf 83' lang='lat' dir='ltr'><strong>Pichena</strong></span> <span class='ocrx_word' id='word_1_163' title='bbox 1732 2122 1889 2170; x_wconf 84' lang='lat' dir='ltr'><strong>putant</strong></span> <span class='ocrx_word' id='word_1_164' title='bbox 1922 2115 2008 2159; x_wconf 75' lang='lat' dir='ltr'><strong>tale.</strong></span> <span class='ocrx_word' id='word_1_165' title='bbox 2038 2133 2136 2160; x_wconf 84' lang='lat' dir='ltr'><strong>ver-</strong></span> 
     </span>
     <span class='ocr_line' id='line_1_24' title="bbox 275 2163 2134 2227; baseline 0.003 -17"><span class='ocrx_word' id='word_1_166' title='bbox 275 2163 574 2224; x_wconf 71' lang='grc' dir='ltr'><em>ἇνθρώπους.</em></span> <span class='ocrx_word' id='word_1_167' title='bbox 634 2166 748 2208; x_wconf 86' lang='lat' dir='ltr'><strong>lbid.</strong></span> <span class='ocrx_word' id='word_1_168' title='bbox 765 2166 815 2209; x_wconf 81' lang='grc' dir='ltr'><strong>Β.</strong></span> <span class='ocrx_word' id='word_1_169' title='bbox 841 2166 1090 2219; x_wconf 70' lang='grc' dir='ltr'>ποιηταὶ-</span> <span class='ocrx_word' id='word_1_170' title='bbox 1111 2169 1175 2216; x_wconf 76' lang='grc' dir='ltr'><strong>εἰς</strong></span> <span class='ocrx_word' id='word_1_171' title='bbox 1243 2169 1354 2211; x_wconf 87' lang='lat' dir='ltr'><strong>bum</strong></span> <span class='ocrx_word' id='word_1_172' title='bbox 1381 2168 1567 2227; x_wconf 81' lang='lat' dir='ltr'><strong>intelligi</strong></span> <span class='ocrx_word' id='word_1_173' title='bbox 1595 2186 1748 2226; x_wconf 86' lang='lat' dir='ltr'><strong>posse,</strong></span> <span class='ocrx_word' id='word_1_174' title='bbox 1788 2187 1873 2216; x_wconf 84' lang='lat' dir='ltr'><strong>nec</strong></span> <span class='ocrx_word' id='word_1_175' title='bbox 1897 2173 2007 2215; x_wconf 80' lang='lat' dir='ltr'><strong>adeo</strong></span> <span class='ocrx_word' id='word_1_176' title='bbox 2030 2191 2134 2216; x_wconf 86' lang='lat' dir='ltr'><strong>mo-</strong></span> 
     </span>
    </p>
   </div>
   <div class='ocr_carea' id='block_1_5' title="bbox 275 2219 2136 2341">
    <p class='ocr_par' dir='ltr' id='par_1_6' title="bbox 275 2219 2136 2341">
     <span class='ocr_line' id='line_1_25' title="bbox 277 2219 2136 2285; baseline 0.002 -15"><span class='ocrx_word' id='word_1_177' title='bbox 277 2224 455 2280; x_wconf 69' lang='grc' dir='ltr'><em>πάντας</em></span> <span class='ocrx_word' id='word_1_178' title='bbox 475 2219 808 2283; x_wconf 79' lang='grc' dir='ltr'><strong><em>μεμηνύκασιν.</em></strong></span> <span class='ocrx_word' id='word_1_179' title='bbox 835 2223 1070 2266; x_wconf 81' lang='lat' dir='ltr'><strong>cs.Ma1th.</strong></span> <span class='ocrx_word' id='word_1_180' title='bbox 1088 2223 1168 2267; x_wconf 88' lang='lat' dir='ltr'><strong>Gr.</strong></span> <span class='ocrx_word' id='word_1_181' title='bbox 1244 2226 1401 2268; x_wconf 82' lang='lat' dir='ltr'><strong>lestam</strong></span> <span class='ocrx_word' id='word_1_182' title='bbox 1428 2243 1519 2269; x_wconf 91' lang='lat' dir='ltr'><strong>esse</strong></span> <span class='ocrx_word' id='word_1_183' title='bbox 1544 2226 1733 2285; x_wconf 73' lang='lat' dir='ltr'><strong>ellipsin.</strong></span> <span class='ocrx_word' id='word_1_184' title='bbox 1782 2230 1838 2272; x_wconf 84' lang='lat' dir='ltr'><strong>cf.</strong></span> <span class='ocrx_word' id='word_1_185' title='bbox 1865 2230 2018 2273; x_wconf 86' lang='lat' dir='ltr'><strong>lliller.</strong></span> <span class='ocrx_word' id='word_1_186' title='bbox 2044 2232 2136 2275; x_wconf 83' lang='lat' dir='ltr'><strong>Ra-</strong></span> 
     </span>
     <span class='ocr_line' id='line_1_26' title="bbox 275 2278 2136 2341; baseline 0.006 -19"><span class='ocrx_word' id='word_1_187' title='bbox 275 2278 360 2329; x_wconf 77' lang='lat' dir='ltr'><strong>Gr.</strong></span> <span class='ocrx_word' id='word_1_188' title='bbox 393 2288 419 2339; x_wconf 87' lang='lat'>§</span> <span class='ocrx_word' id='word_1_189' title='bbox 443 2283 540 2326; x_wconf 86' lang='lat'><strong>578.</strong></span> <span class='ocrx_word' id='word_1_190' title='bbox 602 2281 771 2337; x_wconf 85' lang='lat' dir='ltr'><strong>Nempe</strong></span> <span class='ocrx_word' id='word_1_191' title='bbox 800 2283 1065 2322; x_wconf 82' lang='lat' dir='ltr'><strong>nuntiatum</strong></span> <span class='ocrx_word' id='word_1_192' title='bbox 1101 2290 1172 2324; x_wconf 81' lang='lat' dir='ltr'><strong>est</strong></span> <span class='ocrx_word' id='word_1_193' title='bbox 1242 2299 1357 2327; x_wconf 88' lang='lat' dir='ltr'><strong>cem.</strong></span> <span class='ocrx_word' id='word_1_194' title='bbox 1401 2283 1472 2326; x_wconf 79' lang='lat'><strong>31.</strong></span> <span class='ocrx_word' id='word_1_195' title='bbox 1555 2283 1724 2330; x_wconf 87' lang='lat' dir='ltr'><strong>Duker.</strong></span> <span class='ocrx_word' id='word_1_196' title='bbox 1773 2287 1827 2329; x_wconf 85' lang='lat' dir='ltr'><strong>ad</strong></span> <span class='ocrx_word' id='word_1_197' title='bbox 1862 2289 1986 2331; x_wconf 86' lang='lat' dir='ltr'><strong>Flor.</strong></span> <span class='ocrx_word' id='word_1_198' title='bbox 2022 2290 2061 2341; x_wconf 79' lang='lat'><strong>3,</strong></span> <span class='ocrx_word' id='word_1_199' title='bbox 2096 2291 2136 2334; x_wconf 89' lang='grc'><strong>6.</strong></span> 
     </span>
    </p>
   </div>
   <div class='ocr_carea' id='block_1_6' title="bbox 248 2339 1170 3538">
    <p class='ocr_par' dir='ltr' id='par_1_7' title="bbox 267 2339 913 2397">
     <span class='ocr_line' id='line_1_27' title="bbox 267 2339 913 2397; baseline -0.012 -10"><span class='ocrx_word' id='word_1_200' title='bbox 267 2343 321 2394; x_wconf 33' lang='lat' dir='ltr'><strong>lh.</strong></span> <span class='ocrx_word' id='word_1_201' title='bbox 343 2359 381 2386; x_wconf 89' lang='lat' dir='ltr'><strong>e.</strong></span> <span class='ocrx_word' id='word_1_202' title='bbox 407 2341 591 2386; x_wconf 81' lang='lat' dir='ltr'><strong>nuntius</strong></span> <span class='ocrx_word' id='word_1_203' title='bbox 616 2339 810 2397; x_wconf 85' lang='lat' dir='ltr'><strong>perlatus</strong></span> <span class='ocrx_word' id='word_1_204' title='bbox 833 2347 913 2380; x_wconf 81' lang='lat' dir='ltr'><strong>est.</strong></span> 
     </span>
    </p>

    <p class='ocr_par' dir='ltr' id='par_1_8' title="bbox 272 2395 1170 2560">
     <span class='ocr_line' id='line_1_28' title="bbox 332 2395 1167 2453; baseline -0.006 -10"><span class='ocrx_word' id='word_1_205' title='bbox 332 2401 599 2443; x_wconf 82' lang='lat' dir='ltr'><strong>adstabant.</strong></span> <span class='ocrx_word' id='word_1_206' title='bbox 660 2395 793 2453; x_wconf 90' lang='lat' dir='ltr'><strong>Apud</strong></span> <span class='ocrx_word' id='word_1_207' title='bbox 809 2395 1064 2438; x_wconf 82' lang='lat' dir='ltr'><strong>Ernestium</strong></span> <span class='ocrx_word' id='word_1_208' title='bbox 1091 2413 1167 2441; x_wconf 75' lang='lat' dir='ltr'><strong>ve—</strong></span> 
     </span>
     <span class='ocr_line' id='line_1_29' title="bbox 272 2453 1170 2511; baseline -0.01 -8"><span class='ocrx_word' id='word_1_209' title='bbox 272 2455 323 2503; x_wconf 84' lang='lat' dir='ltr'><strong>ra</strong></span> <span class='ocrx_word' id='word_1_210' title='bbox 356 2456 470 2500; x_wconf 86' lang='lat' dir='ltr'><strong>ratio</strong></span> <span class='ocrx_word' id='word_1_211' title='bbox 504 2454 732 2499; x_wconf 81' lang='lat' dir='ltr'><strong>latinitatis</strong></span> <span class='ocrx_word' id='word_1_212' title='bbox 775 2453 968 2511; x_wconf 83' lang='lat' dir='ltr'><strong>postulat</strong></span> <span class='ocrx_word' id='word_1_213' title='bbox 1012 2457 1170 2495; x_wconf 80' lang='lat' dir='ltr'><strong>adsta-</strong></span> 
     </span>
     <span class='ocr_line' id='line_1_30' title="bbox 274 2511 995 2560; baseline -0.01 -1"><span class='ocrx_word' id='word_1_214' title='bbox 274 2523 398 2560; x_wconf 83' lang='lat' dir='ltr'><strong>rent.</strong></span> <span class='ocrx_word' id='word_1_215' title='bbox 459 2513 548 2556; x_wconf 86' lang='lat' dir='ltr'><strong>Sed</strong></span> <span class='ocrx_word' id='word_1_216' title='bbox 577 2511 636 2554; x_wconf 88' lang='lat' dir='ltr'><strong>cf.</strong></span> <span class='ocrx_word' id='word_1_217' title='bbox 661 2520 757 2554; x_wconf 85' lang='lat' dir='ltr'><strong>not.</strong></span> <span class='ocrx_word' id='word_1_218' title='bbox 782 2511 834 2553; x_wconf 86' lang='lat' dir='ltr'><strong>ad</strong></span> <span class='ocrx_word' id='word_1_219' title='bbox 861 2511 902 2558; x_wconf 67' lang='grc' dir='ltr'><strong>Ξ,</strong></span> <span class='ocrx_word' id='word_1_220' title='bbox 921 2511 995 2553; x_wconf 78' lang='grc'><strong>26.</strong></span> 
     </span>
    </p>

    <p class='ocr_par' dir='ltr' id='par_1_9' title="bbox 260 2567 1169 2791">
     <span class='ocr_line' id='line_1_31' title="bbox 327 2567 1165 2630; baseline -0.005 -15"><span class='ocrx_word' id='word_1_221' title='bbox 327 2574 615 2630; x_wconf 68' lang='lat' dir='ltr'><strong>praetulere.</strong></span> <span class='ocrx_word' id='word_1_222' title='bbox 677 2569 754 2612; x_wconf 82' lang='lat' dir='ltr'><strong>Sic</strong></span> <span class='ocrx_word' id='word_1_223' title='bbox 787 2567 890 2612; x_wconf 89' lang='lat' dir='ltr'><strong>cod.</strong></span> <span class='ocrx_word' id='word_1_224' title='bbox 927 2567 1029 2611; x_wconf 80' lang='lat' dir='ltr'><strong>MS.</strong></span> <span class='ocrx_word' id='word_1_225' title='bbox 1064 2569 1165 2611; x_wconf 87' lang='lat' dir='ltr'><strong>edd.</strong></span> 
     </span>
     <span class='ocr_line' id='line_1_32' title="bbox 273 2626 1169 2692; baseline -0.008 -18"><span class='ocrx_word' id='word_1_226' title='bbox 273 2639 376 2692; x_wconf 85' lang='lat' dir='ltr'><strong>post</strong></span> <span class='ocrx_word' id='word_1_227' title='bbox 417 2629 506 2672; x_wconf 87' lang='lat' dir='ltr'><strong>Iac.</strong></span> <span class='ocrx_word' id='word_1_228' title='bbox 554 2626 759 2669; x_wconf 82' lang='lat' dir='ltr'><strong>Gronov.</strong></span> <span class='ocrx_word' id='word_1_229' title='bbox 837 2629 1169 2681; x_wconf 77' lang='lat' dir='ltr'><strong>praetulerunt</strong></span> 
     </span>
     <span class='ocr_line' id='line_1_33' title="bbox 260 2683 1163 2742; baseline -0.007 -10"><span class='ocrx_word' id='word_1_230' title='bbox 260 2688 379 2732; x_wconf 61' lang='lat' dir='ltr'><strong>ze&#39;dd.</strong></span> <span class='ocrx_word' id='word_1_231' title='bbox 412 2685 623 2730; x_wconf 88' lang='lat' dir='ltr'><strong>Beroald.</strong></span> <span class='ocrx_word' id='word_1_232' title='bbox 656 2700 756 2742; x_wconf 86' lang='lat' dir='ltr'><strong>sqq.</strong></span> <span class='ocrx_word' id='word_1_233' title='bbox 801 2698 941 2741; x_wconf 88' lang='lat' dir='ltr'><strong>usque</strong></span> <span class='ocrx_word' id='word_1_234' title='bbox 983 2683 1038 2726; x_wconf 88' lang='lat' dir='ltr'><strong>ad</strong></span> <span class='ocrx_word' id='word_1_235' title='bbox 1068 2684 1163 2731; x_wconf 85' lang='lat' dir='ltr'><strong>Iac.</strong></span> 
     </span>
     <span class='ocr_line' id='line_1_34' title="bbox 273 2744 582 2791; baseline -0.019 0"><span class='ocrx_word' id='word_1_236' title='bbox 273 2744 582 2791; x_wconf 86' lang='lat' dir='ltr'><strong>Gronovium.</strong></span> 
     </span>
    </p>

    <p class='ocr_par' dir='ltr' id='par_1_10' title="bbox 248 2798 1164 3538">
     <span class='ocr_line' id='line_1_35' title="bbox 327 2798 1163 2856; baseline -0.007 -10"><span class='ocrx_word' id='word_1_237' title='bbox 327 2805 546 2856; x_wconf 79' lang='lat' dir='ltr'><strong>deligere.</strong></span> <span class='ocrx_word' id='word_1_238' title='bbox 606 2799 684 2843; x_wconf 90' lang='lat' dir='ltr'><strong>Sic</strong></span> <span class='ocrx_word' id='word_1_239' title='bbox 704 2799 803 2842; x_wconf 81' lang='lat' dir='ltr'><strong>cod.</strong></span> <span class='ocrx_word' id='word_1_240' title='bbox 826 2799 927 2842; x_wconf 89' lang='lat' dir='ltr'><strong>MS.</strong></span> <span class='ocrx_word' id='word_1_241' title='bbox 951 2798 1073 2841; x_wconf 90' lang='lat' dir='ltr'><strong>unde</strong></span> <span class='ocrx_word' id='word_1_242' title='bbox 1097 2814 1163 2841; x_wconf 88' lang='lat' dir='ltr'><strong>re-</strong></span> 
     </span>
     <span class='ocr_line' id='line_1_36' title="bbox 267 2855 1164 2911; baseline -0.008 -6"><span class='ocrx_word' id='word_1_243' title='bbox 267 2861 413 2911; x_wconf 48' lang='lat' dir='ltr'><strong>..stituit</strong></span> <span class='ocrx_word' id='word_1_244' title='bbox 424 2858 633 2903; x_wconf 81' lang='lat' dir='ltr'><strong>Pie-hena.</strong></span> <span class='ocrx_word' id='word_1_245' title='bbox 692 2856 808 2899; x_wconf 83' lang='lat' dir='ltr'><strong>Edd.</strong></span> <span class='ocrx_word' id='word_1_246' title='bbox 821 2857 923 2900; x_wconf 85' lang='lat' dir='ltr'><strong>Ber.</strong></span> <span class='ocrx_word' id='word_1_247' title='bbox 938 2857 1033 2900; x_wconf 84' lang='lat' dir='ltr'><strong>Alc.</strong></span> <span class='ocrx_word' id='word_1_248' title='bbox 1051 2855 1164 2899; x_wconf 82' lang='lat' dir='ltr'><strong>Bhe-</strong></span> 
     </span>
     <span class='ocr_line' id='line_1_37' title="bbox 257 2914 1162 2975; baseline -0.008 -12"><span class='ocrx_word' id='word_1_249' title='bbox 257 2935 378 2963; x_wconf 81' lang='lat' dir='ltr'><strong>¹nan.</strong></span> <span class='ocrx_word' id='word_1_250' title='bbox 400 2933 498 2975; x_wconf 86' lang='lat' dir='ltr'><strong>sqq.</strong></span> <span class='ocrx_word' id='word_1_251' title='bbox 538 2915 684 2969; x_wconf 77' lang='lat' dir='ltr'><strong>deligi</strong></span> <span class='ocrx_word' id='word_1_252' title='bbox 703 2930 776 2963; x_wconf 81' lang='lat' dir='ltr'><strong>se,</strong></span> <span class='ocrx_word' id='word_1_253' title='bbox 809 2931 943 2972; x_wconf 85' lang='lat' dir='ltr'><strong>quam</strong></span> <span class='ocrx_word' id='word_1_254' title='bbox 973 2914 1162 2971; x_wconf 89' lang='lat' dir='ltr'><strong>scriptu-</strong></span> 
     </span>
     <span class='ocr_line' id='line_1_38' title="bbox 270 2972 1164 3029; baseline -0.008 -9"><span class='ocrx_word' id='word_1_255' title='bbox 270 2993 366 3020; x_wconf 76' lang='lat' dir='ltr'><strong>ram</strong></span> <span class='ocrx_word' id='word_1_256' title='bbox 386 2974 513 3019; x_wconf 81' lang='lat' dir='ltr'><strong>variis</strong></span> <span class='ocrx_word' id='word_1_257' title='bbox 533 2972 919 3025; x_wconf 83' lang='lat' dir='ltr'><strong>emendationibus</strong></span> <span class='ocrx_word' id='word_1_258' title='bbox 940 2972 1164 3029; x_wconf 86' lang='lat' dir='ltr'><strong>corrigere</strong></span> 
     </span>
     <span class='ocr_line' id='line_1_39' title="bbox 270 3032 811 3087; baseline -0.007 -11"><span class='ocrx_word' id='word_1_259' title='bbox 270 3033 510 3077; x_wconf 84' lang='lat' dir='ltr'><strong>studebant</strong></span> <span class='ocrx_word' id='word_1_260' title='bbox 529 3032 811 3087; x_wconf 81' lang='lat' dir='ltr'><strong>interpretes.</strong></span> 
     </span>
     <span class='ocr_line' id='line_1_40' title="bbox 283 3086 1164 3140; baseline -0.006 -8"><span class='ocrx_word' id='word_1_261' title='bbox 283 3129 289 3134; x_wconf 78' lang='grc'><strong>,</strong></span> <span class='ocrx_word' id='word_1_262' title='bbox 318 3089 524 3135; x_wconf 49' lang='lat' dir='ltr'><strong>Ciam.</strong></span> <span class='ocrx_word' id='word_1_263' title='bbox 555 3091 749 3140; x_wconf 79' lang='lat' dir='ltr'><strong>tandem</strong></span> <span class='ocrx_word' id='word_1_264' title='bbox 763 3087 945 3132; x_wconf 83' lang='lat' dir='ltr'><strong>Caesar</strong></span> <span class='ocrx_word' id='word_1_265' title='bbox 966 3087 1014 3129; x_wconf 87' lang='lat' dir='ltr'><strong>in</strong></span> <span class='ocrx_word' id='word_1_266' title='bbox 1030 3086 1164 3128; x_wconf 84' lang='lat' dir='ltr'><strong>Cam-</strong></span> 
     </span>
     <span class='ocr_line' id='line_1_41' title="bbox 259 3145 1164 3206; baseline -0.008 -14"><span class='ocrx_word' id='word_1_267' title='bbox 259 3149 479 3206; x_wconf 73' lang='lat' dir='ltr'><strong>paniam.</strong></span> <span class='ocrx_word' id='word_1_268' title='bbox 547 3146 639 3188; x_wconf 87' lang='lat' dir='ltr'><strong>Alii</strong></span> <span class='ocrx_word' id='word_1_269' title='bbox 674 3145 926 3188; x_wconf 86' lang='lat' dir='ltr'><strong>desiderant</strong></span> <span class='ocrx_word' id='word_1_270' title='bbox 959 3145 1164 3195; x_wconf 80' lang='lat' dir='ltr'><strong>verbum,</strong></span> 
     </span>
     <span class='ocr_line' id='line_1_42' title="bbox 268 3201 1162 3264; baseline -0.009 -14"><span class='ocrx_word' id='word_1_271' title='bbox 268 3206 390 3250; x_wconf 86' lang='lat' dir='ltr'><strong>unde</strong></span> <span class='ocrx_word' id='word_1_272' title='bbox 422 3203 647 3264; x_wconf 86' lang='lat' dir='ltr'><strong>pendeant</strong></span> <span class='ocrx_word' id='word_1_273' title='bbox 678 3203 900 3247; x_wconf 84' lang='lat' dir='ltr'><strong>vocabula</strong></span> <span class='ocrx_word' id='word_1_274' title='bbox 933 3203 984 3244; x_wconf 85' lang='lat' dir='ltr'><strong>in</strong></span> <span class='ocrx_word' id='word_1_275' title='bbox 1019 3201 1162 3243; x_wconf 80' lang='lat' dir='ltr'><strong>Cam-</strong></span> 
     </span>
     <span class='ocr_line' id='line_1_43' title="bbox 254 3258 1163 3316; baseline -0.007 -10"><span class='ocrx_word' id='word_1_276' title='bbox 254 3291 258 3297; x_wconf 56' lang='grc' dir='ltr'><em>ι</em></span> <span class='ocrx_word' id='word_1_277' title='bbox 301 3264 494 3314; x_wconf 77' lang='lat' dir='ltr'><strong>aniam,</strong></span> <span class='ocrx_word' id='word_1_278' title='bbox 545 3268 588 3303; x_wconf 84' lang='lat' dir='ltr'><strong>et</strong></span> <span class='ocrx_word' id='word_1_279' title='bbox 630 3262 752 3304; x_wconf 87' lang='lat' dir='ltr'><strong>varie</strong></span> <span class='ocrx_word' id='word_1_280' title='bbox 787 3259 939 3303; x_wconf 76' lang='lat' dir='ltr'><strong>locuni</strong></span> <span class='ocrx_word' id='word_1_281' title='bbox 972 3258 1163 3316; x_wconf 82' lang='lat' dir='ltr'><strong>explent.</strong></span> 
     </span>
     <span class='ocr_line' id='line_1_44' title="bbox 253 3282 1161 3379; baseline -0.007 -15"><span class='ocrx_word' id='word_1_282' title='bbox 253 3282 471 3379; x_wconf 42' lang='lat' dir='ltr'><strong>liipsius:</strong></span> <span class='ocrx_word' id='word_1_283' title='bbox 520 3319 701 3363; x_wconf 78' lang='lat' dir='ltr'><strong>Caesar</strong></span> <span class='ocrx_word' id='word_1_284' title='bbox 725 3318 779 3358; x_wconf 83' lang='lat' dir='ltr'><strong>iit</strong></span> <span class='ocrx_word' id='word_1_285' title='bbox 805 3317 992 3372; x_wconf 62' lang='lat' dir='ltr'><strong>Carum,</strong></span> <span class='ocrx_word' id='word_1_286' title='bbox 1040 3317 1161 3372; x_wconf 88' lang='lat' dir='ltr'><strong>quod</strong></span> 
     </span>
     <span class='ocr_line' id='line_1_45' title="bbox 269 3373 1160 3433; baseline -0.007 -12"><span class='ocrx_word' id='word_1_287' title='bbox 269 3378 400 3426; x_wconf 84' lang='lat' dir='ltr'><strong>Brot.</strong></span> <span class='ocrx_word' id='word_1_288' title='bbox 433 3377 480 3420; x_wconf 90' lang='lat' dir='ltr'><strong>in</strong></span> <span class='ocrx_word' id='word_1_289' title='bbox 503 3382 762 3421; x_wconf 79' lang='lat' dir='ltr'><strong>contextum</strong></span> <span class='ocrx_word' id='word_1_290' title='bbox 786 3375 968 3433; x_wconf 85' lang='lat' dir='ltr'><strong>recepit.</strong></span> <span class='ocrx_word' id='word_1_291' title='bbox 1027 3373 1160 3416; x_wconf 89' lang='lat' dir='ltr'><strong>Hein-</strong></span> 
     </span>
     <span class='ocr_line' id='line_1_46' title="bbox 248 3432 1160 3485; baseline -0.007 -7"><span class='ocrx_word' id='word_1_292' title='bbox 248 3438 385 3480; x_wconf 69' lang='lat' dir='ltr'><strong>,siusz</strong></span> <span class='ocrx_word' id='word_1_293' title='bbox 423 3435 472 3483; x_wconf 86' lang='lat' dir='ltr'><strong>C.</strong></span> <span class='ocrx_word' id='word_1_294' title='bbox 494 3435 596 3476; x_wconf 82' lang='lat' dir='ltr'><strong>adit</strong></span> <span class='ocrx_word' id='word_1_295' title='bbox 613 3433 776 3485; x_wconf 73' lang='lat' dir='ltr'><strong>Comp.</strong></span> <span class='ocrx_word' id='word_1_296' title='bbox 835 3432 1033 3476; x_wconf 91' lang='lat' dir='ltr'><strong>Crollius</strong></span> <span class='ocrx_word' id='word_1_297' title='bbox 1057 3439 1160 3473; x_wconf 83' lang='lat' dir='ltr'><strong>tan-</strong></span> 
     </span>
     <span class='ocr_line' id='line_1_47' title="bbox 271 3489 1159 3538; baseline -0.008 0"><span class='ocrx_word' id='word_1_298' title='bbox 271 3498 378 3538; x_wconf 83' lang='lat' dir='ltr'><strong>dem</strong></span> <span class='ocrx_word' id='word_1_299' title='bbox 413 3500 556 3537; x_wconf 78' lang='lat' dir='ltr'><strong>mutat</strong></span> <span class='ocrx_word' id='word_1_300' title='bbox 590 3491 639 3536; x_wconf 89' lang='lat' dir='ltr'><strong>in</strong></span> <span class='ocrx_word' id='word_1_301' title='bbox 668 3490 815 3532; x_wconf 83' lang='lat' dir='ltr'><strong>tendit</strong></span> <span class='ocrx_word' id='word_1_302' title='bbox 847 3489 922 3537; x_wconf 87' lang='lat' dir='ltr'><strong>vel</strong></span> <span class='ocrx_word' id='word_1_303' title='bbox 954 3492 1159 3533; x_wconf 85' lang='lat' dir='ltr'><strong>tendere.</strong></span> 
     </span>
    </p>
   </div>
   <div class='ocr_carea' id='block_1_7' title="bbox 1234 2341 2133 3493">
    <p class='ocr_par' dir='ltr' id='par_1_11' title="bbox 1239 2341 2133 2616">
     <span class='ocr_line' id='line_1_48' title="bbox 1242 2341 2133 2404; baseline 0.007 -20"><span class='ocrx_word' id='word_1_304' title='bbox 1242 2343 1301 2384; x_wconf 80' lang='lat' dir='ltr'><strong>At</strong></span> <span class='ocrx_word' id='word_1_305' title='bbox 1323 2341 1488 2384; x_wconf 87' lang='lat' dir='ltr'><strong>rectius</strong></span> <span class='ocrx_word' id='word_1_306' title='bbox 1514 2343 1721 2386; x_wconf 84' lang='lat' dir='ltr'><strong>videntur</strong></span> <span class='ocrx_word' id='word_1_307' title='bbox 1744 2343 1957 2397; x_wconf 75' lang='lat' dir='ltr'><strong>statuere,</strong></span> <span class='ocrx_word' id='word_1_308' title='bbox 1990 2347 2065 2404; x_wconf 88' lang='lat' dir='ltr'><strong>qui</strong></span> <span class='ocrx_word' id='word_1_309' title='bbox 2085 2350 2133 2390; x_wconf 88' lang='lat' dir='ltr'><strong>in</strong></span> 
     </span>
     <span class='ocr_line' id='line_1_49' title="bbox 1242 2403 2132 2461; baseline 0.01 -23"><span class='ocrx_word' id='word_1_310' title='bbox 1242 2406 1399 2456; x_wconf 86' lang='lat' dir='ltr'><strong>putant</strong></span> <span class='ocrx_word' id='word_1_311' title='bbox 1423 2409 1622 2442; x_wconf 84' lang='lat' dir='ltr'><strong>exortum</strong></span> <span class='ocrx_word' id='word_1_312' title='bbox 1649 2417 1670 2442; x_wconf 88' lang='lat' dir='ltr'><strong>e</strong></span> <span class='ocrx_word' id='word_1_313' title='bbox 1694 2403 1984 2461; x_wconf 83' lang='lat' dir='ltr'><strong>corruptione</strong></span> <span class='ocrx_word' id='word_1_314' title='bbox 2012 2405 2132 2447; x_wconf 88' lang='lat' dir='ltr'><strong>verbi</strong></span> 
     </span>
     <span class='ocr_line' id='line_1_50' title="bbox 1241 2454 2133 2505; baseline 0.009 -8"><span class='ocrx_word' id='word_1_315' title='bbox 1241 2454 1445 2498; x_wconf 85' lang='lat' dir='ltr'><strong>alicuius.</strong></span> <span class='ocrx_word' id='word_1_316' title='bbox 1504 2457 1619 2499; x_wconf 87' lang='lat' dir='ltr'><strong>Nam</strong></span> <span class='ocrx_word' id='word_1_317' title='bbox 1641 2457 1799 2502; x_wconf 86' lang='lat' dir='ltr'><strong>Tacito</strong></span> <span class='ocrx_word' id='word_1_318' title='bbox 1829 2461 1991 2504; x_wconf 83' lang='lat' dir='ltr'><strong>talibus</strong></span> <span class='ocrx_word' id='word_1_319' title='bbox 2025 2462 2133 2505; x_wconf 87' lang='lat' dir='ltr'><strong>locis</strong></span> 
     </span>
     <span class='ocr_line' id='line_1_51' title="bbox 1240 2511 2132 2570; baseline 0.008 -16"><span class='ocrx_word' id='word_1_320' title='bbox 1240 2513 1290 2554; x_wconf 85' lang='lat' dir='ltr'><strong>in</strong></span> <span class='ocrx_word' id='word_1_321' title='bbox 1327 2511 1439 2565; x_wconf 60' lang='lat' dir='ltr'><strong>solet</strong></span> <span class='ocrx_word' id='word_1_322' title='bbox 1478 2514 1640 2558; x_wconf 84' lang='lat' dir='ltr'><strong>omitti.</strong></span> <span class='ocrx_word' id='word_1_323' title='bbox 1703 2515 1760 2557; x_wconf 92' lang='lat' dir='ltr'><strong>cf.</strong></span> <span class='ocrx_word' id='word_1_324' title='bbox 1795 2525 1888 2559; x_wconf 87' lang='lat' dir='ltr'><strong>not.</strong></span> <span class='ocrx_word' id='word_1_325' title='bbox 1920 2518 2038 2570; x_wconf 46' lang='lat' dir='ltr'><strong>ade,</strong></span> <span class='ocrx_word' id='word_1_326' title='bbox 2062 2519 2132 2562; x_wconf 81' lang='lat'><strong>54.</strong></span> 
     </span>
     <span class='ocr_line' id='line_1_52' title="bbox 1239 2569 1859 2616; baseline 0.005 -3"><span class='ocrx_word' id='word_1_327' title='bbox 1239 2569 1322 2613; x_wconf 92' lang='lat' dir='ltr'><strong>sub</strong></span> <span class='ocrx_word' id='word_1_328' title='bbox 1343 2585 1385 2609; x_wconf 75' lang='lat' dir='ltr'><strong>v.</strong></span> <span class='ocrx_word' id='word_1_329' title='bbox 1409 2573 1620 2613; x_wconf 73' lang='lat' dir='ltr'><strong>tramisit</strong></span> <span class='ocrx_word' id='word_1_330' title='bbox 1642 2572 1859 2616; x_wconf 80' lang='lat' dir='ltr'><strong>Lesbum.</strong></span> 
     </span>
    </p>

    <p class='ocr_par' dir='ltr' id='par_1_12' title="bbox 1235 2627 2132 2976">
     <span class='ocr_line' id='line_1_53' title="bbox 1297 2627 2132 2680; baseline 0.01 -13"><span class='ocrx_word' id='word_1_331' title='bbox 1297 2630 1491 2680; x_wconf 79' lang='lat' dir='ltr'><strong>templa.</strong></span> <span class='ocrx_word' id='word_1_332' title='bbox 1553 2627 1629 2671; x_wconf 85' lang='lat' dir='ltr'><strong>Sic</strong></span> <span class='ocrx_word' id='word_1_333' title='bbox 1661 2631 1763 2673; x_wconf 89' lang='lat' dir='ltr'><strong>cod.</strong></span> <span class='ocrx_word' id='word_1_334' title='bbox 1789 2630 1889 2673; x_wconf 90' lang='lat' dir='ltr'><strong>MS.</strong></span> <span class='ocrx_word' id='word_1_335' title='bbox 1920 2631 2020 2674; x_wconf 88' lang='lat' dir='ltr'><strong>edd.</strong></span> <span class='ocrx_word' id='word_1_336' title='bbox 2045 2633 2132 2675; x_wconf 89' lang='lat' dir='ltr'><strong>Er-</strong></span> 
     </span>
     <span class='ocr_line' id='line_1_54' title="bbox 1235 2687 2131 2743; baseline 0.01 -18"><span class='ocrx_word' id='word_1_337' title='bbox 1235 2692 1346 2726; x_wconf 89' lang='lat' dir='ltr'><strong>nest.</strong></span> <span class='ocrx_word' id='word_1_338' title='bbox 1372 2700 1470 2743; x_wconf 90' lang='lat' dir='ltr'><strong>sqq.</strong></span> <span class='ocrx_word' id='word_1_339' title='bbox 1532 2689 1760 2741; x_wconf 85' lang='lat' dir='ltr'><strong>templum</strong></span> <span class='ocrx_word' id='word_1_340' title='bbox 1795 2687 1897 2731; x_wconf 84' lang='lat' dir='ltr'><strong>edd.</strong></span> <span class='ocrx_word' id='word_1_341' title='bbox 1923 2689 2131 2734; x_wconf 87' lang='lat' dir='ltr'><strong>Beroald.</strong></span> 
     </span>
     <span class='ocr_line' id='line_1_55' title="bbox 1236 2759 1941 2784; baseline 0.007 0"><span class='ocrx_word' id='word_1_342' title='bbox 1236 2759 1255 2784; x_wconf 90' lang='lat' dir='ltr'><strong>s</strong></span> <span class='ocrx_word' id='word_1_343' title='bbox 1324 2774 1333 2784; x_wconf 93' lang='lat'><strong>.</strong></span> <span class='ocrx_word' id='word_1_344' title='bbox 1937 2765 1941 2770; x_wconf 95' lang='lat'>·</span> 
     </span>
     <span class='ocr_line' id='line_1_56' title="bbox 1259 2757 2131 2859; baseline 0.009 -19"><span class='ocrx_word' id='word_1_345' title='bbox 1259 2757 1420 2854; x_wconf 55' lang='grc' dir='ltr'><strong>Ψιιτριιά</strong></span> <span class='ocrx_word' id='word_1_346' title='bbox 1450 2801 1623 2843; x_wconf 80' lang='lat' dir='ltr'><strong>Nolam</strong></span> <span class='ocrx_word' id='word_1_347' title='bbox 1655 2802 1878 2856; x_wconf 73' lang='lat' dir='ltr'><strong>Augusto.</strong></span> <span class='ocrx_word' id='word_1_348' title='bbox 1940 2803 2030 2859; x_wconf 88' lang='lat' dir='ltr'><strong>Dio</strong></span> <span class='ocrx_word' id='word_1_349' title='bbox 2062 2805 2131 2855; x_wconf 86' lang='lat'><strong>56,</strong></span> 
     </span>
     <span class='ocr_line' id='line_1_57' title="bbox 1235 2855 2125 2921; baseline 0.01 -23"><span class='ocrx_word' id='word_1_350' title='bbox 1235 2857 1414 2915; x_wconf 33' lang='lat' dir='ltr'><strong>4632a2</strong></span> <span class='ocrx_word' id='word_1_351' title='bbox 1448 2860 1492 2900; x_wconf 86' lang='grc' dir='ltr'><strong>οἱ</strong></span> <span class='ocrx_word' id='word_1_352' title='bbox 1522 2861 1598 2900; x_wconf 81' lang='grc' dir='ltr'><strong>καὶ</strong></span> <span class='ocrx_word' id='word_1_353' title='bbox 1621 2855 1647 2913; x_wconf 79' lang='grc' dir='ltr'>ἡ</span> <span class='ocrx_word' id='word_1_354' title='bbox 1672 2859 1722 2902; x_wconf 75' lang='grc' dir='ltr'><strong>ἐν</strong></span> <span class='ocrx_word' id='word_1_355' title='bbox 1745 2862 1797 2919; x_wconf 80' lang='grc' dir='ltr'><strong>τῇ</strong></span> <span class='ocrx_word' id='word_1_356' title='bbox 1824 2856 1960 2921; x_wconf 75' lang='grc' dir='ltr'><em>Νώλῃ</em></span> <span class='ocrx_word' id='word_1_357' title='bbox 1988 2861 2125 2920; x_wconf 80' lang='grc' dir='ltr'><strong><em>οἰκία,</em></strong></span> 
     </span>
     <span class='ocr_line' id='line_1_58' title="bbox 1237 2912 1982 2976; baseline 0.004 -18"><span class='ocrx_word' id='word_1_358' title='bbox 1237 2914 1288 2958; x_wconf 73' lang='grc' dir='ltr'><strong>ἓν</strong></span> <span class='ocrx_word' id='word_1_359' title='bbox 1308 2916 1334 2975; x_wconf 79' lang='grc' dir='ltr'><em>ᾑ</em></span> <span class='ocrx_word' id='word_1_360' title='bbox 1356 2912 1660 2972; x_wconf 77' lang='grc' dir='ltr'><em>μετήλλαξεν,</em></span> <span class='ocrx_word' id='word_1_361' title='bbox 1697 2918 1982 2976; x_wconf 71' lang='grc' dir='ltr'><em>ἕτεμενίσθη.</em></span> 
     </span>
    </p>

    <p class='ocr_par' dir='ltr' id='par_1_13' title="bbox 1235 2974 2128 3130">
     <span class='ocr_line' id='line_1_59' title="bbox 1294 2974 2123 3022; baseline 0.011 -9"><span class='ocrx_word' id='word_1_362' title='bbox 1294 2976 1620 3017; x_wconf 81' lang='lat' dir='ltr'><strong>occultantem.</strong></span> <span class='ocrx_word' id='word_1_363' title='bbox 1658 2974 1758 3018; x_wconf 76' lang='lat' dir='ltr'><strong>&#39;Sic</strong></span> <span class='ocrx_word' id='word_1_364' title='bbox 1791 2976 1890 3019; x_wconf 86' lang='lat' dir='ltr'><strong>edd.</strong></span> <span class='ocrx_word' id='word_1_365' title='bbox 1922 2976 2123 3022; x_wconf 87' lang='lat' dir='ltr'><strong>Rhenan.</strong></span> 
     </span>
     <span class='ocr_line' id='line_1_60' title="bbox 1235 3030 2128 3088; baseline 0.007 -16"><span class='ocrx_word' id='word_1_366' title='bbox 1235 3045 1335 3088; x_wconf 89' lang='lat' dir='ltr'><strong>sqq.</strong></span> <span class='ocrx_word' id='word_1_367' title='bbox 1394 3030 1642 3075; x_wconf 86' lang='lat' dir='ltr'><strong>Beroaldus</strong></span> <span class='ocrx_word' id='word_1_368' title='bbox 1673 3031 1870 3075; x_wconf 86' lang='lat' dir='ltr'><strong>ediderat</strong></span> <span class='ocrx_word' id='word_1_369' title='bbox 1895 3038 2128 3078; x_wconf 83' lang='lat' dir='ltr'><strong>occultan-</strong></span> 
     </span>
     <span class='ocr_line' id='line_1_61' title="bbox 1236 3089 1307 3130; baseline 0.042 -3"><span class='ocrx_word' id='word_1_370' title='bbox 1236 3089 1307 3130; x_wconf 82' lang='lat' dir='ltr'><strong>tis.</strong></span> 
     </span>
    </p>

    <p class='ocr_par' dir='ltr' id='par_1_14' title="bbox 1234 3147 2129 3359">
     <span class='ocr_line' id='line_1_62' title="bbox 1293 3147 2129 3202; baseline 0.008 -15"><span class='ocrx_word' id='word_1_371' title='bbox 1293 3147 1503 3200; x_wconf 85' lang='lat' dir='ltr'><strong>corporis</strong></span> <span class='ocrx_word' id='word_1_372' title='bbox 1535 3161 1716 3202; x_wconf 81' lang='lat' dir='ltr'><strong>quoque</strong></span> <span class='ocrx_word' id='word_1_373' title='bbox 1754 3148 1981 3191; x_wconf 76' lang='lat' dir='ltr'><strong>habitum.</strong></span> <span class='ocrx_word' id='word_1_374' title='bbox 2051 3150 2129 3195; x_wconf 87' lang='lat' dir='ltr'><strong>Sic</strong></span> 
     </span>
     <span class='ocr_line' id='line_1_63' title="bbox 1237 3203 2125 3263; baseline 0.009 -19"><span class='ocrx_word' id='word_1_375' title='bbox 1237 3203 1340 3245; x_wconf 87' lang='lat' dir='ltr'><strong>cod.</strong></span> <span class='ocrx_word' id='word_1_376' title='bbox 1375 3203 1474 3246; x_wconf 90' lang='lat' dir='ltr'><strong>MS.</strong></span> <span class='ocrx_word' id='word_1_377' title='bbox 1509 3204 1610 3247; x_wconf 80' lang='lat' dir='ltr'><strong>edd.</strong></span> <span class='ocrx_word' id='word_1_378' title='bbox 1643 3204 1823 3247; x_wconf 80' lang='lat' dir='ltr'><strong>Ernest.</strong></span> <span class='ocrx_word' id='word_1_379' title='bbox 1857 3222 1951 3263; x_wconf 89' lang='lat' dir='ltr'><strong>sqq.</strong></span> <span class='ocrx_word' id='word_1_380' title='bbox 2008 3207 2125 3252; x_wconf 83' lang='lat' dir='ltr'><strong>Edd.</strong></span> 
     </span>
     <span class='ocr_line' id='line_1_64' title="bbox 1234 3259 2127 3319; baseline 0.008 -18"><span class='ocrx_word' id='word_1_381' title='bbox 1234 3259 1442 3304; x_wconf 86' lang='lat' dir='ltr'><strong>Beroald.</strong></span> <span class='ocrx_word' id='word_1_382' title='bbox 1469 3277 1566 3319; x_wconf 90' lang='lat' dir='ltr'><strong>sqq.</strong></span> <span class='ocrx_word' id='word_1_383' title='bbox 1598 3277 1774 3317; x_wconf 83' lang='lat' dir='ltr'><strong>quoque</strong></span> <span class='ocrx_word' id='word_1_384' title='bbox 1798 3265 2004 3318; x_wconf 78' lang='lat' dir='ltr'><strong>corporis</strong></span> <span class='ocrx_word' id='word_1_385' title='bbox 2036 3268 2127 3307; x_wconf 80' lang='lat' dir='ltr'><strong>ha-</strong></span> 
     </span>
     <span class='ocr_line' id='line_1_65' title="bbox 1234 3318 1394 3359; baseline 0.006 -1"><span class='ocrx_word' id='word_1_386' title='bbox 1234 3318 1394 3359; x_wconf 82' lang='lat' dir='ltr'><strong>bitum.</strong></span> 
     </span>
    </p>

    <p class='ocr_par' dir='ltr' id='par_1_15' title="bbox 1234 3375 2120 3493">
     <span class='ocr_line' id='line_1_66' title="bbox 1286 3375 2120 3429; baseline 0.01 -12"><span class='ocrx_word' id='word_1_387' title='bbox 1286 3375 1606 3429; x_wconf 75' lang='lat' dir='ltr'><strong>praegracilis.</strong></span> <span class='ocrx_word' id='word_1_388' title='bbox 1703 3375 1883 3421; x_wconf 87' lang='lat' dir='ltr'><strong>Scilicet</strong></span> <span class='ocrx_word' id='word_1_389' title='bbox 1943 3381 1988 3422; x_wconf 91' lang='lat' dir='ltr'><strong>in</strong></span> <span class='ocrx_word' id='word_1_390' title='bbox 2049 3398 2120 3425; x_wconf 86' lang='lat' dir='ltr'><strong>se—</strong></span> 
     </span>
     <span class='ocr_line' id='line_1_67' title="bbox 1234 3433 2119 3493; baseline 0.008 -19"><span class='ocrx_word' id='word_1_391' title='bbox 1234 3441 1437 3484; x_wconf 88' lang='lat' dir='ltr'><strong>nectute;</strong></span> <span class='ocrx_word' id='word_1_392' title='bbox 1475 3447 1577 3473; x_wconf 87' lang='lat' dir='ltr'><strong>nam</strong></span> <span class='ocrx_word' id='word_1_393' title='bbox 1611 3433 1664 3476; x_wconf 90' lang='lat' dir='ltr'><strong>de</strong></span> <span class='ocrx_word' id='word_1_394' title='bbox 1689 3433 1771 3476; x_wconf 89' lang='lat' dir='ltr'><strong>alia</strong></span> <span class='ocrx_word' id='word_1_395' title='bbox 1795 3444 1932 3479; x_wconf 81' lang='lat' dir='ltr'><strong>aetate</strong></span> <span class='ocrx_word' id='word_1_396' title='bbox 1955 3437 2119 3493; x_wconf 73' lang='lat' dir='ltr'><strong>intelli-</strong></span> 
     </span>
    </p>
   </div>
   <div class='ocr_carea' id='block_1_8' title="bbox 1232 3489 2122 3553">
    <p class='ocr_par' dir='ltr' id='par_1_16' title="bbox 1232 3489 2122 3553">
     <span class='ocr_line' id='line_1_68' title="bbox 1232 3489 2122 3553; baseline 0.006 -21"><span class='ocrx_word' id='word_1_397' title='bbox 1232 3490 1419 3553; x_wconf 58' lang='lat' dir='ltr'><strong>gendus</strong></span> <span class='ocrx_word' id='word_1_398' title='bbox 1442 3489 1658 3540; x_wconf 69' lang='lat' dir='ltr'><strong>estSuet.</strong></span> <span class='ocrx_word' id='word_1_399' title='bbox 1691 3489 1794 3534; x_wconf 85' lang='lat' dir='ltr'><strong>Tib.</strong></span> <span class='ocrx_word' id='word_1_400' title='bbox 1834 3508 1875 3536; x_wconf 90' lang='lat' dir='ltr'><strong>c.</strong></span> <span class='ocrx_word' id='word_1_401' title='bbox 1907 3495 1976 3538; x_wconf 87' lang='lat'><strong>68.</strong></span> <span class='ocrx_word' id='word_1_402' title='bbox 2049 3495 2122 3538; x_wconf 84' lang='lat' dir='ltr'><strong>Nil</strong></span> 
     </span>
    </p>
   </div>
  </div>
 </body>
</html>
