2222 4030
1768 129 1820 169 A.
1833 130 1886 167 U.
1910 131 1993 169 786.

1767 175 1818 210 A.
1841 174 1888 214 C.
1934 177 1995 213 33,

210 133 339 192 ass
895 103 1406 190 ANNvA'LIUM

133 331 135 333 ¹
213 261 488 323 cumiecti
518 260 787 317 custodes
824 270 882 318 et
910 259 977 316 in
1007 279 1342 317 maerorem
1373 258 1656 339 cuiusque
1691 259 1907 320 intenti
1949 283 2081 320 cor·
2110 285 2111 289 ¹
2171 331 2176 341 ι

213 370 362 427 pora
395 348 719 423 putrefacta
752 346 1227 414 adsectabantur‚
1281 346 1426 402 dum
1472 345 1539 402 in
1576 345 1848 407 Tiberim
1874 346 2081 405 trahe-

213 445 448 503 rentur,
481 432 590 489 ubi
612 431 908 488 fluitantia
928 442 1030 488 aut
1050 429 1195 505 ripis
1222 431 1468 505 adpulsa
1489 451 1612 488 non
1637 452 1894 489 cremare
1918 435 2082 510 quis-

215 537 423 597 quam,
491 537 618 574 non
662 515 1018 590 contingere.
1124 514 1505 574 interciderat
1556 518 1731 574 sortis
1783 513 2087 576 humanae

209 602 635 663 commercium
677 601 742 658 vi
782 614 1002 670 metim,
1056 612 1462 678 quantumque
1506 603 1749 660 saevitia
1797 604 2081 677 glisceret,

213 689 515 748 miseratio
546 687 870 747 arcebatur.

382 799 519 861 XX.
606 798 733 858 Sub
778 799 937 854 idem
976 806 1208 872 tempus
1244 795 1313 858 C.
1347 795 1563 856 Caesar
1603 799 1929 858 discedenti
1964 800 2081 860 Ca·—

175 916 181 929 ,
210 906 383 965 preas
418 905 528 943 avo
557 902 750 942 comes
773 881 1084 940 Claudiam
1107 880 1196 942 M.
1225 881 1416 972 Silani
1451 885 1636 941 filiam
1669 887 1947 960 coniugio
1980 909 2080 945 ac·-

211 974 397 1050 cepit‚
440 972 761 1028 immanem
797 967 1064 1024 animum
1090 969 1340 1025 subdola
1367 970 1654 1027 modestia
1681 981 1913 1045 tegenS‚
1954 993 2079 1030 non

212 1057 596 1117 damnatione
643 1053 876 1123 matriS‚
943 1072 1071 1109 non
1122 1053 1324 1110 exsilio
1381 1055 1632 1112 fratrum
1689 1067 1861 1132 rupta
1907 1079 2077 1115 voce:

211 1131 448 1224 qualem
471 1143 628 1199 diem
653 1138 932 1196 Tiberius
955 1139 1272 1209 induisset,
1306 1141 1439 1215 pari
1458 1137 1698 1211 habitu,
1732 1137 1896 1214 haud
1920 1145 2080 1201 mul-

208 1218 340 1290 tum
363 1227 717 1286 distantibus
743 1224 961 1283 verbiS.

205 1317 353 1375 toris
388 1315 611 1371 dictum
646 1308 1040 1386 percrebruit:
1086 1331 1278 1388 neque
1310 1312 1620 1369 meliorem
1653 1334 1921 1390 unquam
1954 1335 2076 1372 ser-

207 1422 351 1460 vum
377 1417 568 1475 neque
597 1396 952 1453 deteriorem
977 1396 1290 1453 dominum
1312 1397 1510 1459 fuisse.
1596 1396 1738 1456 Non
1771 1401 2073 1458 omiserim

202 1637 417 1698 nequibat
438 1632 598 1685 vetari,
629 1630 679 1676 fit
703 1631 837 1675 etiam
861 1639 1105 1675 transeun-
1176 1630 1399 1699 ple-rique.
1469 1631 1616 1701 Nemo
1647 1641 1796 1678 tamen
1831 1632 2074 1680 locutionis

206 1699 282 1742 do.
341 1695 401 1739 At
431 1692 611 1736 diutius
641 1691 796 1733 visere
828 1704 924 1731 non
961 1688 1104 1732 daba—
1173 1695 1400 1732 rationem
1422 1689 1634 1734 reddndn.
1692 1691 1864 1750 Nempe
1889 1693 2074 1738 brevius

1046 1226 1210 1282 unde
1233 1244 1371 1282 mox
1408 1227 1618 1284 scitum
1640 1225 1907 1285 PasSieni
1943 1250 2078 1287 ora-
2141 1233 2150 1239 “

197 1765 290 1801 tur.
1176 1746 1344 1790 Noster
1366 1747 1499 1792 dicit:

201 1830 206 1835 ·
262 1809 484 1856 Tiberim.
544 1805 621 1850 Sic
645 1805 748 1849 edd.
769 1804 977 1849 Rhenan.
996 1820 1104 1881 .⁵qq'

202 1872 440 1932 Zyberim‚
470 1865 572 1910 edd.
594 1863 803 1907 Beroald.
829 1862 931 1931 Alc.
999 1883 1003 1890 ·

242 1927 560 1972 'interciderat
577 1955 587 1967 .
603 1955 614 1966 .
631 1935 981 1964 commentum.
1041 1919 1102 1963 H.

202 1997 241 2034 e.
301 1986 395 2030 uod
428 1981 555 2026 alteri
585 1979 834 2029 acciderat,
868 1979 922 2021 ab
956 1977 1102 2022 altero

202 2033 531 2104 accipiebatur,
581 2046 793 2097 tanquam
828 2035 885 2080 ad
921 2052 969 2080 se
1004 2051 1100 2080 non

201 2105 464 2164 pertineret.

260 2175 312 2217 υί
347 2178 514 2215 melu-⁹.
590 2167 713 2212 Male
755 2165 1001 2217 lacessunt,
1053 2173 1101 2209 ut

200 2235 403 2282 mutent,
423 2226 596 2284 Lipsius
619 2226 667 2268 in
687 2226 746 2272 vz',
778 2231 933 2276 metu5
966 2222 1101 2268 Hein.

198 2292 290 2341 Sius
306 2290 363 2342 'in
385 2287 460 2330 sui
478 2291 621 2327 metu.
684 2282 728 2323 V
729 2283 770 2324 is
794 2280 868 2324 hic
893 2281 1101 2348 exprimit

205 2343 408 2395 ⁴raecum
433 2338 578 2400 ἰσχύς.
615 2337 825 2399 Ἰσχυρὸν
849 2343 1004 2395 φοβον
1025 2338 1107 2381 ha·-

199 2366 280 2452 bes
305 2402 424 2464 apud
444 2386 652 2459 Xenopli.
672 2398 842 2456 Cyrop.
864 2395 908 2444 3,
932 2398 971 2445 1,
994 2395 1068 2439 23.

256 2477 372 2523 Cn.
396 2475 471 2519 20.
533 2470 747 2525 coniugio
769 2469 960 2523 accepit.
1021 2466 1100 2511 Sic

198 2526 241 2590 8,
261 2536 302 2580 9.
327 2531 566 2590 praesidio
577 2528 771 2584 Africae
787 2527 1083 2578 ducebatur.⁴

257 2604 425 2651 exsilio
447 2601 687 2702 gairum.
753 2595 888 2642 Unus
922 2603 1098 2640 tanturn

194 2667 417 2711 fratrum,
497 2673 599 2706 er0‚
631 2656 680 2700 in
714 2653 943 2706 exsilium,
975 2652 1098 2712 quod

116 2751 123 2757 -
198 2723 340 2780 vulgo
381 2717 570 2767 dicitur,
627 2722 755 2758 actus
797 2721 914 2766 erat;
969 2713 1096 2759 alter,

196 2782 402 2828 Drusus,
453 2776 502 2818 in
534 2774 623 2817 ima
639 2770 804 2874 ὗεΙεῑίἰ
832 2778 958 2827 parte
998 2778 1096 2813 tum

194 2834 548 2885 custodiebatur.
689 2828 888 2886 triusque
947 2835 1095 2871 tamen

195 2895 345 2941 fratris
373 2900 543 2936 sortem
576 2886 714 2931 exsilii
746 2883 971 2930 vocabulo
995 2884 1095 2927 No-

192 2961 291 3001 ster
323 2947 576 2998 coniunxit,
624 2953 676 2987 ut
708 2943 936 2994 exsilium,
989 2943 1092 2993 ἐξο-

196 3005 384 3070 ρὶσμός,
432 3005 706 3071 intelligatur
746 3002 794 3044 in
833 3001 1107 3044 universum<

195 3072 251 3115 de
275 3067 354 3119 iis,-
414 3063 462 3106 ui
486 3063 641 3105 limine
666 3061 829 3106 domus
860 3058 1090 3117 principa-

194 3130 249 3173 lis
277 3081 630 3183 expellebantur.

255 3197 447 3255 qualem
474 3191 600 3234 diem
623 3187 675 3231 T.
708 3188 951 3238 induisset,
978 3188 1096 3242 pari

195 3255 375 3303 habitu.
432 3249 468 3294 I.
483 3249 560 3291 Fr.
579 3246 842 3290 Gronovius
865 3246 1091 3301 interpre-

195 3323 340 3360 tatur:
371 3305 588 3366 „qualem
609 3304 807 3347 animum
825 3303 1092 3360 vultumque

231 3385 380 3427 uoque
408 3367 479 3410 die
507 3361 768 3421 sumpsisset
790 3362 863 3406 vel
889 3361 1094 3417 gessisset

196 3389 432 3478 :liba-ius,
469 3423 600 3466 talem
629 3430 673 3464 et
702 3419 795 3521 igse
819 3419 1015 3462 induens
1044 3434 1095 3460 ac

198 3501 305 3548 prae
345 3499 390 3529 se
427 3478 638 3524 ferens.”
758 3477 803 3520 ui
838 3476 1094 3521 adsentiunt

1533 1751 1722 1805 qualem
1744 1750 1872 1792 diem
1894 1751 2072 1795 induis-

1174 1813 1247 1848 set
1279 1819 1387 1864 pro,
1433 1804 1612 1864 qualem
1649 1806 1770 1850 diem
1801 1807 1957 1852 habitu
1993 1810 2074 1853 in·

1177 1863 1287 1905 dut'o
1315 1863 1594 1908 ostendisset.
1653 1865 1865 1908 Habitus
1889 1865 1934 1909 in
1967 1868 2070 1913 uni-

1176 1936 1360 1965 versum
1395 1930 1461 1964 est
1493 1923 1642 1965 omnis
1674 1921 1720 1966 in
1751 1924 1944 1978 externis
1976 1942 2072 1970 sese

1174 1977 1370 2022 habendi
1398 1978 1532 2028 ratio.
1607 1979 1809 2039 Qualem
1841 1981 1968 2025 diem
1996 1983 2071 2027 in-

1173 2036 1326 2096 tellige
1358 2037 1530 2081 tristem
1555 2037 1650 2082 sive
1675 2039 1863 2089 laetum,
1902 2039 2070 2085 festum

1174 2094 1269 2140 sive
1310 2094 1523 2138 infestum
1576 2096 1654 2151 (cs.
1697 2112 1736 2140 c.
1766 2098 1838 2140 21.
1879 2101 2070 2153 qualem

1171 2154 1297 2195 diem
1328 2155 1560 2210 haberet).
1619 2153 1724 2198 Alio
1762 2155 1882 2198 enirn
1915 2155 2070 2200 habitu

1171 2211 1322 2254 solent
1354 2210 1421 2253 uti
1452 2227 1534 2270 per
1576 2211 1695 2254 diem
1738 2211 1928 2265 laetum,
1980 2213 2068 2257 alio

1205 2284 1255 2312 er
1311 2268 1429 2313 diem
1474 2269 1646 2312 tristem
1697 2268 1770 2315 vel
1814 2269 2068 2329 vulgarem.

1170 2284 1422 2370 gossumus
1453 2326 1614 2384 igitur,
1654 2326 1741 2370 nisi
1781 2326 1941 2378 fallor,
1986 2346 2063 2374 su-

1170 2384 1409 2441 persedere
1470 2385 1890 2439 emendationibus,
1954 2401 2070 2447 quos

1170 2456 1449 2500 proposuere
1505 2441 1811 2486 Ver-tranius:
1880 2449 2069 2502 qualem

1167 2499 1269 2551 die,
1328 2498 1540 2541 Huetius:
1594 2500 1782 2554 qualem
1829 2501 1878 2544 in
1928 2504 2068 2555 diem,

1233 2555 1293 2599 od
1330 2566 1542 2614 recepere
1565 2555 1823 2608 Broterius,
1855 2557 2065 2610 Crollius,

1166 2570 1437 2682 ffipertius3
1454 2612 1687 2657 Heinsius:
1702 2618 1889 2671 qualem
1901 2621 1958 2659 de
1967 2620 2068 2671 die,-

1168 2669 1428 2716 Amdaliusz
1459 2673 1614 2724 vultu,
1645 2675 1835 2730 qualem
1857 2673 1912 2719 Τ.
1934 2677 2032 2720 ind.

1222 2758 1356 2799 haud
1384 2758 1588 2798 multum
1611 2759 1656 2799 d.
1679 2757 1844 2800 verbis.
1906 2759 2066 2804 Verba

1166 2813 1382 2858 nonnulli
1403 2814 1756 2872 interpretantur
1769 2814 2062 2876 Aeusserun-

1165 2886 1270 2926 gen.
1342 2871 1431 2914 Sed
1466 2870 1553 2915 hoc
1587 2873 1857 2916 vocabulum
1887 2875 2061 2933 signifi-

1168 2938 1238 2973 cat
1270 2929 1459 2979 iudicia,
1497 2944 1608 2987 quae
1645 2930 1744 2986 quis
1775 2929 1864 2974 fert
1897 2932 1950 2976 de
1980 2933 2063 2979 hae

1163 2988 1237 3031 vel
1263 2987 1336 3031 illa
1356 3003 1419 3030 re.
1478 2986 1563 3030 Hic
1586 2996 1736 3031 tamen
1770 2988 2061 3046 cogitandum

1164 3053 1229 3088 est
1249 3043 1304 3087 de
1327 3043 1576 3088 imitatione
1597 3045 1835 3090 sermonis.

1220 3130 1522 3181 percrebruit.
1595 3128 1673 3173 Sic
1706 3129 1810 3172 edd.
1840 3130 2056 3178 Beroald.

1163 3186 1267 3233 Alc.
1302 3186 1508 3229 Rhenan.
1590 3186 1708 3245 Lips.
1740 3186 1887 3245 prima
1922 3197 1963 3232 et
1994 3190 2060 3234 sic

1164 3244 1454 3288 scribendum
1513 3260 1605 3287 esse
1659 3244 1815 3287 docuit
1865 3246 2057 3290 Ouden-

1166 3303 1296 3360 dorp.
1331 3303 1383 3345 ad
1411 3301 1533 3345 Suet.
1558 3301 1641 3345 Iul.
1672 3317 1710 3344 c.
1735 3303 1804 3346 79.
1865 3303 2058 3359 (Eodem

1164 3361 1302 3402 modo
1316 3360 1553 3402 scribimus
1565 3360 1792 3412 nigrescu,
1811 3365 2060 3419 aegresco.)

1160 3418 1425 3472 percrebuit
1456 3416 1556 3460 edd.
1585 3416 1690 3460 Ald.
1721 3417 1899 3476 Micyll.
1934 3419 2055 3479 Lips.

1164 3475 1462 3532 posteriores,
1494 3473 1620 3518 Pich.
1643 3473 1776 3519 Grut.
1797 3491 1894 3535 sqq.
