2222 4030
1793 192 1845 272 2:
1859 194 1912 276 ¹3:
1933 197 2014 278 ⁷231:

252 195 376 252 516
912 191 1428 254 ANNALIUM

246 322 530 381 memoria
553 322 824 380 laborum
855 334 913 382 et
936 325 1246 382 adversum
1281 323 1582 394 eludentes
1617 336 1847 400 optatae
1881 333 2098 389 totiens

245 428 476 486 pugnae
508 428 567 463 se
596 409 844 486 quisque
878 410 1110 468 ultione
1146 421 1202 464 et
1236 409 1520 481 sang-uine
1555 412 1880 485 explebant.
1963 410 2098 479 Dif-

243 496 431 551 fertur
474 513 581 570 per
630 495 990 569 manipulos,
1046 493 1481 550 Tacfarinatem
1515 515 1720 551 omnes
1761 512 1971 557 notum
2010 513 2099 560 tot

242 578 484 654 proeliis
522 591 951 637 consectentur:
994 598 1117 636 non
1152 578 1271 632 nisi
1303 579 1452 635 duce
1487 573 1794 638 interfecto
1833 586 2098 661 requiem

241 663 386 719 belli
411 664 555 722 fore.
641 675 700 725 at
736 665 835 721 ille
871 665 1106 722 deiectis
1133 663 1354 720 circum
1375 663 1756 740 stipatoribus
1781 670 2097 747 vinctoque

240 747 361 805 iam
380 749 502 805 filio
529 760 585 806 et
609 749 803 806 effusis
829 751 1091 825 undique
1114 746 1405 806 Romanis
1427 752 1654 807 ruendo
1679 751 1751 812 in,
1770 755 1886 810 tela
1912 756 2096 830 capti—

238 833 478 891 vitatem
504 830 664 891 haud
691 834 878 891 inulta
902 845 1090 890 morte
1119 833 1338 906 effugit.

399 917 632 978 XXVI.
719 918 889 994 Isque
935 919 1070 974 finis
1117 919 1297 973 armis
1339 918 1665 993 impositus.
1750 920 2093 980 Dolabellae

237 1003 463 1078 petenti
485 1004 696 1061 abnuit
718 999 1096 1079 triumphalia
1124 1001 1408 1059 Tiberius
1431 1003 1646 1062 Seiano
1677 1006 1976 1078 tribuens,
2018 1030 2094 1065 ne

235 1085 432 1145 Blaesi
458 1089 736 1146 avunculi
775 1088 898 1144 eius
930 1090 1058 1145 laus
1087 1087 1492 1148 obsolesceret.
1578 1091 1680 1147 sed
1703 1111 1894 1168 neque
1918 1090 2094 1150 Blae-

236 1193 334 1230 sus
368 1174 501 1231 ideo
541 1173 848 1230 inlustrior
879 1186 938 1231 et
970 1170 1107 1232 huic
1132 1185 1376 1247 negatus
1396 1169 1594 1231 honor
1622 1176 1871 1249 gloriam
1895 1178 2093 1235 inten-

234 1259 342 1318 dit.
428 1260 647 1336 quippe
682 1259 914 1315 minore
951 1260 1205 1316 exercitu
1238 1258 1485 1332 insignis
1523 1262 1810 1336 captiVOS‚
1855 1264 2092 1319 caedem

231 1345 400 1401 ducis
423 1345 682 1420 bellique
716 1345 962 1401 confecti
996 1345 1214 1402 famam
1238 1345 1593 1419 deportarat.
1679 1345 2092 1423 Sequebantur

231 1440 289 1486 et
313 1427 741 1486 Garamantum
777 1429 953 1503 legati
987 1450 1122 1487 raro
1162 1429 1226 1484 in
1259 1430 1407 1486 urbe
1443 1430 1586 1500 visi,
1639 1451 1786 1508 quos
1821 1431 2088 1490 Tacfari-

228 1526 364 1571 nate
394 1535 555 1571 caeso
582 1515 846 1589 perculsa
872 1535 1144 1589 gens’nec
1169 1515 1372 1591 culpae
1398 1515 1592 1571 nescia
1619 1518 1694 1572 ad
1730 1517 2091 1574 satisfacien-

228 1600 373 1656 dum
409 1600 632 1675 populo
670 1597 948 1657 Romano
983 1602 1239 1659 miserat.
1334 1597 1603 1674 Cognitis
1639 1598 1854 1658 dehinc
1888 1602 2090 1659 Ptole-

226 1685 382 1741 maei
402 1706 508 1762 per
534 1686 596 1742 id
623 1685 851 1743 bellum
880 1687 1088 1744 studiis
1112 1685 1397 1760 repetitus
1423 1705 1489 1742 ex
1513 1697 1743 1744 vetusto
1778 1707 1906 1744 mos
1942 1689 2089 1744 mis-

283 1863 471 1906 tociens.
532 1861 609 1907 Sic
633 1863 731 1907 edd.
747 1863 850 1907 Ber.
865 1862 962 1907 Alc.
982 1862 1056 1907 hic
1076 1872 1118 1906 et
1147 1902 1156 1908 „

224 1918 328 1964 alibi
353 1929 624 1965 constanter.
663 1920 755 1964 Alii
781 1921 974 1965 editores
996 1937 1120 1965 nune

225 1977 362 2021 edunt
384 1979 544 2034 tocies,
578 1995 701 2022 nunc
724 1981 911 2022 totiens.

881 2049 940 2094 cf.
976 2049 1112 2094 Roth.

281 2049 452 2148 ιιὸἷὲιόηε
484 2057 529 2091 et
561 2051 810 2105 sanguine.

223 2123 266 2166 p.
359 2139 369 2148 .

281 2177 481 2219 deiectis.
534 2175 650 2220 Cod.
664 2177 765 2220 MS.
782 2178 882 2221 edd.
897 2177 1000 2221 Ber.
1014 2177 1114 2222 Alc.

221 2232 543 2278 Rhenan.Ald'.
567 2236 775 2287 delectis,
811 2236 932 2292 quod
955 2237 1008 2278 ab
1031 2235 1119 2280 hoc

221 2292 324 2336 loco
347 2292 542 2335 alienum
569 2298 656 2343 est,
684 2292 964 2349 eundemque
985 2309 1118 2335 erro-

220 2365 318 2392 rem
344 2349 430 2393 iam
453 2364 574 2406 supr.
598 2348 640 2397 2,
664 2349 734 2391 60.
762 2350 807 2391 in
832 2349 990 2391 eodem
1013 2350 1121 2393 cod:

221 2405 609 2464 deprehendimus.
691 2405 811 2464 Lips.
858 2422 985 2448 more
1029 2422 1112 2448 suo

220 2461 416 2507 dilectis.
501 2462 533 2505 I.
576 2463 654 2507 Fr.
688 2463 952 2508 Gronovius
993 2463 1114 2506 dedit

220 2522 434 2572 deiectis,
475 2520 712 2564 Mercerus
752 2521 983 2574 disiectis,
1040 2520 1111 2562 Pi-

221 2579 358 2623 chena
382 2578 563 2620 deletis.
623 2578 675 2620 111
709 2578 978 2622 contrariam
1004 2594 1110 2635 par-

219 2645 312 2680 tem
347 2636 447 2680 cod.
478 2634 582 2677 MS.
614 2644 769 2693 peccat
812 2634 922 2676 infr.
965 2651 1003 2678 c.
1037 2635 1110 2678 44.

218 2694 297 2738 ubi
319 2693 452 2737 habet
470 2693 675 2735 deiectus
699 2709 778 2752 pro
804 2695 1022 2734 delectus.

277 2766 452 2820 effusis.
507 2763 683 2820 Lipsius
715 2762 910 2806 malebat
935 2763 1109 2817 offusis.

219 2822 324 2878 Qua
355 2831 506 2866 tamen
537 2821 849 2863 emendatione
880 2837 972 2863 non
998 2837 1110 2878 opus

216 2880 329 2931 fuit3
381 2878 800 2936 nam-aptissimum
833 2887 898 2920 est
937 2878 1106 2934 effusis,

219 2937 274 2982 de
313 2937 553 2979 fluminum
597 2934 892 2977 exundatione
936 2937 1110 2978 desum·

217 3003 362 3056 ptum,
380 3002 430 3035 ut
455 2993 653 3050 designet
674 3008 765 3044 eos,
791 2993 869 3050 qui
894 2993 1108 3037 adfluenti

215 3067 407 3098 numero
431 3050 606 3093 adsunt.
896 3071 898 3074 v

274 3124 388 3168 CAP.
410 3120 480 3164 26.
540 3119 715 3162 Seiano
741 3121 965 3164 tribuens.
1028 3122 1106 3164 In-

214 3182 308 3225 tell.
324 3180 425 3230 hoc,
450 3177 572 3234 quod
583 3176 844 3222 Dolabellae
865 3178 1108 3237 triumpha-

215 3241 275 3284 lia
297 3239 526 3282 abnueret.

287 3293 500 3350 insignis.
559 3289 636 3334 Sic
659 3291 759 3334 edd.
775 3292 987 3338 Beroald.
1005 3292 1105 3337 Ale.

215 3355 438 3410 Bernegg.
462 3365 561 3408 sqq.
624 3349 845 3404 insigneis
866 3351 966 3394 edd.
984 3351 1105 3394 Rhe-

215 3429 322 3457 nan.
345 3411 448 3452 Ald.
478 3423 577 3465 sqq.

272 3484 355 3512 nec
373 3469 535 3519 culpae
556 3464 726 3507 nescia.
757 3465 868 3508 Cod.
883 3463 985 3507 MS.
1003 3464 1101 3507 edd.

214 3528 317 3572 Ber.
331 3522 580 3572 Alc.Rhen.
601 3537 699 3579 sqq.
722 3527 766 3564 et
784 3524 943 3575 culpae
963 3537 1031 3572 n„
1054 3521 1099 3566 in

1221 1877 1277 1904 ua
1305 1869 1457 1904 tamen
1490 1861 1710 1919 scriptura
1737 1863 1920 1921 plurimi
1950 1865 2085 1909 offen·

1253 1927 1322 1962 nt.
1390 1919 1446 1961 Et
1486 1919 1659 1977 Lipsius
1702 1921 1882 1979 quidem
1926 1939 2082 1967 ernen-

1190 1977 1320 2020 dabat
1346 1979 1506 2030 culpae
1528 1978 1709 2019 conscia
1719 1994 1734 2028 ;
1778 1978 1978 2037 Ryckius
1997 1973 2084 2024 ἠεε

1189 2037 1349 2089 culpae
1376 2036 1559 2082 nescia,
1601 2034 1973 2093 adplaudentibus
2002 2039 2083 2081 Er·

1188 2092 1358 2141 nestio,
1416 2091 1741 2141 Li’memanno‚
1796 2093 2080 2139 Herrmanno

1190 2148 1390 2206 aliisque.
1462 2149 1551 2191 lac.
1599 2147 1858 2192 Gronovius
1899 2154 2083 2210 putabat

1190 2205 1401 2249 excidisse
1444 2220 1562 2248 non.
1643 2207 1837 2249 Nescius
1880 2210 2081 2252 alicuius

1189 2264 1265 2305 rei
1278 2262 1436 2306 Tacito
1461 2263 1644 2321 aliisque
1667 2264 1962 2322 scriptoribus
1986 2283 2082 2310 non

1187 2320 1334 2363 solum
1380 2321 1567 2372 dieitur,
1629 2321 1705 2377 qui
1749 2338 1844 2364 non
1891 2332 1956 2366 est
1996 2324 2081 2367 sibi

1188 2378 1398 2420 conscius
1438 2380 1531 2421 eius
1577 2379 1666 2427 rei,
1715 2379 1791 2421 sed
1831 2379 1963 2423 etiam
2002 2381 2079 2439 qui

1183 2450 1281 2476 rem
1330 2450 1426 2476 non
1483 2434 1614 2478 callet
1659 2451 1850 2492 eamque
1893 2447 2080 2482 tractare

1183 2490 1341 2534 nescit.
1433 2491 1493 2534 cf.
1534 2491 1659 2534 Ann.
1707 2494 1755 2544 2,
1795 2495 1866 2536 46.
1914 2510 2078 2537 rerum

1181 2548 1420 2600 nescium5
1471 2548 1511 2599 3,
1546 2549 1584 2590 1.
1620 2552 1859 2592 tolerandi
1897 2553 2079 2604 nescia;

1182 2605 1291 2647 ibid.
1338 2621 1377 2648 c.
1413 2604 1483 2647 46.
1519 2606 1712 2648 militiae
1754 2610 1897 2650 nescii
1905 2626 1919 2659 ‚·
1970 2609 2076 2652 ibid.

1183 2678 1222 2705 c.
1244 2663 1313 2704 67.
1351 2665 1526 2704 orandi
1547 2665 1756 2715 nesciu85
1792 2666 1835 2713 4,
1860 2665 1926 2708 13.
1960 2667 2074 2708 libe-

1182 2720 1360 2761 ralium
1385 2722 1561 2762 artl'um
1582 2722 1794 2774 nesciu33
1823 2723 1930 2765 ibid.
1949 2740 1988 2766 c.
2007 2725 2074 2768 54.

1182 2777 1544 2819 simulationum
1568 2779 1752 2827 nescz'c13
1795 2781 1835 2828 5,
1855 2780 1898 2823 9.
1915 2784 2077 2834 puella

1182 2835 1364 2885 nescia;
1397 2835 1464 2882 16,
1478 2835 1520 2878 5.
1541 2837 1722 2877 nesciae
1740 2851 1925 2880 manus.
1961 2838 2073 2881 Pru-

1184 2891 1304 2934 dent.
1339 2891 1543 2935 cathem.
1580 2891 1714 2950 Hym.
1745 2894 1788 2944 2,
1808 2895 1863 2936 45
1887 2911 1987 2953 sqq.
2023 2905 2074 2937 at

1181 2964 1272 2991 nos
1320 2951 1478 2991 lucelli
1523 2965 1579 2991 ac
1615 2951 1807 3004 fenoris
1840 2952 2075 3008 fundique

1180 3007 1338 3049 nescii.
1408 3006 1526 3050 Hinc
1559 3019 1678 3058 gens
1718 3011 1877 3062 culpae
1917 3014 2074 3053 nescia

1180 3063 1422 3121 aliquando
1439 3063 1546 3106 mihi
1564 3063 1799 3108 videbatur
1816 3083 1907 3109 esse
1923 3069 2073 3110 nescia

1181 3121 1338 3179 culpae
1362 3122 1625 3179 explendae,
1648 3121 1848 3219 vehpuae
1870 3123 1915 3166 in
1941 3123 2071 3181 culpa

1179 3180 1423 3236 perdurare
1445 3177 1589 3221 nescit
1611 3177 1654 3220 h.
1675 3193 1712 3221 e.
1753 3179 1902 3228 'aeilis‚
1935 3182 2070 3223 mori-

1181 3251 1298 3292 gera.
1330 3236 1461 3278 Nune
1478 3234 1601 3278 valde
1619 3235 1791 3286 dubito,
1811 3253 1865 3279 an
1882 3238 1946 3281 sic
1962 3255 2069 3282 con-

1180 3294 1312 3335 textui
1350 3292 1553 3340 satisfiat,
1605 3300 1649 3335 et
1668 3291 1829 3350 Ryckii
1858 3297 2067 3338 emenda-

1179 3359 1351 3393 nonem
1376 3359 1567 3392 retineo.

1234 3423 1298 3449 ex
1322 3414 1502 3449 vetusto
1525 3419 1641 3448 mos.
1700 3405 1778 3449 Sic
1808 3409 1907 3451 edd.
1944 3409 2062 3466 Lips.

1228 3480 1272 3521 q.
1342 3479 1407 3506 εει·
1438 3470 1618 3506 vetusto
1651 3478 1780 3505 more
1823 3466 1924 3509 edd.
1958 3467 2062 3510 Ber.

1173 3480 1272 3567 Xllc.
1296 3521 1437 3565 Rhen.
1463 3520 1567 3565 Ald.
1590 3520 1768 3580 Micyll.
