2222 4030
142 231 375 319 ssffiiz
599 215 859 300 L1Bj1.
903 230 1104 298 CAP.
1135 235 1238 299 34.
1271 237 1372 300 35.
1433 297 1439 302 ,
1769 216 1785 237 “
1830 238 1915 301 59

58 371 144 430 xit
164 371 240 428 ad
262 365 539 426 victorias
573 360 1022 443 triumphosque
1046 363 1307 436 Tiberii,
1351 369 1690 447 praecipuis=
1715 370 1913 430 laudi-

56 457 170 514 bus
195 454 526 522 celebrans,
557 450 894 528 quae‘apud
902 449 1257 508 Germanias
1278 451 1398 507 illis
1422 474 1556 511 cum
1578 455 1912 531 legionibus

56 537 457 618 pulcherrima
488 537 759 601 fecisset·
830 533 1034 594 Italiae
1066 536 1209 594 inde
1247 556 1627 611 consensum,
1683 538 1914 600 Gallia-

57 646 196 687 rum
220 626 397 682 fidem
423 620 676 680 extollit:
720 619 811 679 nil
830 641 1082 698 usquam
1105 620 1412 680 turbidum
1438 634 1541 693 aut
1565 625 1807 687 discors.

226 757 478 820 XXXV.
525 757 779 817 Silentio
803 755 948 817 haec
972 759 1070 817 vel
1103 779 1409 817 murmure
1440 762 1676 818 modico
1713 763 1915 823 audita

58 858 215 908 sunt.
322 844 406 904 Ut
451 844 804 902 seditionem
851 845 1070 920 attigit,
1136 844 1244 903 uhi
1285 845 1573 903 modestia
1619 846 1914 919 militaris,

55 934 163 991 ubi
180 931 394 989 veteris
417 929 761 1006 disciplinae
783 931 959 987 decus
973 975 991 1001 ,
1017 949 1278 1008 quonam
1299 930 1599 1001 tribunOS,
1636 952 1754 1009 quo
1777 954 1914 990 cen-

58 1019 323 1077 turiones
360 1015 710 1091 exegissent,
752 1015 1044 1090 rogitans,
1092 1016 1324 1074 nudant
1357 1015 1623 1074 universi
1648 1037 1914 1094 corpora,

58 1103 355 1161 cicatrices
402 1121 472 1158 ex
512 1100 890 1172 vulneribuS,
953 1101 1268 1159 verberum
1310 1113 1480 1159 notas
1529 1102 1912 1178 exprobrant:

57 1210 197 1251 mox
222 1185 555 1244 indiscretis
572 1186 819 1244 vocibus
839 1185 1029 1262 pretia
1046 1187 1452 1257 vacationum,
1489 1187 1786 1262 angustias
1809 1187 1916 1246 sti-

56 1274 283 1351 pendii,
305 1270 589 1329 duritiam
612 1291 881 1346 operum,
911 1292 977 1328 ac
999 1271 1256 1348 propriis
1276 1272 1622 1330 nominibus
1644 1272 1918 1331 incusant

27 1359 314 1428 wallum,
364 1356 577 1426 fossas,
604 1356 859 1431 pabuli,
916 1357 1226 1429 materiae,
1293 1357 1593 1432 lignorum
1631 1358 1919 1434 adgestuS,

59 1554 411 1600 vennationem
427 1553 631 1613 usurpari
651 1569 735 1613 pro
755 1569 806 1598 ea
824 1569 957 1604 voce,
1026 1571 1217 1600 mannus
1230 1563 1272 1600 et
1284 1554 1559 1601 Doederlein
1571 1555 1605 1601 l.
1617 1551 1650 1602 Ι.
1658 1555 1918 1616 praeferunt

58 1622 196 1674 quam
215 1612 445 1657 noluerint
465 1612 613 1658 dicere
633 1612 956 1655 venerabilita·
1028 1622 1228 1661 veterem
1242 1613 1436 1658 formam
1447 1621 1697 1683 putantque
1709 1622 1802 1659 tota
1816 1629 1915 1659 cor·

60 1679 175 1716 tem.
231 1669 296 1716 cs.
345 1671 414 1720 12,
454 1668 529 1714 41.
587 1669 747 1714 lustin.
797 1667 865 1722 13,
910 1671 953 1715 1.
1025 1686 1138 1731 pora
1161 1671 1261 1715 illos
1291 1672 1554 1725 nudavisse,
1594 1688 1692 1716 non
1722 1670 1918 1731 singulas

57 1727 267 1787 Namque
290 1729 537 1771 veneratio
554 1758 568 1778 ,
599 1742 857 1787 quanquam
888 1736 956 1772 est
1025 1738 1189 1789 partes.
1231 1729 1316 1773 Vix
1337 1729 1607 1775 crediderim
1633 1730 1692 1775 ob
1718 1745 1844 1783 rem;
1872 1736 1918 1773 et

61 1787 179 1832 actio
230 1785 476 1832 venerandi
531 1785 706 1841 (activa
755 1783 954 1853 signifi),
1026 1804 1083 1831 ne
1108 1803 1237 1832 causa
1262 1787 1446 1846 quidem
1471 1797 1591 1839 erat,
1618 1803 1702 1832 cur
1720 1795 1813 1832 tam
1838 1803 1918 1831 ex-

59 1854 160 1888 tum
203 1845 337 1891 etiam
380 1842 601 1902 significat
644 1841 955 1887 conditionem
1059 1861 1176 1888 resse
1198 1845 1286 1889 hoc
1301 1844 1481 1889 Tacitus
1505 1853 1758 1904 exponeret.
1815 1843 1918 1890 Suf-

61 1902 180 1954 eius,
219 1903 296 1960 qui
324 1901 486 1945 fruitur
512 1900 795 1944 veneratione
830 1901 956 1959 (pas-
1024 1861 1204 1947 {ciebat
1267 1902 1382 1947 dici:
1454 1906 1641 1946 nudant
1699 1917 1918 1958 corpora.
1948 1907 1953 1910 ’

62 1960 153 2004 siva
179 1959 376 2018 signifi),
417 1974 563 2017 eoque
590 1974 725 2001 sensu
756 1959 955 2003 vocabu·
1028 1959 1177 2004 lmmo
1213 1961 1416 2019 primum
1453 1960 1651 2006 universi
1688 1961 1810 2004 idem
1848 1960 1920 2005 fa-

59 2018 157 2063 tum
181 2026 224 2061 et
248 2017 321 2060 hic
342 2016 498 2059 utitur.
557 2014 772 2059 Similiter
791 2017 955 2071 digna·
1026 2018 1179 2071 ciunt,
1226 2034 1331 2061 mox
1368 2018 1633 2070 indiscretae
1661 2033 1805 2073 ⁵voces
1837 2033 1923 2063 au-

60 2076 129 2118 tin
157 2074 215 2118 ita
245 2073 455 2133 ponitur,
485 2081 535 2116 ut
565 2070 832 2132 quibusdam
869 2089 953 2132 pro
1025 2075 1235 2126 diuntur,
1259 2074 1452 2143 denique
1473 2091 1580 2134 prae
1601 2075 1699 2120 aliis
1721 2074 1925 2121 veterani

60 2133 290 2190 dignitate
317 2147 412 2174 esse
433 2130 648 2174 videatur.
698 2130 758 2175 cf.
785 2131 950 2174 Baum·
1023 2142 1187 2199 aguntz
1222 2132 1290 2176 sic
1320 2132 1454 2176 buius
1489 2132 1580 2176 loci
1606 2142 1755 2192 partes
1781 2150 1828 2177 se
1852 2150 1922 2177 ex·
2008 2168 2013 2171 κ

120 2187 393 2234 rien-crus.
438 2187 495 2232 ad
536 2187 663 2231 Suet.
701 2187 786 2231 lut.
833 2203 876 2232 c.
906 2185 954 2231 4.
1026 2198 1216 2249 cipiunt.
1277 2188 1384 2234 Non
1409 2205 1524 2250 nego
1549 2197 1726 2244 tamen,
1753 2191 1789 2234 si
1815 2191 1922 2235 uni-

62 2207 322 2292 ffiscrimen
341 2262 451 2290 vero
475 2255 553 2295 est,
575 2262 832 2305 quanquam
853 2247 956 2289 sub·
1027 2247 1142 2291 versi
1181 2246 1411 2292 nudarunt
1447 2263 1668 2306 corpora,
1710 2249 1921 2294 universa
1970 2295 1974 2299 ,

61 2306 155 2350 tile.
215 2305 439 2359 Dignitas
462 2303 825 2362 semperindicat
850 2319 957 2361 qua·
1033 2306 1166 2362 (alle)
1205 2321 1399 2364 corpora
1437 2321 1532 2350 esse
1566 2307 1756 2356 nudata,
1800 2316 1845 2351 et
1867 2307 1924 2352 ad

64 2364 232 2408 litatem
256 2363 469 2412 alicuius,
497 2364 705 2416 dignatio
725 2361 956 2406 condizio-
1029 2371 1275 2418 extremum
1303 2372 1544 2424 utramque
1560 2364 1831 2423 scripturam
1850 2381 1924 2410 eo·

66 2437 185 2473 nem,
208 2436 288 2479 per
334 2436 436 2464 uam
450 2418 707 2478 dignatione
725 2419 827 2479 quis
846 2418 957 2462 frui·
1034 2421 1139 2464 dem
1164 2420 1327 2464 redire.
1756 2449 1757 2452 =
1798 2420 1802 2428 ’

3 2523 10 2539 ‚
64 2488 155 2524 tur.
199 2478 260 2523 cf.
288 2482 306 2522 1
342 2512 353 2529 ,
374 2479 450 2522 20.
1081 2479 1239 2533 precia
1274 2478 1588 2524 vacationum.
1651 2478 1756 2524 Vid.
1793 2496 1920 2541 supr.

116 2537 451 2592 pulcherrima.
512 2534 742 2579 Ernestius
765 2534 957 2578 malebat
1028 2535 1085 2580 ad
1111 2553 1148 2581 c.
1185 2536 1251 2580 17.

62 2596 395 2650 pulcherrime.
478 2591 694 2649 Wolfius
746 2593 958 2637 refutavit
1079 2595 1268 2651 pabuli,
1297 2597 1550 2646 materiae,
1578 2597 1811 2653 lignorum
1834 2599 1928 2639 ad·
2002 2634 2031 2656 <-

19 2670 30 2684 ·
65 2653 221 2703 illum,
250 2652 541 2711 dubitatque,
573 2667 631 2695 an
686 2653 844 2694 aldire
864 2650 954 2708 sa·
1029 2659 1204 2710 gestuS.
1291 2653 1410 2698 Dan.
1453 2652 1664 2698 Heinsius
1714 2663 1757 2699 et
1798 2654 1927 2698 Box-
1982 2660 2029 2690 ³-'‘

67 2724 169 2754 cere
194 2724 297 2752 rem
323 2709 408 2754 dici
432 2709 585 2767 possit.
671 2710 821 2753 )ubito
856 2724 962 2753 cum
1031 2710 1218 2755 hornius
1292 2713 1532 2766 lignorum
1601 2728 1760 2757 vocem
1842 2728 1926 2771 pro

66 2768 171 2820 ἰΙΙος
229 2783 332 2812 nain
374 2768 588 2819 pulchre,
643 2768 962 2820 pulcherrime
1034 2768 1179 2826 glossa
1204 2769 1405 2813 vocabuli
1433 2769 1663 2812 materiae
1685 2769 1925 2824 habebant,

64 2827 225 2879 [acere
260 2833 323 2866 est
347 2826 541 2868 formula
568 2840 644 2881 per
667 2841 712 2866 se
737 2833 964 2875 constans,
1035 2844 1084 2870 ex
1104 2827 1302 2885 margine
1320 2827 1453 2870 textui
1477 2828 1660 2871 inserto.
1694 2826 1926 2872 Ernestius

69 2882 353 2983 nfcpfflzatitur
379 2882 572 2981 οάἑίίιέἑῖι
597 2881 767 2981 ἶξιίεξιί
786 2896 962 2981 νῧειὶι.
1037 2882 1464 2987 ειηςευιιιεΙῂῖῑιίῗξ
1490 2884 1602 2950 bene
1623 2883 1808 2987 guendi’f
1827 2901 1927 2931 ma-

71 2956 97 2983 c
124 2972 133 2981 .
215 2956 278 2983 in.
306 2957 329 2982 e
377 2956 406 2983 ι.
462 2973 474 2990 ,
640 2955 703 2980 εει
762 2955 808 2982 ια
865 2953 907 2980 ιε
939 2958 963 2969 ·
1059 2955 1209 2986 eriam
1232 2957 1330 2985 cau
1387 2958 1411 2984 e
1451 2957 1463 2986 ι
1498 2956 1564 2985 ins
1595 2958 1619 2986 a
1682 2958 1732 2986 ae
1798 2958 1927 2989 ican-

70 2998 195 3041 rime
233 2956 428 3040 Caefeir.
498 2996 709 3043 Ceterum
742 2955 963 3039 ‘similiter
1035 2999 1170 3050 duni,
1210 2957 1343 3052 tigria
1366 2997 1471 3043 intel
1492 2990 1577 3056 ig't.
1619 3000 1847 3060 qnaesint
1869 3000 1927 3046 ad

72 3055 236 3099 Noster
265 3055 369 3098 infr.
395 3054 437 3102 3,
462 3053 505 3097 5.
537 3068 657 3110 qaae
690 3076 744 3087 -
774 3053 961 3096 honora
1033 3056 1320 3114 coquendum
1382 3057 1596 3115 ignesque
1658 3065 1926 3105 nocturnos.

72 3120 118 3156 et
144 3113 392 3168 magnifica
410 3112 620 3168 jecisset.
1032 3112 1148 3156 Nam
1176 3112 1425 3157 secundum
1449 3113 1701 3165 Varronem
1717 3115 1772 3160 de
1795 3114 1846 3160 L·
1873 3117 1927 3163 L.

130 3172 205 3214 nil
225 3185 426 3226 usquam
461 3171 703 3213 turbidam
738 3176 823 3211 aut
856 3168 961 3211 dis·
1032 3171 1165 3227 ligna
1190 3170 1403 3215 dicuntur
1425 3188 1450 3216 a
1471 3174 1694 3229 legendo,
1729 3174 1851 3233 quod
1877 3192 1927 3221 ea

73 3242 188 3272 cors.
260 3227 351 3271 nio
392 3228 460 3278 57,
494 3228 536 3271 7.
585 3224 737 3271 πάντα
774 3226 831 3271 τὰ
868 3227 964 3270 τῶν
1038 3228 1219 3292 caduca·
1246 3229 1503 3287 legebantur
1542 3229 1588 3273 in
1622 3247 1729 3289 agro
1766 3236 1830 3276 se‘.
1870 3230 1925 3278 ad

67 3283 309 3330 Ῥωμαίων
331 3286 377 3335 ἐς
412 3284 495 3341 τὴν
524 3281 781 3342 ἠγεμονίαν
819 3284 966 3330 αὐτοῦ
1038 3302 1169 3330 usum
1198 3286 1301 3330 (oei.
1340 3286 1562 3332 ,Materia
1584 3295 1842 3333 constanter
1863 3290 1928 3334 di-

74 3331 279 3400 (Tiberii)
302 3329 636 3411 avreqpovqoi.
1038 3344 1155 3389 citui·
1178 3343 1230 3386 de
1258 3343 1388 3403 tignis
1412 3343 1467 3389 ad
1497 3344 1822 3390 aedificandum
1853 3363 1925 3391 ne·

11 3443 21 3453 ,
134 3403 329 3449 Camssf).
346 3403 559 3445 universi.
610 3401 726 3445 cod.
742 3400 843 3444 MS.
860 3401 963 3445 edd.
1038 3401 1255 3446 ceu-ariis.
1296 3399 1355 3446 cs.
1382 3401 1475 3447 Liv.
1499 3403 1541 3456 2,
1565 3403 1609 3448 7.
1643 3403 1768 3447 Caes.
1794 3403 1848 3447 de
1869 3402 1924 3449 B.

75 3459 182 3504 Ber.
220 3459 364 3503 Rhea.
406 3475 501 3518 sqq.
533 3462 768 3504 universa.
850 3458 966 3508 Edu.
1039 3459 1098 3503 G.
1135 3457 1177 3511 3,
1207 3458 1280 3503 29.
1327 3459 1381 3504 Β.
1417 3459 1519 3504 Asr.
1558 3476 1598 3505 c.
1628 3462 1700 3504 20.
1743 3459 1927 3510 Sallust.

76 3517 195 3577 Lips.
221 3534 321 3576 sqq.
349 3517 578 3570 uniuersi,
613 3517 735 3577 quod
764 3517 966 3576 plurimis
1040 3517 1087 3560 Ιυ
1122 3547 1134 3560 .
1172 3532 1215 3563 c.
1256 3516 1321 3560 18.
1375 3516 1491 3563 Ptin.
1525 3536 1629 3586 epp.
1672 3520 1737 3569 10,
1771 3518 1841 3563 50.
1885 3529 1927 3566 et.

77 3577 304 3635 egregium
318 3575 557 3626 estvisum.
573 3574 655 3621 uisi
672 3573 964 3633 quodWolt·
1038 3574 1064 3619 3
1093 3533 1168 3620 {9-
1227 3572 1412 3635 Ulpian.
1435 3576 1480 3621 in
1505 3575 1639 3636 Dngg.
1666 3575 1736 3627 82,
1760 3578 1799 3627 1.
1823 3575 1894 3623 55.
