2222 4030
1797 210 1845 246 A.
1869 211 1919 247 U.
1939 212 2018 246 ΤΠ).

1793 256 1852 294 A.
1875 255 2021 299 C..y17.

253 217 373 278 170
918 210 1428 273 ANNALIUM

244 346 426 412 triae,
479 342 792 400 satellitem
823 340 1118 412 CaesariS,
1178 339 1341 399 haud
1376 341 1858 401 rninus‘infensis
1894 349 2108 403 animis

247 429 690 487 exturbandum⁴
750 448 928 505 quam
973 427 1202 485 Varum
1253 424 1621 498 Quintilium
1686 429 2106 508 interfecerint.

246 513 655 571 meminissent
700 514 878 570 modo
906 525 993 571 tot
1039 511 1433 587 proeliorum,
1499 534 1756 589 quorum
1804 528 2014 574 eventu
2055 529 2109 575 et

245 601 321 656 ad
355 611 720 674 postremum
755 599 951 655 eiectis
985 597 1277 655 Romanis
1324 598 1463 653 satis
1512 599 1862 673 probatum,
1924 622 2107 678 penes

244 697 411 742 utros
437 704 664 741 summa
689 684 834 740 belli
858 682 1054 740 fuerit.

411 759 627 842 XLVI.
713 782 916 858 Neque
944 779 1660 839 Maroboduusiactantia
1698 784 1790 839 sui
1827 796 1925 842 aut
1967 806 2110 861 pro-

244 869 370 926 bris
416 861 480 925 in
537 865 768 925 h'ostem
816 866 1174 922 abstinebat:
1238 866 1338 920 sed
1366 860 1835 939 ¹Inguiomerum
1882 882 2106 940 tenenS,

246 954 467 1011 motin·
488 973 734 1029 corpore
772 953 950 1007 decus
987 970 1161 1006 omne
1196 945 1662 1021 Cheruscorum,
1712 954 1874 1010 illius
1913 957 2108 1012 consi-

243 1031 365 1097 lii‘s-v
390 1050 545 1113 gesta
590 1058 738 1115 quae
773 1055 1053 1111 prospere
1090 1036 1436 1105 ceciderint,
1498 1038 1851 1094 testabatur:
1900 1061 2108 1097 vecor-

244 1127 380 1183 dem
405 1120 749 1182 Arminium
775 1132 831 1177 et
856 1141 1053 1177 rerum
1080 1121 1344 1177 nescium
1378 1122 1632 1177 alienam
1659 1124 1910 1196 gloriam
1946 1126 2011 1180 in
2048 1145 2108 1181 se

241 1207 507 1279 trahere,
550 1209 832 1285 quoniam
859 1218 976 1263 tres
1002 1226 1213 1262 vacuas
1245 1207 1506 1280 legiones
1544 1219 1599 1263 et
1634 1210 1845 1265 ducem
1882 1211 2107 1267 fraudis

243 1298 517 1375 ignarum
544 1293 788 1373 perfidia
815 1291 1108 1367 deceperit
1141 1311 1354 1365 magna
1392 1313 1525 1348 cum
1566 1294 1727 1350 clade
1752 1292 2107 1352 Germaniae

243 1391 302 1439 et
338 1379 663 1455 ignominia
709 1397 843 1448 sua,
887 1398 1021 1434 cum
1055 1377 1342 1446 coniunx,
1399 1398 1534 1434 cum
1564 1379 1723 1436 filius
1760 1380 1885 1437 eius
1921 1381 2108 1437 servi-

241 1468 389 1526 tium
423 1461 614 1521 adhuc
649 1463 919 1520 tolerent.
1006 1457 1088 1519 At
1127 1483 1185 1518 se
1222 1464 1536 1519 duodecim
1575 1465 1908 1539 legionibus
1954 1467 2108 1541 peti-

241 1565 369 1610 tum
411 1552 557 1628 duce
582 1549 828 1607 Tiberio
871 1549 1182 1604 inlibatam
1222 1546 1661 1606 Germanorum
1699 1552 1949 1624 gloriam
1984 1572 2107 1608 ser-

242 1638 486 1694 vavisse.
586 1656 724 1691 mox
769 1626 1214 1690 conditionibus
1261 1635 1463 1710 aequis
1512 1636 1859 1693 discessum:
1914 1658 2105 1714 neque

240 1721 571 1799 poenitere,
614 1721 776 1798 quod
801 1721 1066 1795 ipsorum
1108 1719 1171 1773 in
1204 1738 1387 1775 manu
1421 1721 1521 1789 sit,
1566 1722 1862 1794 integrum
1897 1725 2107 1779 adver—

240 1829 371 1865 sum
417 1805 725 1865 Romanos
775 1806 1001 1862 bellum
1050 1824 1126 1860 an
1155 1815 1385 1879 'pacem
1448 1807 1819 1864 incruentam
1876 1809 2105 1866 malint.

239 1893 353 1950 His
426 1892 673 1949 vocibus
753 1891 1063 1947 instinctos
1143 1890 1429 1946 exercitus
1514 1893 1790 1967 propriae
1869 1913 2104 1970 quoque

241 1999 447 2037 causae
492 1978 905 2045 stimulabant,
972 1997 1106 2032 cum
1150 1997 1182 2032 a
1227 1971 1542 2034 Cheruscis
1584 1976 2107 2054 Langobardisque

240 2179 581 2228 Maroboduum
589 2197 706 2238 poce
719 2182 1001 2224 obstrictum.
1032 2180 1134 2223 Vel·

239 2244 312 2287 lei.
331 2243 485 2291 2,·109.
511 2241 674 2295 legati,
705 2255 818 2296 quos
840 2241 1050 2281 mittebat
1074 2241 1138 2280 ad

241 2302 498 2347 caesares,
531 2299 769 2340 interdum
801 2305 852 2339 ut
883 2297 1136 2350 supplicem

240 2357 638 2403 commendabant
661 2365 748 2398 etc.
1130 2359 1136 2368 '

298 2458 413 2502 CAP.
429 2457 500 2501 46.
550 2470 723 2498 vacuas
745 2456 962 2509 legiones.
997 2454 1135 2511 Quod

239 2531 418 2561 vacuas
445 2515 649 2569 legiones
683 2513 1034 2571 interpretantur
1068 2517 1136 2555 le-

239 2578 396 2632 giones
419 2575 521 2616 sine
550 2575 664 2614 duce
694 2569 764 2616 vel
794 2573 896 2613 sine
915 2574 1031 2613 duce
1047 2586 1136 2628 pe·-

241 2635 357 2683 rito,
388 2639 437 2674 ut
461 2628 725 2673 Gronovius
756 2636 796 2671 et
830 2645 935 2671 cuin
964 2644 1019 2671 eo
1047 2627 1137 2676 alii,

240 2691 311 2734 vel
343 2687 427 2734 οὐκ
456 2688 674 2742 ἐντελεῖς,
717 2694 767 2728 ut
789 2684 1137 2734 Freinshemius,

238 2763 411 2794 vanum
445 2755 521 2790 est.
579 2744 697 2788 Nam
727 2744 823 2787 sine
849 2743 963 2787 duee
997 2743 1137 2786 mini-

240 2805 495 2852 me--fuere,
535 2811 673 2862 utque
705 2800 1007 2858 intelligamus
1039 2803 1140 2844 sine

239 2868 352 2907 duce
383 2863 536 2918 perito
570 2860 644 2905 vel
685 2873 783 2901 non
822 2861 1009 2914 expleto
1044 2875 1136 2901 nu-

239 2929 396 2972 mero,
443 2935 540 2962 non
574 2918 728 2961 ferunt
759 2917 909 2960 verba.
982 2917 1136 2959 Voca-

238 2979 401 3022 bulum
434 2985 604 3019 vacuus
623 2976 891 3034 plerumque
916 2972 1135 3032 intelligi-

241 3045 316 3080 tur
339 3051 362 3076 e
387 3051 517 3083 casu,
549 3033 625 3092 qui
661 3032 840 3078 additur
873 3032 925 3075 ad
953 3048 1135 3075 sensum

241 3091 510 3152 explendum
526 3125 537 3143 ,
573 3099 622 3133 ut
642 3104 816 3131 vacuus
839 3097 967 3131 metu
999 3106 1038 3133 c.
1062 3087 1135 3131 44.

239 3163 417 3193 vacuus
438 3165 469 3190 α
487 3150 698 3204 periculo
725 3146 837 3192 Hist.
862 3149 899 3199 1,
923 3148 991 3190 86.
1045 3161 1138 3186 va—

240 3223 377 3251 cuum
409 3208 530 3248 curis
565 3205 680 3247 Hist.
707 3206 748 3256 2,
769 3205 839 3250 90.
901 3204 1030 3247 Nude
1066 3211 1134 3246 ta·-

241 3281 346 3308 men
370 3263 577 3322 ponitur,
607 3263 683 3304 ubi
710 3278 821 3319 quae
849 3261 1136 3318 intelligenda

240 3323 355 3370 sint,
397 3328 628 3364 contextus
668 3319 813 3362 docet.
874 3319 950 3362 Sic
981 3321 1070 3361 An.
1095 3320 1137 3369 6,

242 3380 315 3422 34.
354 3379 492 3421 vacui
525 3377 683 3434 Colclgi
714 3375 758 3418 h.
796 3393 834 3418 e.
868 3376 942 3433 qui
983 3391 1134 3434 regem

244 3454 335 3481 uon
362 3435 550 3487 habent,
596 3434 660 3480 12,
685 3433 754 3474 50.
788 3450 932 3475 vacua
962 3437 1136 3476 Arme-

243 3497 351 3546 nia,
390 3494 432 3541 2,
454 3494 525 3536 76.
566 3507 714 3534 vacua
742 3491 983 3544 prot-incia
1013 3490 1056 3534 h.
1095 3507 1135 3533 e.

244 3567 355 3609 quae
377 3550 579 3608 praeside
604 3555 746 3598 caret3
781 3548 845 3598 151,
866 3549 937 3594 44.
965 3549 1136 3593 mulier

1210 2197 1376 2230 vacua,
1410 2197 1523 2240 quae
1551 2189 1617 2224 est
1645 2181 1741 2226 sine
1773 2181 1952 2226 marito.
2014 2182 2106 2225 Iam

1209 2238 1408 2297 legiones
1430 2239 1484 2281 ad
1507 2239 1676 2282 bellum
1702 2249 1939 2298 parantur,
1970 2253 2108 2298 quare

1211 2312 1373 2340 vacuae
1397 2296 1485 2338 dici
1508 2305 1720 2354 possunt,
1750 2313 1863 2356 quae
1888 2298 2006 2341 bello
2029 2314 2105 2340 ca-

1209 2363 1360 2397 rentes
1393 2355 1439 2396 in
1472 2369 1582 2420 pace
1614 2363 1877 2404 versantur,
1919 2355 2107 2407 otiosae,

1209 2428 1318 2471 pace
1344 2411 1597 2455 incuriosae
1622 2413 1729 2467 (An.
1756 2412 1798 2463 4,
1819 2412 1938 2469 45.),
1974 2412 2104 2454 ideo-

1243 2486 1300 2512 ue
1327 2485 1422 2511 non
1450 2479 1626 2526 paratae
1651 2471 1703 2512 ad
1728 2471 1969 2527 proelium.
2030 2469 2107 2513 Sic

1243 2527 1366 2584 grie.
1412 2543 1453 2569 c.
1484 2525 1556 2569 37.
1636 2527 1842 2570 Britanni
1893 2528 2106 2571 dicuntur

1209 2585 1365 2634 vacui,
1415 2585 1492 2641 qui
1528 2592 1632 2627 sunt
1675 2584 1835 2634 otiosi,
1885 2584 2103 2628 incuriosi

1208 2658 1358 2700 neque
1382 2643 1436 2684 ad
1460 2641 1685 2699 proelium
1711 2643 1866 2700 parati.
1928 2642 2039 2685 Hist.
2064 2644 2106 2692 4,

1211 2700 1279 2743 17.
1307 2700 1442 2741 vacui
1458 2699 1618 2742 eodem
1645 2715 1778 2742 sensu
1810 2708 2106 2758 opponuntur

1210 2758 1456 2809 occupatis.
1515 2756 1630 2799 Hist.
1661 2760 1697 2805 1,
1721 2757 1790 2799 80.
1815 2772 1989 2800 vacuus
2010 2756 2039 2798 i.
2062 2773 2105 2814 q.

1211 2814 1397 2857 otiosus.
1473 2814 1652 2858 Sallust.
1690 2813 1786 2857 Cat.
1829 2831 1869 2858 c.
1907 2815 1978 2858 52.
2016 2830 2106 2857 va-

1210 2887 1347 2915 cuam
1390 2887 1492 2914 rem
1526 2874 1770 2927 publicam
1808 2872 1940 2921 dicit,
1992 2888 2105 2929 quae

1210 2945 1304 2972 non
1337 2930 1554 2984 instructa
1585 2937 1648 2972 est
1675 2929 1729 2972 ad
1751 2929 2103 2974 defendendum.

1212 2986 1347 3030 Ovid.
1377 2987 1492 3033 Met.
1527 2989 1564 3038 l,
1593 2987 1692 3032 520.
1725 2987 1775 3027 in
1808 3003 1955 3029 vacuo
1988 3003 2105 3043 quae

1210 3047 1410 3087 vulnera
1437 3053 1623 3095 pectore
1640 3044 1772 3100 fecit.
1833 3044 2012 3087 Vacuae
2037 3044 2101 3087 le-

1209 3103 1363 3161 giones
1387 3102 1522 3163 igitur
1542 3110 1647 3146 sunt
1676 3105 1984 3155 ungeric'stete.

1264 3203 1473 3244 coniunx
1501 3230 1558 3238 -
1576 3201 1725 3257 filius.
1784 3199 1843 3246 cf.
1872 3202 1909 3249 1,
1934 3201 2002 3244 51.
2029 3202 2098 3246 58.

1210 3259 1323 3303 Cod.
1357 3259 1458 3302 MS.
1505 3275 1609 3300 cum
1633 3260 1795 3315 filios,
1858 3259 1977 3302 unde
2011 3261 2100 3305 lac.

1209 3317 1471 3360 Gronovius
1494 3317 1685 3360 coniecit
1710 3317 1942 3374 cumfilio.

1265 3435 1516 3478 adversum
1549 3432 1810 3475 Romanos.
1888 3430 1966 3475 Sic
1997 3434 2098 3475 cod.

1207 3490 1310 3535 MS.
1353 3490 1452 3532 edd.
1476 3502 1482 3509 '
1502 3490 1794 3533 recentiores.
1875 3492 2102 3537 adversus

1208 3549 1454 3592 Romanos
1475 3547 1576 3590 edd.
1601 3547 1705 3589 Ber.
1731 3547 1873 3590 Rhen.
1895 3563 1992 3605 sqq.
