2222 4030
1788 195 1838 231 A.
1850 196 1903 232 U.
1917 195 2000 232 767.

1787 242 1841 276 A.
1856 240 1903 276 C.
1938 241 1999 275 14.

230 204 315 262 28
905 194 1419 258 ANNALIUM

233 329 373 388 fidei
406 338 554 387 erat:
610 322 974 405 Tiberioque
1008 327 1187 385 etiam
1219 328 1280 384 in
1318 327 1523 400 rebus,
1569 346 1715 405 quas
1751 351 1875 387 non
1910 352 2086 389 occu-

234 417 413 485 leret,
456 433 558 472 seu
594 423 807 471 natura
837 413 958 470 sive
991 413 1409 484 adsuetudine,
1452 433 1730 489 suspensa
1769 435 1996 491 semper
2031 429 2087 474 et

231 502 484 560 obscura
510 498 716 555 verba:
759 510 901 558 tunc
931 519 1072 555 vero
1096 497 1338 567 nitenti,
1378 508 1446 555 ut
1469 509 1672 555 sensus
1696 519 1832 556 suos
1854 503 2088 575 penitus

235 586 511 654 abderet,
565 583 632 640 in
662 583 955 640 incertum
992 595 1049 639 et
1084 582 1427 655 ambiguum
1469 584 1653 656 magis
1700 585 2090 659 implicaban-

236 682 352 729 tur.
449 664 547 727 At·
568 680 789 744 patrm,
833 668 1049 744 quibus
1082 686 1236 723 unus
1267 679 1490 739 metim,
1543 670 1592 724 si
1629 670 1960 743 intelligere
1998 671 2091 726 vi-

234 756 547 824 derentur,
587 754 654 810 in
692 765 960 830 questUS,
1001 753 1304 822 lacrimaS,
1343 764 1480 809 vota
1519 755 1774 826 effundi,
1817 757 1892 812 ad
1935 758 2092 826 (1305,

235 841 314 898 ad
362 839 613 913 effigiem
655 833 939 911 Augusti,
993 838 1069 894 ad
1117 856 1307 910 genua
1354 836 1538 913 ipsius
1579 860 1792 897 manus
1835 843 2094 910 tendere,

238 946 376 984 cum
409 924 664 1001 proferri
701 924 974 980 libellum
1011 923 1362 998 recitarique
1410 923 1596 983 iussit.
1696 922 1858 1001 Opes
1894 927 2095 1001 publi-

235 1031 338 1068 cae
362 1010 848 1070 continebantur:
892 1018 1183 1084 quantum
1214 1007 1434 1064 civium
1463 1009 1872 1086 sociorumque
1903 1012 1970 1066 in
2000 1031 2095 1066 ar-

236 1097 381 1167 miS,
423 1105 569 1172 quot
590 1095 827 1164 classeS,
869 1113 1079 1167 regna,
1121 1093 1488 1167 provinciae,
1529 1094 1751 1151 tributa
1779 1106 1882 1152 aut
1914 1096 2099 1151 vecti-

239 1182 421 1255 galia,
486 1192 542 1238 et
578 1178 963 1236 necessitates·
992 1197 1058 1234 ac
1099 1177 1458 1251 largitiones,
1554 1199 1703 1256 quae
1742 1191 1951 1236 cuncta
1993 1201 2097 1237 sua

238 1287 423 1324 mauu
467 1265 887 1341 perscripserat
926 1259 1260 1336 Augustam,
1318 1264 1741 1341 addideratque
1785 1265 2099 1321 consilium

240 1351 551 1409 coercendi
584 1351 741 1407 intra
772 1349 1059 1406 terminos‘
1084 1348 1350 1424 imperii,
1393 1348 1685 1408 incertum
1707 1361 1871 1407 metu
1897 1370 1974 1407 an
1994 1370 2102 1427 per

239 1437 548 1495 invidiam.

409 1519 550 1580 XII.
649 1516 816 1578 Inter
849 1538 1001 1595 quae
1037 1530 1246 1576 senatu
1289 1519 1365 1575 ad
1411 1519 1642 1576 infimas
1685 1520 2102 1578 obtestationes

166 1656 169 1660 .
240 1607 692 1682 procumbente,
746 1605 898 1662 dixit
938 1605 1089 1662 forte
1122 1604 1402 1679 Tiberius
1443 1625 1538 1675 se,
1593 1616 1662 1662 ut
1703 1627 1830 1663 non
1864 1606 1977 1662 toti
2015 1606 2105 1662 rei

242 1691 514 1768 publicae
553 1711 787 1766 parem,
841 1690 952 1759 ita,
1004 1710 1345 1766 qaecunque
1378 1710 1514 1765 pars
1550 1690 1664 1746 sibi
1703 1692 2104 1760 mandaretur,

245 1778 369 1834 eius
392 1777 638 1833 tutelam
665 1787 1091 1851 suscepturum.
1161 1774 1322 1832 Tum
1334 1770 1581 1832 Asinius
1600 1773 1839 1847 Gallus,
1876 1774 2108 1846 „Inter-

248 1861 478 1942 „rog0,''
514 1861 728 1938 inquit,
768 1858 1036 1931 „Caesar‚
1077 1881 1257 1937 quam
1277 1872 1505 1936 partem
1533 1861 1620 1916 rei
1641 1862 1910 1936 publicae
1935 1882 2108 1917 man-

247 1945 415 2020 „dari
437 1947 548 2004 tibi
573 1945 767 2007 veliS.''
801 1944 1115 2004 Perculsus
1131 1945 1452 2022 improvisa
1475 1945 1936 2020 interrogatione
1958 1967 2107 2022 pau-

307 2112 580 2169 Tiberioque
609 2143 623 2156 .
645 2143 659 2156 .
681 2141 694 2154 .
719 2143 732 2155 .
762 2111 1143 2162 implicabantur.
1214 2111 1435 2154 amnibus
1469 2111 1731 2168 longinquis
1755 2119 1941 2168 septum
1960 2113 2110 2168 impe-

246 2171 410 2218 Fusius
431 2171 587 2213 eadem
605 2168 747 2212 refert
767 2169 858 2212 Dio
881 2169 948 2220 57,
971 2171 1012 2212 1.

303 2242 572 2295 intelligere.
632 2239 716 2284 Ed.
753 2238 965 2282 Beroald.
1000 2240 1146 2282 intel-

247 2302 420 2355 legere,
436 2313 564 2365 quae
585 2297 810 2358 scriptura
827 2297 1146 2357 frequentatur

247 2357 298 2401 in
320 2364 428 2404 vett.
450 2355 593 2399 llbrls.

305 2431 370 2472 ad
402 2426 602 2484 effigiem
631 2426 846 2481 Augusti.
923 2424 978 2468 In
1018 2424 1147 2469 curia

249 2486 459 2548 positam.
502 2483 560 2528 cf.
581 2483 688 2528 infr.
710 2485 751 2535 2,
773 2483 841 2527 37.
864 2487 1004 2526 modo
1017 2483 1148 2526 Hor-

252 2544 390 2590 tensii
415 2545 539 2587 inter
565 2550 779 2585 oratores
806 2541 952 2584 sitam
972 2541 1148 2597 imagi-

252 2617 364 2646 nem
379 2635 391 2653 ,
424 2601 565 2644 modo
586 2599 792 2654 Augusti
810 2600 1008 2642 intuens.

308 2673 534 2715 libellum.
593 2671 717 2714 Suet.
735 2668 843 2712 Oct.
870 2670 1020 2714 e.101.
1036 2671 1149 2712 bre-

253 2731 460 2830 ugarium
493 2728 636 2772 totius
675 2727 890 2802 imperiii
954 2727 1047 2771 Dio
1079 2728 1150 2780 56,

254 2787 282 2831 8
312 2820 514 2887 iecitari.
573 2841 662 2884 Per
683 2841 905 2886 Drusum.
961 2840 1053 2886 Dio
1076 2840 1150 2886 Ll.

314 2907 549 2958 quantum
595 2901 763 2943 civium
792 2931 806 2944 .
827 2931 840 2944 .
862 2933 874 2944 .
904 2901 953 2944 in
985 2900 1151 2944 armis.

256 2958 478 3003 Recenset
498 2955 590 2998 Dio
615 2956 684 3006 55,
701 2957 775 3001 23.

316 3015 622 3058 necessitates.
682 3015 777 3058 Nos
802 3014 994 3059 Lasten.
1053 3014 1153 3061 Liv.

258 3073 328 3125 23,
349 3073 419 3116 48.
448 3072 724 3115 indicandas
749 3076 927 3128 populo
947 3073 1156 3130 publicas

260 3130 566 3175 necessitates.

315 3201 600 3256 largitiones.
645 3198 936 3243 Potissimum
958 3199 1156 3260 cogitan-

263 3261 374 3305 dum
396 3260 449 3302 de
471 3255 681 3315 praemiis
705 3258 1010 3308 emeritorum,
1043 3274 1157 3316 quae

262 3314 742 3419 ggtzglestinabantur.
801 3313 861 3358 cf.
882 3315 973 3358 Dio
995 3315 1064 3369 54,
1085 3316 1160 3360 25.

319 3407 593 3478 ²maa-manu.
650 3428 775 3473 Suet.
799 3427 906 3473 Oet.
928 3444 967 3473 c.
991 3431 1088 3474 101.

323 3491 569 3534 coercendi
584 3488 712 3531 intra
724 3487 947 3530 terminos
962 3487 1163 3543 impet-ii.

1214 2171 1365 2221 rium,
1403 2168 1522 2211 ultra
1551 2185 1664 2227 quos
1695 2171 1914 2213 terminos
1946 2186 2002 2212 ne
2037 2187 2110 2213 au-

1217 2235 1374 2286 gerent
1395 2227 1637 2286 imperium
1658 2227 1815 2270 suadet
1836 2227 2081 2286 Augustus.

1273 2304 1419 2341 metu.
1479 2297 1532 2342 Id
1554 2297 1674 2358 apud
1685 2297 1826 2342 Dion.
1840 2299 1910 2351 56,
1925 2299 1995 2342 33.
2017 2298 2110 2354 ipse

1214 2354 1472 2412 profitetur.

1274 2424 1388 2469 CAP.
1421 2427 1492 2479 12.

1217 2483 1279 2529 cf.
1304 2483 1396 2527 Dio
1423 2484 1493 2536 57,
1511 2484 1556 2529 2.

1269 2571 1524 2624 perculsus.
1572 2566 1770 2611 Ernestii
1793 2567 2116 2611 mutationem:

1213 2641 1482 2682 percussus,
1511 2626 1628 2668 bene
1651 2625 1866 2671 refutavit
1880 2624 2114 2669 Wolfius.

1219 2683 1334 2727 Nam
1356 2683 1462 2727 licet
1487 2683 1600 2732 sint,
1634 2683 1709 2740 qui
1733 2683 1977 2726 discrimen
1999 2682 2118 2724 inter

1213 2744 1457 2798 perculsus
1476 2749 1520 2783 et
1536 2754 1780 2795 percussus
1801 2748 1993 2783 statuant
2017 2739 2118 2781 nul-

1220 2799 1335 2851 lum,
1346 2799 1727 2856 utBaumgarten-
1737 2797 1923 2841 Crusius
1935 2797 1988 2839 ad
1996 2797 2119 2840 Suet.

1221 2856 1325 2900 Tib.
1340 2873 1378 2899 c.
1392 2858 1459 2899 11.
1472 2888 1484 2906 ,
1517 2856 1698 2899 codices
1711 2855 1866 2898 MSSti
1887 2855 2018 2897 etiam
2038 2854 2119 2896 mi-

1222 2930 1272 2957 re
1292 2913 1576 2958 confundant
1587 2921 1829 2970 utrumque
1845 2911 2121 2958 vocabulum

1225 2973 1303 3025 (cf.
1333 2970 1537 3030 Heynius
1569 2978 1614 3013 et
1638 2969 1848 3013 Heinsius
1881 2970 1935 3012 ad
1960 2968 2120 3026 Virgil.

1226 3029 1399 3087 Georg.
1422 3029 1465 3076 2,
1483 3028 1582 3070 476.
1624 3029 1740 3071 Aen.
1766 3029 1804 3076 1,
1826 3025 1925 3069 513.
1959 3026 2001 3078 6,
2022 3027 2121 3069 475.

1226 3089 1267 3136 8,
1303 3088 1402 3131 121.
1459 3086 1500 3137 9,
1533 3084 1628 3128 197.
1678 3084 1965 3143 potissimum
2009 3084 2122 3125 Bur-

1225 3160 1381 3189 mann.
1422 3143 1478 3185 ad
1511 3141 1651 3188 Ovid.
1687 3150 1872 3185 metam.
1904 3140 1947 3193 4,
1981 3141 2124 3197 138.);

1225 3202 1274 3245 id
1294 3210 1444 3244 tamen
1470 3200 1740 3257 comparatis
1760 3200 1882 3242 inter
1900 3215 1946 3241 se
1960 3198 2124 3241 utrius-

1228 3275 1315 3317 que
1345 3258 1524 3318 generis
1556 3257 1669 3302 locis
1690 3257 1794 3301 satis
1829 3264 1974 3314 patet,
2008 3270 2126 3310 per-

1567 2442 1710 2484 quam
1742 2434 1932 2483 partem
1961 2427 2035 2470 rei
2061 2443 2112 2483 p.

1229 3319 1408 3360 culsum
1446 3314 1615 3373 rectius
1656 3314 1746 3358 dici
1782 3329 1909 3364 eum,
1961 3313 2035 3358 eui
2073 3330 2125 3356 re
2190 3344 2193 3347 -

1230 3373 1423 3433 quadam
1455 3382 1613 3432 stupor
1642 3373 1837 3416 iniectus
1861 3379 1950 3422 est,
1979 3379 2029 3413 ut
2048 3387 2124 3413 ne·

1231 3431 1365 3480 sciat,
1396 3430 1503 3489 quid
1526 3429 1834 3480 statuendum,
1867 3427 2128 3480 dicendum,

1230 3488 1495 3533 faciendum
1516 3488 1596 3539 sit,
1625 3488 1893 3544 ἐκπλαγείς,
1925 3483 2127 3553 ἐμβρόν-

273 3548 334 3592 cf.
375 3563 499 3605 supr.
538 3561 581 3591 c.
609 3546 654 3590 9.
693 3547 823 3589 mari
852 3543 1040 3589 Oceano
1080 3554 1166 3590 aue
1234 3562 1392 3602 τητοςῐ
1419 3560 1692 3603 percussum
1714 3561 1852 3598 vero,
1880 3559 1956 3601 qun
1980 3544 2127 3602 ahqua
