2222 4030
1813 201 1866 237 A.
1883 202 1938 237 U.
1960 202 2045 238 773.

1754 278 1759 282 .
1814 244 1931 281 Λὶ.(λ
1980 247 2043 281 20.

269 213 400 273 222
935 203 1455 265 ANNALIUM
1529 208 1532 210 ’

264 344 396 400 foro
427 337 771 405 imminenS‚
813 307 958 392 iesta
989 347 1206 393 ornatu
1243 332 1700 409 conviviumque
1739 345 1796 392 et
1828 338 2032 411 epulae
2072 345 2128 392 et

270 423 605 485 celebritate
630 421 748 477 loci
771 417 926 477 nihil
947 422 1260 478 occultum.

435 507 512 567 X.
564 505 806 564 Postera
832 506 941 563 die
976 504 1282 563 Fulcinius
1308 500 1455 559 Trio
1478 501 1756 560 Pisonem
1794 506 1952 579 apud
1985 526 2129 562 con-

268 596 424 653 sules
450 591 787 669 postulavit.
873 603 1078 648 contra
1101 588 1379 645 Vitellius
1414 609 1479 644 ac
1505 587 1798 646 Veranius
1838 591 2130 666 ceterique

269 678 695 738 Germanicum
762 676 1025 734 comitati
1094 674 1417 730 tendebant
1486 675 1683 730 nullas
1753 695 1875 731 esse
1937 688 2131 750 partes

268 763 510 823 Trioni:
582 782 775 839 neque
829 782 888 817 se
940 770 1329 828 accusatores,
1391 759 1494 815 sed
1536 780 1739 816 rerum
1794 761 2021 816 indices
2076 772 2132 817 et

268 862 441 909 testes
464 848 742 905 mandata
766 844 1111 903 Germanici
1141 845 1488 919 perlaturos,
1577 843 1686 901 Ille
1724 846 1966 902 dimissa
2005 846 2131 901 eius

269 955 475 994 causae
504 933 827 1000 delatione,
867 941 934 987 ut
967 930 1230 1005 priorem
1264 928 1450 985 vitam
1482 943 1807 1000 accusaret,
1853 931 2131 1000 obtinuit,

264 1020 631 1099 petitumque
664 1025 748 1073 est‘
776 1008 813 1071 'a
841 1015 1140 1090 principe,
1185 1013 1581 1087 cognitionem
1610 1015 1922 1090 exciperet:
1970 1017 2132 1092 quod

240 1114 343 1163 'ne
382 1125 518 1163 reus
554 1102 796 1180 quidem
834 1101 1132 1157 abnuebat
1162 1099 1355 1156 studia
1394 1099 1604 1174 populi
1644 1111 1701 1156 et
1738 1111 1975 1175 patrum
2006 1121 2135 1156 me-

265 1190 467 1251 tuens:
510 1199 715 1246 contra
748 1184 1067 1242 Tiberium
1107 1184 1455 1260 spernendis
1490 1186 1832 1242 rumoribus
1866 1185 2134 1242 validum

264 1284 324 1335 et
346 1272 735 1334 conscientiae
767 1272 972 1329 matris
1002 1272 1287 1327 innexum
1314 1290 1462 1326 esse:
1506 1291 1763 1347 veraque
1803 1282 1905 1327 aut
1929 1271 1994 1326 in
2029 1272 2133 1327 de-

262 1362 447 1420 terius
482 1357 702 1416 credita
731 1357 926 1413 iudice
963 1357 1037 1414 ab
1073 1377 1196 1413 uno
1229 1356 1462 1412 facilius
1498 1355 1774 1432 discerni:
1833 1356 2041 1413 odium
2076 1368 2134 1414 et

262 1445 555 1504 invidiam
587 1443 746 1519 apud
777 1443 998 1499 multos
1029 1443 1246 1500 valere.
1331 1439 1511 1498 Haud
1545 1442 1786 1498 fallebat
1817 1441 2132 1498 Tiberium

260 1534 447 1589 moles
486 1528 842 1603 cognitionis
872 1548 1104 1605 quaque
1144 1527 1267 1602 ipse
1300 1527 1456 1583 fama
1491 1524 1934 1587 distraheretur.
2020 1527 2136 1602 igi-

263 1628 363 1675 tur
397 1615 600 1692 paucis
639 1613 1025 1670 familiarium
1073 1609 1355 1669 adhibitis
1394 1613 1588 1669 minas
1627 1613 2030 1670 accusantium
2077 1625 2135 1671 et

182 1703 184 1706 ⁴
260 1698 403 1759 hinc
437 1720 637 1778 preces
682 1698 850 1769 audit
893 1699 1300 1775 integramque
1341 1718 1574 1754 causam
1621 1699 1696 1755 ad
1731 1710 2000 1755 senatum
2037 1718 2134 1755 re-

264 1788 468 1847 mittit.

434 1870 544 1931 XI.
598 1865 797 1948 Atque
835 1868 1075 1926 interim
1107 1865 1340 1924 Drusus
1372 1869 1605 1925 rediens
1630 1866 1905 1946 Illyric0‚
1943 1889 2135 1945 quan-

266 1979 446 2036 quam
486 1969 680 2033 patres
726 1955 1091 2013 censuissent
1131 1955 1208 2010 ob
1253 1965 1554 2029 receptum
1589 1953 2038 2014 Maroboduum
2081 1966 2137 2012 et

263 2063 357 2100 res
391 2043 592 2120 priore
631 2053 844 2099 aestate
886 2051 1100 2114 gestaS‚
1161 2051 1228 2095 ut
1266 2060 1450 2096 ovans
1486 2039 1696 2109 iniret,
1754 2041 1986 2115 prolato
2022 2035 2135 2097 ho-

263 2149 411 2186 nore
462 2129 674 2185 urbem
730 2126 994 2185 intravit.
1118 2122 1259 2182 Post
1307 2145 1455 2201 quae
1498 2145 1599 2181 reo
1649 2123 1718 2184 L.
1757 2121 2134 2194 Arruntium,

264 2342 269 2366 ³
308 2347 444 2405 festa
464 2353 653 2388 ornatu.
710 2345 786 2388 Sic
809 2344 911 2389 cod.
927 2342 1033 2386 MS.
1059 2344 1160 2386 edd.

260 2404 471 2450 Beroald.
499 2403 645 2446 Rhen.
669 2402 775 2446 Ald.
838 2401 1016 2444 Deinde
1038 2401 1158 2458 Lips.

263 2470 364 2523 sqq.
395 2460 576 2505 edidere
592 2461 738 2528 sesto.
800 2460 1011 2527 Veterem
1045 2459 1159 2501 scri-

259 2515 1161 2634 ’ἔὲῗἶέἆνῗῖἳέἶζῧοῖἔέἓῗᾶῒιζιεῖῗγὲἰ

261 2637 420 2680 Horat.
446 2632 536 2677 Od.
563 2633 604 2684 3,
630 2634 698 2685 18,
723 2634 790 2675 11.
812 2632 971 2687 festus
993 2645 1163 2687 pagus.

268 2694 511 2737 Ornatam
534 2691 687 2750 accipe
711 2689 766 2732 de
789 2689 940 2740 lauro,
967 2688 1163 2736 coronis,

262 2750 430 2795 fronde
462 2748 579 2807 apud
610 2756 762 2807 postes
797 2747 1038 2804 suspensis.
1101 2743 1162 2789 cf.

263 2810 424 2855 Iuven.
450 2809 491 2858 6,
513 2806 575 2849 79'
593 2815 636 2849 et
657 2806 758 2848 226.
803 2805 864 2847 id.
888 2805 929 2852 9,
952 2804 1023 2847 85.

323 2865 757 2920 conviviumque-et
788 2865 964 2918 epulae.
1041 2861 1163 2903 Con-

266 2925 463 2975 vivium,
498 2920 828 2976 Gesellschaft‚
862 2919 1036 2971 Getae,
1071 2919 1165 2961 Ga·

265 2981 438 3032 εἰσείς
472 2982 659 3036 epulae,
687 2978 734 3020 T
727 2979 836 3034 asel.
896 2975 1031 3020 Roth.
1060 2992 1103 3034 p.
1119 2976 1162 3020 7.

265 3039 376 3082 haee
396 3038 512 3081 inter
533 3051 787 3094 synonyma
809 3035 955 3077 hahet.

324 3096 441 3137 nihil
471 3096 716 3136 occultum.
779 3091 840 3135 cf.
869 3092 910 3143 2,
933 3090 1001 3135 13.
1039 3091 1169 3132 nihil

268 3154 530 3196 remissum.
593 3150 699 3194 Vid.
721 3149 784 3193 ibi
808 3158 909 3192 not.

328 3208 440 3252 CAP.
487 3210 555 3251 10.
643 3223 699 3250 ac
751 3207 1004 3250 Veranius.
1092 3203 1169 3248 Sic

272 3267 375 3311 cod.
399 3263 501 3308 MS.
535 3264 635 3307 edd.
662 3264 869 3308 Beroald.
894 3263 1038 3305 Rhen.
1064 3262 1167 3305 Ald.

269 3326 390 3383 Lips.
427 3321 558 3367 Grut.
603 3330 646 3363 et
683 3322 785 3364 dein
823 3321 912 3363 Iac.
959 3319 1166 3363 Gronov.

273 3398 372 3440 sqq.
416 3408 476 3417 -
545 3377 742 3424 Pieheua
779 3394 878 3437 sqq.
921 3378 1168 3421 omiserant

274 3456 343 3482 ae.
428 3438 638 3481 Ceterum
683 3436 784 3478 edd.
826 3443 928 3478 ante
966 3434 1165 3494 Lipsium

272 3497 379 3539 dant
401 3495 692 3544 Verannius,
724 3508 863 3550 quum
889 3494 930 3543 Ξ,
951 3493 1006 3535 56
1029 3501 1072 3534 et
1092 3491 1165 3533 74.

273 3553 463 3597 habeant
483 3552 753 3595 Veranium.

1291 2345 1468 2387 Trioni.
1524 2344 1733 2388 Muretus
1751 2343 1951 2388 Trionis.
2011 2343 2130 2388 Fru-

1233 2412 1337 2445 stra.

1290 2475 1597 2527 cognitionem
1618 2474 1866 2528 exciperet.
1922 2471 2028 2515 Non
2052 2475 2133 2514 ad·

1235 2535 1468 2580 mitteret,
1498 2530 1574 2574 sed
1598 2532 1877 2585 susciperet,
1909 2531 2134 2572 &berneh-

1236 2604 1357 2632 men.

1293 2659 1597 2702 conscientiae
1619 2658 1804 2719 matris.
1863 2657 1922 2701 cf.
1948 2672 2071 2715 supr.
2093 2659 2135 2708 2,

1236 2718 1291 2761 77
1319 2727 1361 2761 et
1385 2717 1455 2759 82.

1295 2789 1452 2831 odium
1486 2795 1531 2830 et
1561 2787 1806 2829 invidiam.
1868 2785 2134 2846 Synonyma

1236 2846 1489 2890 secundum
1511 2844 1648 2888 Roth.
1675 2861 1719 2903 p.
1741 2844 1785 2886 7.

1295 2919 1456 2959 moles.
1514 2915 1597 2958 Ed.
1611 2915 1820 2958 Beroald.
1837 2916 1987 2966 molis,
2012 2915 2134 2971 quod

1236 2973 1469 3018 Victorius
1498 2973 1546 3016 in
1571 2988 1654 3016 suo
1678 2972 1917 3030 exemplari
1939 2972 2135 3016 correxit

1238 3034 1408 3083 moles,
1439 3031 1504 3074 uti
1526 3039 1590 3074 est
1613 3030 1731 3088 apud
1752 3029 1898 3072 Rhen.
1922 3045 2018 3087 sqq.

1298 3116 1409 3160 CAP.
1444 3118 1510 3158 11.
1579 3121 1685 3168 post
1713 3128 1849 3170 quae.
1921 3111 1998 3154 Sic
2030 3113 2132 3156 cod.

1238 3174 1344 3217 MS.
1390 3173 1458 3215 ed.
1490 3171 1597 3215 Ald.
1646 3180 1689 3213 et
1735 3170 1897 3213 deinde
1942 3169 2135 3212 Pichena

1243 3230 1376 3274 Grut.
1401 3245 1500 3286 sqq.
1532 3253 1588 3262 --
1635 3227 1968 3271 Edd.Beroald.
1990 3227 2133 3270 Rhen.

1240 3289 1359 3346 Lips.
1385 3289 1558 3345 priores
1579 3293 1849 3341 postquam.

1295 3371 1350 3413 L.
1386 3369 1685 3412 Arruntium.
1749 3367 1865 3412 Cod.
1899 3368 2001 3411 MS.
2034 3368 2135 3411 edd.

1239 3426 1445 3472 Beroald.
1479 3427 1682 3469 Rhenan.
1716 3442 1812 3484 sqq.
1856 3426 1908 3470 T.
1944 3429 2135 3468 Arrun-

1240 3489 1359 3528 tium
1394 3484 1597 3536 habent..
1644 3483 1735 3526 Sed
1764 3484 1868 3540 quia
1899 3481 2136 3525 verisimile

1239 3554 1324 3594 est,
1376 3541 1572 3585 eundem
1618 3539 1809 3598 intelligi
1853 3541 2137 3587 Arruntium,
