2222 4030
1769 129 1822 167 A.
1838 132 1893 168 U.
1917 133 2002 170 ¹785.

1771 173 1822 210 A.
1841 174 1888 212 C.
1938 179 1999 217 32.

890 130 1410 214 [QNNA‘LIUM
1470 183 1477 206 ‚

403 260 575 324 XIII.
632 261 852 320 Iisdem
899 264 1241 338 consulibus
1283 261 1566 336 gravitate
1616 281 1909 323 annonae.
1931 267 2092 331 iuxta

237 350 587 407 seditionem
613 359 888 419 ventum,
914 351 1231 424 ,multaque
1258 349 1537 422 et‘plures
1559 367 1666 422 per
1687 349 1814 406 dies
1841 351 1907 406 in
1928 349 2095 413 theca-
2168 376 2175 426 ᾗ

237 431 333 494 tro
360 434 632 491 licentius
659 422 972 507 efflagitata
1005 453 1183 510 quam
1220 433 1460 497 solitum
1494 430 1807 491 adversum
1841 435 2097 512 impera-

238 531 445 578 torem.
533 518 666 595 quis
695 531 1020 578 commotus
1051 518 1340 574 incusavit
1370 517 1743 591 magistratus
1768 511 2096 599 patresque,
2162 597 2167 601 Α

238 605 400 680 quod
425 624 550 660 non
574 604 811 684 publica,
832 604 1174 662 auctoritate
1196 603 1485 678 populum
1519 605 1933 663 coercuissent:
1991 610 2100 664 ad-
2155 640 2157 643 ·

239 689 537 765 diditque,
593 683 808 765 quibiis
836 711 866 745 e
895 687 1218 763 provinciis
1254 700 1310 745 et
1346 700 1567 764 quanto
1601 689 1886 747 maiorem
1921 713 2100 768 quam
2184 726 2187 755 ς

241 770 545 847 Augustus
579 774 670 830 rei
705 771 1123 838 frumentariae
1162 773 1392 848 copiam
1428 775 1776 835 advectaret.
1880 775 1968 834 Ita
2002 799 2100 835 ca-
2183 809 2186 812 ⁴

241 859 542 932 stigandae
597 850 762 935 plebi
814 857 1204 932 compositum
1247 869 1483 925 senatus
1528 861 1864 916 consultum
1907 863 2100 937 prisca

240 944 576 1002 severitate:
644 964 833 1020 neque
884 943 1118 1016 segnius
1155 943 1424 1000 consules
1460 943 1710 1002 edixere.
1798 945 2100 1005 silentium

239 1027 427 1103 ipsius
460 1049 584 1093 non
620 1030 822 1098 civile,
862 1038 930 1084 ut
957 1026 1316 1098 crediderat,
1359 1027 1460 1084 sed
1487 1028 1552 1085 in
1578 1029 1919 1105 superbiam
1947 1033 2102 1090 acci-

238 1113 529 1189 piebatur.

229 139 352 218 392

410 1268 577 1329 XIV.
646 1266 797 1325 Fine
850 1267 996 1324 anni
1052 1265 1397 1336 Geminiu5‚
1465 1264 1702 1337 Celsm,
1769 1265 2106 1346 Pompeiu8‚

243 1355 467 1433 equites
491 1354 784 1423 Romani,
824 1353 1083 1410 cecidere
1111 1353 1535 1410 coniurationis
1559 1351 1825 1423 crimine.
1881 1373 1949 1410 ex
1973 1357 2106 1433 quis
2184 1374 2186 1378 ·

245 1438 557 1499 Geminius
578 1439 950 1515 prodigentia
979 1459 1162 1514 opum
1194 1434 1536 1495 acmollitia
1562 1438 1717 1494 vitae
1747 1439 1970 1496 amicus
1998 1441 2107 1512 Se:

243 1527 381 1585 iano
402 1571 418 1595 ‚
473 1522 630 1582 nihil
681 1525 756 1580 ad
809 1525 1048 1583 serium.
1137 1535 1194 1601 et
1239 1521 1429 1580 Iulius
1461 1521 1667 1586 Celsus
1714 1523 1991 1582 tribunus
2038 1529 2105 1584 in

240 1607 453 1668 vinclis
475 1612 728 1667 laxatam
754 1605 1017 1667 catenam
1043 1603 1100 1666 'et
1123 1610 1544 1666 circumdatam
1565 1608 1629 1663 in
1651 1607 1951 1666 diversum
1974 1624 2106 1669 ten-

244 1697 390 1757 dens
429 1715 596 1754 suam
627 1697 751 1771 ipse
788 1695 1075 1752 cervicem
1111 1695 1408 1770 perfregit.
1492 1690 1576 1751 At
1599 1691 1835 1751 Rubrio
1861 1695 2110 1769 Fabam,

243 1793 528 1858 tanquam
566 1781 883 1856 desperatis
916 1781 1093 1837 rebus
1117 1778 1408 1838 Romanis
1434 1774 1797 1837 Parthorum
1832 1782 1902 1838 ad
1932 1783 2111 1840 mise-

249 1866 570 1927 ricordiam
614 1868 872 1940 fugeret,
934 1866 1204 1923 custodes
1257 1865 1464 1925 additi.
1564 1884 1702 1920 sane
1749 1865 1800 1920 is
1846 1879 2111 1943 repertus

247 1953 404 2027 apud
429 1953 644 2025 fretum
660 1947 898 2010 Siciliae
923 1963 1323 2027 retractusque
1350 1971 1456 2026 per
1485 1949 1892 2009 centurionem
1913 1954 2109 2012 nullas

248 2037 587 2115 probabiles
629 2058 828 2094 causas
865 2038 1226 2114 longinquae
1266 2034 1760 2111 peregrinationis
1796 2038 2110 2100 adferebat.

250 2122 470 2180 mansit
519 2135 719 2181 tamen
774 2122 1090 2183 incolumis
1145 2122 1450 2181 oblivione
1505 2121 1691 2194 magis
1755 2127 1933 2197 quam
1997 2125 2115 2182 cle-

251 2208 491 2270 mentia.

2216 2090 2222 2103 Ε

307 2423 422 2468 CAP.
441 2425 506 2469 13.
534 2440 682 2482 neque
699 2428 903 2481 segnius.
965 2427 1022 2470 cf.
1040 2425 1145 2469 infr.

252 2483 322 2532 11,
359 2484 427 2526 15.
499 2483 657 2526 Victor
699 2485 748 2527 in
793 2483 920 2528 Caes.
965 2483 1036 2536 40,
1075 2483 1146 2528 20.

250 2539 425 2600 Lipsius
449 2539 612 2586 frustra
636 2543 833 2585 tentabat
855 2545 1052 2598 sequius.

310 2612 362 2654 in
393 2613 667 2664 superbiam
698 2613 1026 2667 accipiebatur.
1090 2611 1151 2655 cf.

257 2670 297 2717 1,
332 2670 399 2714 14.
445 2670 495 2712 in
528 2670 894 2714 deminutionem
926 2672 1005 2713 sui
1031 2670 1152 2712 acci·

250 2726 422 2783 piens,-
497 2729 536 2776 1,
578 2727 622 2772 7.
674 2730 723 2771 in
773 2729 948 2771 crimen
989 2731 1152 2776 detor-

256 2799 422 2841 quens.

1278 2426 1483 2468 mollitia
1507 2428 1642 2472 vitae.
1705 2426 1794 2470 Dio
1813 2424 1844 2470 l.
1861 2426 1890 2471 l.
1929 2430 2006 2472 καὶ
2024 2445 2118 2488 μα-

1219 2485 1380 2531 λακίας
1401 2487 1639 2533 uiuae-ela

1279 2567 1397 2610 nihil
1439 2571 1504 2609 ad
1546 2569 1744 2612 ser-sum.
1827 2567 1882 2622 H.
1927 2585 1963 2612 e.
2006 2569 2120 2612 nihil

1225 2625 1348 2680 quod
1400 2625 1456 2668 ad
1507 2626 1671 2668 serium
1721 2633 1956 2684 spectaret.
2046 2627 2124 2671 Sic

1227 2681 1390 2726 Graeci
1438 2692 1614 2740 ponunt
1654 2681 1771 2741 πρός
1811 2698 1916 2726 eum
1957 2700 2123 2736 accus„

1226 2748 1278 2783 ut
1317 2739 1519 2785 adverbii
1564 2738 1668 2783 loco
1711 2741 1783 2783 sit.

1229 2813 1325 2856 cap.
1345 2798 1387 2841 9.
1419 2806 1526 2840 sect.
1550 2796 1592 2839 8.
1628 2814 1720 2856 reg.
1749 2801 1819 2841 10.
1856 2739 1918 2786 ef·
1966 2743 2120 2800 Vlger·

260 2868 428 2970 58CZP.
457 2869 525 2915 14.
560 2869 675 2912 Fine
695 2871 817 2912 anm·
835 2878 919 2912 cte.
976 2867 1037 2913 cf.
1062 2867 1155 2913 Dio

1287 2909 1406 2937 sune
1430 2893 1469 2935 is
1490 2901 1719 2948 repertus.
1778 2893 1895 2938 Edd.
1918 2894 2124 2940 Beroald.

1228 2951 1332 2996 Ale.
1353 2951 1557 2993 Rhenan.
1586 2950 1692 2994 Ald.
1728 2966 1871 2994 sonus
1896 2962 2124 3007 repertus,

322 2996 591 3050 Geminius,
643 2998 818 3042 Celsus.
910 2994 1026 3040 Edd.
1066 2996 1155 3038 Be-

260 3053 404 3098 roald.
435 3055 533 3098 Ale.
560 3055 773 3098 Rhenan.
791 3057 892 3100 Ald.
918 3071 1014 3112 sqq.
1043 3053 1157 3097 male

260 3111 565 3170 coniungunt:
594 3115 841 3156 Geminius
857 3113 1028 3154 Celsus.
1062 3111 1159 3154 Me-

262 3169 422 3212 liorem
465 3170 684 3213 rationem
725 3170 898 3227 Lipsius
950 3169 1160 3212 instituit.

262 3226 443 3270 Plenius
465 3227 555 3270 Dio
579 3227 610 3271 l.
638 3229 666 3271 l.
698 3226 835 3278 Γάϊος
854 3225 1053 3284 Ῥοῦφος
1074 3230 1161 3269 Γε-

261 3288 429 3342 μίνιος.

321 3355 660 3398 coniurationis
687 3356 895 3399 erimine.
957 3354 1048 3398 Dio
1075 3353 1104 3396 l.
1132 3353 1160 3397 l.

262 3411 471 3469 ἀσεβείας
490 3412 580 3473 γὰρ
604 3413 648 3461 ἐς
666 3412 748 3456 τὸν
766 3416 975 3473 Τιβέριον
994 3413 1161 3470 ἔγκλη-

264 3474 375 3519 θείς.

1228 3009 1351 3068 quod
1374 3009 1583 3050 Mercero
1605 3018 1785 3052 auctore
1806 3008 2002 3053 Piehena
2025 3028 2125 3069 sqq.

1229 3068 1344 3112 bene
1379 3073 1610 3107 mutarunt
1632 3065 1678 3107 in
1699 3081 1814 3108 sane
1838 3068 1878 3109 is
1900 3082 1941 3109 r.
2001 3068 2126 3111 Con-

1232 3124 1429 3169 cedentis
1473 3132 1537 3165 est
1580 3123 1813 3181 particula.
1872 3123 1930 3165 cf.
1975 3126 2012 3177 1,
2054 3129 2122 3171 10.

1234 3183 1361 3226 Sane
1404 3180 1555 3222 Cassii
1590 3189 1634 3221 et
1670 3183 1932 3223 Brutorum
1971 3184 2128 3226 exitus

1235 3247 1321 3282 etc.
1357 3240 1394 3288 1,
1418 3238 1461 3280 3.
1492 3237 1586 3287 3,5.
1617 3238 1656 3288 6,
1673 3238 1741 3280 48.
1781 3237 1932 3285 11,23.
1994 3240 2128 3283 Hein-

1235 3298 1300 3339 sio
1337 3305 1485 3339 tamen
1523 3295 1756 3338 videbatur
1785 3295 1921 3338 latere
1959 3313 2129 3341 nomen

1234 3353 1389 3411 oppidi
1412 3360 1485 3394 aut
1509 3351 1624 3399 vici,
1657 3352 1733 3394 ubi
1760 3361 1983 3410 repertus,
2012 3355 2129 3398 forte

1235 3411 1436 3453 Canusii.
1485 3409 1697 3452 Aurelius
1721 3410 1837 3453 vult:
1868 3410 2131 3457 Messanae.

1236 3469 1432 3512 Frustra.
