2222 4030
1829 202 1882 240 A.
1894 205 1948 240 U.
1962 205 2041 239 785.

1829 246 1881 283 A.
1900 247 1947 282 C.
1981 250 2040 282 32.

277 205 401 265 378
954 199 1454 264 ANNALIUM

276 332 721 394 benevolentiae
742 341 1002 406 patrum:
1047 334 1147 390 sed
1182 350 1330 408 quos
1368 332 1563 390 omitti
1595 337 1803 409 posse?
1844 359 1997 414 quos>
2023 342 2124 406 de-

274 420 420 495 ligi?
472 437 776 493 semperne
813 417 1048 473 eosdem
1084 438 1160 474 an
1199 417 1451 473 subinde
1481 419 1667 476 alios?
1707 432 1764 477 et
1796 418 2124 482 honoribus

271 506 612 582 perfunctos
667 522 745 558 an
795 501 1072 558 iuvenes?
1145 501 1406 578 privatos
1457 522 1534 558 an
1579 525 1610 559 e
1653 507 2124 579 magistratibus?

274 610 455 667 quam
501 587 717 644 deinde
750 587 999 662 speciem
1034 587 1160 641 fore
1197 587 1554 644 sumentium
1585 590 1650 644 in
1685 591 1890 649 limine
1929 596 2122 651 curiae

271 673 538 749 gladios?
592 691 784 748 neque
811 671 923 728 sibi
948 672 1132 726 vitam
1154 672 1335 741 tanti,
1379 672 1428 728 si
1460 674 1639 730 armis
1671 679 1920 749 tegenda
1952 682 2121 739 foret.

266 759 428 818 Haec
464 759 743 830 adversus
763 755 1102 829 Togonium
1135 757 1333 812 verbis
1363 760 1700 816 moderans:
1743 780 1936 839 neque
1966 766 2121 821 ultra

266 831 652 903 abolitionem
677 831 998 898 sententiae
1024 841 1286 901 suadere.
2042 862 2046 865 ⁴

439 925 550 988 III.
605 925 688 984 At
714 925 955 983 Iunium
981 921 1343 996 Gallionem,
1377 928 1481 1003 qui
1505 943 1822 1000 censuerat,
1860 945 1926 989 ut
1949 955 2120 1008 prae-

265 1013 487 1075 toriani
519 1013 662 1070 actis
689 1010 994 1085 stipendiis
1021 1011 1114 1068 ius
1136 1012 1536 1087 apiscerentur
1560 1014 1625 1070 in
1652 1019 2120 1092 quattuordecim

265 1099 580 1160 ordinibus
616 1095 885 1165 sedendi,
945 1096 1236 1153 violenter
1267 1097 1560 1173 increpuit
1599 1102 1761 1158 velut
1790 1123 1987 1160 coram
2020 1123 2121 1161 ro-

265 1187 484 1262 gitanS,
527 1183 671 1260 quid
694 1181 785 1236 illi
809 1201 942 1237 curn
970 1181 1301 1239 militibus?
1349 1203 1498 1260 quos
1533 1204 1724 1262 neque
1749 1187 1903 1247 dicta
1931 1189 2119 1264 impe-

263 1271 478 1330 ratoris
523 1286 713 1343 neque
758 1266 1019 1340 praemia
1063 1267 1179 1322 nisi
1217 1268 1292 1324 ab
1324 1267 1677 1343 imperatore
1714 1272 1974 1348 accipere
2011 1295 2118 1349 par

265 1367 431 1415 esset.
538 1351 861 1427 repperisse
908 1372 1176 1427 prorSUS,
1231 1354 1391 1429 quod
1436 1355 1607 1412 divus
1643 1350 1946 1431 Augustus
1991 1380 2115 1416 non

261 1438 608 1519 providerit.
673 1456 751 1492 an
777 1437 974 1511 potius
999 1438 1355 1496 discordiam
1382 1450 1439 1497 et
1462 1441 1812 1498 seditionem
1837 1465 1870 1500 a
1894 1445 2114 1500 satelli-

260 1540 318 1585 te
345 1523 548 1584 Seiani
581 1521 935 1598 quaesitam,
979 1536 1097 1599 qua
1128 1524 1567 1582 rudesanimos
1599 1528 1840 1584 nomine
1868 1525 2114 1586 honoris
2158 1592 2160 1596 ⁷

259 1613 336 1670 ad
383 1608 882 1682 corrumpendum
926 1608 1172 1666 militiae
1215 1629 1442 1667 morem
1487 1613 1882 1687 propelleret?
1982 1613 2115 1674 Hoc

257 1695 515 1773 pretium
543 1691 743 1750 Gallio
767 1693 1079 1751 meditatae
1111 1695 1468 1752 adulationis
1502 1697 1668 1767 tulit,
1711 1699 1907 1755 statim
1936 1701 2114 1772 curia,

257 1781 471 1839 deinde
508 1776 679 1835 Italia
715 1789 971 1835 exactus:
1017 1790 1075 1836 et
1109 1779 1246 1857 quia
1280 1781 1659 1839 incusabatur
1694 1784 1863 1840 facile
1899 1776 2114 1843 tolera-

255 1880 423 1926 turus
449 1863 719 1922 exsilium
743 1864 960 1922 delecta
973 1863 1164 1923 Lesbo
1190 1866 1383 1922 insula
1406 1867 1596 1924 nobili
1621 1879 1675 1925 et
1704 1891 1976 1941 amoena,
2019 1891 2113 1928 re·-

257 2110 327 2144 tes
358 2100 642 2151 habentem.)
699 2097 783 2140 Ed.
815 2097 920 2141 Ald.
951 2099 1145 2152 graccis.

1218 2097 1380 2152 tentia;
1420 2098 1603 2143 haerent
1633 2100 1902 2160 interpretes
1931 2111 1974 2146 et
2004 2104 2106 2162 qui-

254 2159 368 2203 Mox
384 2150 620 2215 'vulgatum
644 2155 727 2198 fuit
749 2157 956 2209 gratias.

1219 2157 1321 2199 dem
1356 2157 1460 2199 loco
1491 2157 1768 2217 planissimo.
1835 2160 1975 2204 Dicta
2014 2163 2108 2204 im-

2192 0 2222 280 ἰ

2215 395 2222 410 2

2217 411 2222 422 1

2219 549 2222 558 ι

2218 1413 2222 1523 ξ

2214 1536 2222 1634 ,ἕ

2214 1630 2222 1692 .÷

311 2230 512 2271 iuvenes.
568 2227 644 2270 Sic
666 2225 778 2268 infr.
802 2225 868 2278 13,
892 2225 963 2269 25.
994 2225 1147 2269 Iulius

253 2285 509 2329 Montanus
543 2284 772 2326 senatorii
809 2284 1014 2332 ordinis,
1063 2287 1147 2327 sed

253 2344 339 2400 qui
363 2344 575 2385 nondum
606 2343 829 2383 honorem
859 2343 1144 2395 capessam—et.

253 2402 457 2444 Suetonu
479 2397 586 2441 Oct.
623 2414 663 2442 c.
685 2397 756 2440 38.
787 2396 967 2440 Liberis
1002 2411 1147 2440 sena-

257 2467 415 2501 torum
431 2488 444 2507 ,
490 2470 580 2512 quo
602 2455 802 2498 celerius
833 2455 909 2497 rei
929 2456 1145 2509 publicae

252 2519 607 2564 adsuescerent,
632 2514 848 2566 protinus
872 2512 1056 2556 virilem
1079 2519 1143 2554 to-

252 2588 366 2629 gam
394 2575 546 2614 latum
579 2572 763 2612 clavum
788 2571 984 2612 induere
1004 2577 1048 2612 et
1071 2586 1144 2613 cu·

251 2634 353 2674 riae
370 2630 592 2683 interesse
610 2627 841 2682 permisit.

319 2715 466 2757 neque
511 2700 650 2741 ultra
699 2698 1003 2740 abolitionem
1059 2706 1144 2741 etc.

251 2760 438 2817 Nempe*
462 2756 666 2802 acerbius
694 2756 741 2799 in
771 2755 936 2800 lulium
963 2753 1140 2798 Gallio-

251 2832 370 2860 nem.

309 2886 422 2929 CAP.
453 2885 495 2928 3.
552 2885 619 2926 At
647 2882 838 2926 Iunium
866 2882 1144 2935 Gallionem,

251 2946 333 3001 qui
356 2950 608 2985 censuerat
642 2950 726 2984 etc.
804 2940 875 2982 De
908 2941 1063 2983 eadem
1093 2957 1142 2983 re

251 3001 311 3045 cf.
347 3000 438 3043 Dio
470 2998 539 3051 58,
572 3000 640 3042 18.
710 2997 799 3041 Hic
829 3014 886 3040 an
920 2997 977 3040 sit
1005 2997 1144 3041 frater

252 3051 475 3104 Senecae,
526 3057 580 3099 de
617 3071 708 3112 quo
748 3055 853 3098 infr.
892 3053 959 3106 15,
990 3054 1061 3098 73.
1101 3062 1145 3098 et

250 3117 408 3159 Actor.
430 3115 588 3171 Apost.
625 3114 689 3164 18,
714 3114 783 3156 12.
818 3128 914 3155 non
946 3113 1004 3155 ita
1037 3128 1143 3156 cer-

247 3182 349 3216 tum
386 3186 479 3215 esse
509 3169 709 3222 videtur,
755 3185 889 3226 quam
924 3169 1143 3229 interpre-

250 3239 317 3274 tes
346 3228 402 3274 ad
431 3227 475 3271 h.
507 3226 539 3270 l.
603 3236 745 3271 utant.
816 3226 1051 3270 Reimarus
1087 3227 1142 3270 ad

250 3287 392 3331 Dion.
420 3285 452 3329 l.
487 3284 517 3328 l.
586 3284 776 3328 iversum
801 3293 1043 3342 utrumque
1069 3284 1142 3326 di-

251 3344 329 3388 cit.

309 3427 422 3471 quos
445 3427 593 3469 neque
614 3412 737 3454 dicta
757 3414 1058 3466 imperatoris
1075 3446 1087 3458 .
1100 3444 1112 3457 .
1129 3446 1142 3458 .

252 3485 345 3527 par
367 3478 503 3513 esset.
564 3469 670 3513 Non
690 3469 864 3521 haeret,
890 3470 957 3513 uti
975 3470 1030 3514 ad
1050 3472 1092 3515 h.
1107 3471 1140 3514 l.

255 3527 411 3574 scribit
432 3527 631 3586 Lipsius,
662 3527 741 3571 sed
765 3527 880 3571 bene
907 3527 1005 3573 ssuit
1037 3546 1138 3573 scn-

1213 2215 1481 2269 peratoris,
1532 2224 1582 2259 ut
1626 2232 1760 2274 supra
1800 2218 1842 2266 2,
1878 2219 1948 2261 45.
1983 2221 2108 2263 (licta

1218 2273 1580 2327 imperatorum,
1619 2282 1723 2316 sunt
1755 2275 1871 2318 dicta
1894 2277 1960 2318 vel
1992 2278 2107 2321 iussa

1216 2329 1504 2386 imperatoria
1526 2329 1568 2373 h.
1591 2345 1631 2372 e.
1659 2331 1857 2389 imperia.
1918 2334 1976 2377 cf.
1999 2335 2042 2384 4,
2063 2337 2106 2378 2.

1216 2386 1327 2429 Hist.
1361 2388 1403 2434 2,
1437 2388 1505 2431 19.
1570 2387 1695 2433 Dicit
1726 2390 1961 2434 Tiberius:
2004 2393 2106 2450 quia

1216 2459 1309 2485 non
1341 2443 1470 2486 decet
1493 2444 1658 2488 milites
1691 2447 1873 2504 imperia
1903 2449 2106 2510 accipere

1216 2498 1302 2542 nisi
1335 2499 1389 2542 ab
1424 2501 1722 2558 imperatore,
1760 2520 1906 2561 neque
1938 2522 2019 2563 par
2042 2515 2106 2550 est

1215 2556 1413 2614 praemia
1436 2573 1511 2600 eos
1535 2569 1783 2617 exspectare
1810 2561 1894 2603 nisi
1929 2564 1980 2604 ab
2016 2565 2102 2606 im-

1213 2621 1437 2670 peratore.
1499 2613 1588 2658 Sed
1615 2618 1885 2661 coniecturis
1910 2619 1999 2664 suis
2029 2622 2103 2663 in-

1215 2670 1401 2728 dulgent
1420 2670 1697 2729 interpretes.
1757 2674 1954 2733 Lipsius:
1984 2680 2107 2722 decta

1213 2743 1308 2769 non
1338 2729 1661 2783 imperatoris,
1691 2733 1763 2777 vel
1783 2735 1927 2786 dicta,
1959 2736 2108 2779 deleto

1214 2784 1433 2829 vocabulo
1456 2787 1769 2841 imperatoris.
1827 2791 1884 2832 At
1905 2807 2001 2835 non
2025 2794 2103 2836 de-

1215 2842 1423 2896 lendum,
1469 2845 1544 2887 sed
1578 2847 1726 2902 potius
1760 2856 1861 2906 post
1891 2853 2107 2902 praemia

1214 2900 1376 2942 iterum
1417 2902 1760 2960 intelligendum
1797 2921 1889 2948 esse
1928 2923 2103 2952 censeo,

1214 2956 1304 2999 Alii
1338 2973 1442 3000 cum
1471 2958 1689 3003 Rhenano
1723 2969 1765 3003 et
1794 2962 1982 3007 Harlaeo
2021 2981 2099 3008 vo-

1216 3014 1316 3057 lunt
1336 3032 1347 3057 τ
1367 3031 1513 3071 neque
1536 3018 1662 3059 dicta
1684 3020 1777 3061 nisi
1797 3021 2100 3075 imperatoris.

1214 3072 1280 3114 Ita
1303 3070 1534 3115 Victorius
1569 3076 1764 3117 correxit
1795 3076 1842 3118 in
1876 3094 1910 3120 s,
1944 3097 2006 3123 ex.
2029 3080 2098 3122 ed.

1214 3128 1424 3173 Beroald.
1483 3130 1694 3175 Muretus
1724 3149 1808 3190 pro
1840 3136 1966 3178 dicta
1991 3137 2099 3179 sub-

1212 3185 1424 3231 stituebat
1456 3188 1620 3231 edicta.
1697 3189 1784 3233 Sed
1816 3192 1902 3235 vid.
1933 3193 2021 3237 loc.
2059 3197 2100 3244 2,

1269 3303 1525 3357 repperisse
1551 3316 1764 3357 prorsus.
1824 3305 1899 3350 Sc.
1927 3307 2097 3352 Gallio-

1212 3374 1334 3402 nem.
1392 3359 1506 3401 :Per
1553 3360 1746 3403 ironiam
1806 3363 1937 3408 dieta.
2013 3366 2098 3412 Ed.

1214 3416 1420 3460 Beroald.
1451 3416 1540 3459 hoc
1571 3417 1674 3462 loeo
1707 3423 1952 3472 reperisse,·
1995 3424 2119 3479 alibi¹

1215 3481 1471 3517 constanter
1498 3488 1678 3529 repper.
1736 3478 1800 3519 lta
1821 3487 1866 3522 et
1885 3480 1958 3525 hic
1975 3480 2094 3524 Rhe·
2117 3483 2120 3496 ’

1215 3546 1360 3576 nanus
1383 3540 1426 3576 et
1444 3547 1590 3590 nuper
1609 3532 1850 3579 Bekkerus.
