2222 4030
675 187 1284 253 PRAErArm.
1789 159 1918 249 xm

52 320 341 396 telligitur
380 340 450 377 ex
491 319 594 389 iis,
647 339 799 396 quae
835 313 1143 394 hucusque
1174 314 1624 392 disputavimus,
1723 313 1915 373 Immo

53 408 290 465 interna
328 405 504 464 etiam
539 414 932 481 utrorumque
964 402 1259 482 librorum
1299 401 1504 458 indole
1545 400 1918 460 considerata

53 492 349 549 diversam
394 508 705 564 cognosces
749 486 1044 545 rationem
1095 497 1420 562 artemque.
1527 485 1800 564 Namque
1848 486 1916 543 in

51 575 453 635 Historiarum
481 574 684 644 libris,
740 572 846 651 qui
882 581 1228 649 supersunt,
1282 590 1489 627 omnes
1527 590 1625 628 res
1659 572 1743 630 ita
1777 583 1917 631 sunt

51 661 376 736 descriptae
404 671 580 737 atque
606 659 1027 727 concinnatae,
1070 668 1139 714 ut
1160 658 1236 714 ad
1261 675 1451 713 unum
1478 657 1798 715 consilium
1819 676 1916 714 re-

49 749 228 804 deant
249 745 545 823 uniusque
573 742 908 819 argumenti
929 742 1172 800 vinculo
1198 741 1636 801 contineantur.
1712 740 1917 816 Quare

49 826 214 888 haud
252 828 450 907 inepte
484 841 678 889 totum
717 830 872 887 illud
903 847 1055 906 opus
1081 846 1266 885 unam
1292 826 1556 884 dicemus
1580 821 1916 887 historiam.

47 912 380 974 Annalium
406 915 551 973 libri
571 915 637 972 in
662 936 731 972 eo
757 913 978 973 diversi
999 925 1165 983 sunt,
1199 923 1269 969 ut
1292 931 1419 968 non
1441 932 1634 969 unum
1654 906 1919 971 habeant

47 1012 228 1078 caput
249 998 614 1076 argumenti,
655 1002 731 1059 ad
761 999 924 1079 quod
950 998 1154 1058 omnia
1179 998 1545 1066 referantur,
1587 998 1691 1054 sed
1717 997 1918 1073 potius

48 1086 370 1161 imaginem
391 1098 730 1164 temporum
756 1082 1074 1144 exhibeant
1095 1082 1347 1158 singulis
1370 1081 1640 1158 partibus
1668 1083 1917 1144 variam.

46 1169 343 1229 Historias
365 1171 751 1229 adsimulares
776 1169 1027 1229 carmini
1050 1170 1243 1247 epico:
1286 1164 1556 1226 Annales
1578 1167 1708 1225 sine
1731 1168 1918 1227 artifi-

46 1255 140 1313 cio
166 1275 261 1313 res
287 1267 344 1313 et
366 1255 728 1332 simpliciore
758 1255 1101 1315 narratione
1127 1254 1518 1328 coniungunt.
1562 1252 1765 1328 Quare
1785 1275 1919 1311 mo-

44 1340 302 1398 destiore
336 1337 669 1399 Annalium
707 1342 952 1398 nomine
986 1341 1111 1417 ipse
1146 1339 1391 1398 Tacitus
1425 1336 1537 1397 hos
1576 1339 1766 1398 libros
1801 1359 1919 1397 no·

44 1426 314 1487 minavit.
369 1420 868 1497 cf.Ann.111‚65.
912 1423 1138 1497 IV‚32.
1178 1422 1473 1495 X111‚21.
1557 1422 1736 1485 Adde
1751 1420 1919 1486 Ann.

45 1509 152 1581 IV,
185 1509 289 1571 71.
374 1509 688 1572 Consentit
723 1509 1051 1569 lornandes
1088 1510 1155 1567 in
1188 1511 1367 1567 rebus
1405 1506 1592 1570 Goth.
1625 1509 1674 1582 Ι,
1709 1512 1771 1572 2.
1811 1510 1919 1588 qui

43 1595 332 1656 Nostrum
379 1597 526 1656 dicit
569 1593 902 1655 Annalium
957 1597 1326 1673 scriptorem.
1437 1591 1716 1654 Alterum
1767 1616 1918 1672 opus

45 1678 480 1739 Historiarum
517 1683 693 1742 titulo
725 1683 844 1741 iam
880 1683 1211 1760 antiquitus
1231 1681 1464 1756 insigne
1488 1682 1668 1739 fuisse
1690 1682 1919 1740 indicat

44 1766 403 1828 Tertullian.
428 1769 494 1826 in
514 1764 771 1845 Apolog.
794 1770 927 1829 adv,
952 1780 1108 1843 gent.
1129 1789 1179 1827 c.
1197 1767 1291 1827 16.
1315 1768 1422 1824 ubi
1444 1768 1725 1841 leguntur
1744 1762 1918 1824 haec:
1987 1780 1989 1782 ’

45 1848 429 1910 Somniastis
454 1859 635 1934 caput
660 1851 981 1911 asininum
1008 1871 1132 1911 esse
1158 1848 1335 1910 deum
1362 1859 1658 1910 nostrum.
1724 1849 1919 1913 Hanc

44 1930 379 1996 Cornelius
404 1933 667 1996 Tacitus
691 1936 1096 2018 suspicionem
1133 1933 1439 1995 eiusmodi
1476 1935 1751 1995 inseruit.
1838 1930 1917 1995 Is

46 2021 207 2080 enim
239 2020 306 2079 in
330 2021 551 2103 quinta
577 2020 1010 2080 IIistoriurum
1033 2043 1294 2080 suarum
1323 2019 1553 2079 bellum
1578 2019 1917 2081 Iudaicum

44 2127 303 2167 exorsus
341 2105 424 2165 ab
462 2107 700 2186 origine
730 2106 935 2187 gentis
965 2121 1071 2169 etc.
1127 2110 1198 2169 cf.
1221 2106 1378 2169 Hist.
1407 2107 1481 2178 V,
1507 2106 1571 2170 4.
1657 2108 1775 2166 Vix
1804 2109 1919 2184 igi-
1975 2185 1981 2189 β

43 2206 146 2254 tur
181 2194 446 2252 dubitari
480 2206 674 2271 potest
700 2190 810 2252 hos
837 2195 1023 2253 libros
1045 2190 1412 2263 Annalium,
1455 2194 1592 2252 illos
1614 2194 1919 2253 Historia-

42 2299 179 2339 rum
203 2280 451 2337 nomine
476 2301 508 2337 e
530 2301 712 2337 manu
739 2279 937 2339 Taciti
961 2282 1107 2357 prod
1117 2281 1269 2340 iisse.
1358 2278 1561 2353 Quare
1580 2277 1915 2339 Rhenanus

44 2385 171 2422 non
216 2365 356 2423 satis
401 2377 557 2424 recte
595 2363 925 2424 Annalium
970 2366 1144 2426 titulo
1189 2378 1474 2443 utrosque
1518 2366 1704 2423 libros
1749 2387 1914 2424 com-

46 2452 254 2526 plexus
290 2462 409 2521 est,
452 2471 796 2529 quanquam
828 2453 981 2509 bene
1013 2452 1235 2509 delevit
1261 2452 1716 2528 inscriptionem
1743 2452 1912 2527 prio-

42 2536 212 2594 ribus
241 2536 569 2595 editoribus
589 2549 911 2613 receptam:
945 2533 1272 2601 Actionutn
1295 2532 1686 2595 diurnalium
1712 2531 1913 2594 histo-

51 2618 182 2679 riae
208 2616 526 2699 Augustae
562 2623 656 2680 vel
690 2620 979 2681 Actorum
1021 2618 1432 2680 diurnalium.
1515 2622 1670 2680 Nam
1707 2633 1914 2680 auctor

48 2706 173 2781 ipse
207 2707 394 2764 libros
428 2727 566 2765 suos
600 2710 675 2765 ab
711 2707 869 2767 actis
911 2704 1157 2766 diurnis
1196 2710 1413 2766 diserte
1452 2703 1912 2772 distinxitAnn.

42 2789 212 2862 Xlll,
247 2792 351 2852 31.
436 2790 765 2852 Beroaldus
800 2791 1133 2853 Annalium
1166 2793 1686 2869 Historiarumque
1724 2793 1912 2851 libros

45 2875 223 2938 simul
264 2877 588 2954 inscripsit:
634 2876 731 2936 Ab
768 2898 1014 2937 excessu
1051 2875 1183 2936 divi
1207 2875 1482 2957 Augusti
1502 2872 1912 2937 historiarum

46 2954 258 3018 libroS.
358 2959 429 3018 ln
471 2963 674 3020 codice
710 2963 1087 3034 Corbeiensi,
1146 2987 1263 3042 quo
1306 2984 1448 3023 usus
1494 2976 1611 3031 est,
1667 2964 1912 3022 titulum

49 3042 206 3104 hunc
243 3048 569 3122 reppererit
605 3070 682 3105 an
731 3049 1144 3122 excogitaverit
1197 3051 1345 3126 ipse,
1410 3049 1708 3107 nesciebat
1741 3046 1910 3107 Rhe-

47 3151 267 3190 nanus:
336 3128 514 3191 hodie
564 3147 792 3193 constat
843 3135 1103 3192 codicem
1153 3136 1324 3197 illum
1372 3156 1480 3211 pro
1523 3135 1711 3211 capite
1751 3133 1909 3192 nihil

45 3215 209 3275 aliud
236 3213 452 3275 habere
478 3240 682 3297 quam:
712 3212 1082 3277 RCornelii
1091 3215 1318 3287 Taciti,
1346 3240 1528 3297 eaque
1554 3239 1679 3277 non
1701 3222 1909 3277 eadem

43 3321 242 3372 manu,
267 3305 366 3359 sed
393 3304 506 3361 alia
531 3306 855 3365 recentiore
872 3318 1122 3367 exarata.
1149 3304 1501 3384 cf.Ryckius
1518 3308 1591 3363 ad
1606 3302 1769 3366 Anu.
1786 3303 1833 3374 Ι,
1849 3306 1904 3366 1.

215 3385 383 3446 Iuvat
422 3392 637 3448 addere
674 3392 870 3449 locum
904 3394 977 3448 de
1018 3392 1357 3449 discrimine
1382 3388 1808 3449 Historiarum
1849 3403 1904 3447 et

45 3467 387 3530 Annalium
415 3477 708 3561 egregium
731 3524 747 3546 ,
787 3479 889 3555 qui
918 3490 1001 3535 «est
1026 3479 1182 3553 apud
1209 3474 1397 3538 Cicer.
1426 3480 1498 3534 dc
1526 3474 1693 3535 Orat.
1714 3474 1787 3546 ΙΙ,
1808 3477 1905 3534 12.

1240 3564 1279 3619 2
