2222 4030
154 71 159 77 ’
226 131 434 180 xxvm
855 112 1448 176 PRAErArlo.

224 245 713 307 Helmstadiensis
734 244 1090 304 moderator.
1178 240 1249 300 In
1277 243 1714 301 commentariis
1737 247 2087 322 scripturam

226 335 352 392 eius
372 332 664 406 insignem
688 328 801 387 feci
827 329 1067 386 nomine
1096 324 1316 385 Alciati
1339 326 1685 389 Ernestium
1713 344 1960 393 secutus,

350 490 351 493 ,
391 437 616 499 Editio
641 435 939 510 Iuntina,
979 460 1128 517 quae
1153 439 1376 515 prodiit
1395 438 1730 505 Florentiae
1759 460 1827 496 ex
1852 443 2086 502 officina

226 529 493 598 Iuntina,
532 527 637 587 22.
664 523 819 583 Maii
849 522 1063 595 1527„
1109 525 1299 581 forma
1338 524 1666 596 octonaria,
1722 527 1936 601 repetit
1970 526 2087 586 Be-

223 614 556 672 roaldinam
577 656 594 682 ‚
636 610 753 667 nisi
776 611 937 688 quod
954 605 1107 669 Ant.
1134 607 1464 667 Francinus
1498 630 1634 666 cum
1665 608 2087 687 typographica

222 712 353 758 tum
387 698 503 756 alia
525 697 818 774 quaedam
846 694 991 752 vitia
1018 693 1290 754 correxit.
1375 691 1652 752 Extrema
1677 692 1917 769 Dialogi
1951 718 2088 772 pars

223 787 427 842 decem
450 801 654 854 versus
677 780 979 857 complexa
1003 778 1092 836 ibi
1115 780 1295 839 deest.
1381 776 1671 837 Criticum
1698 801 1874 838 usum
1911 778 2090 840 huius

220 869 367 928 libri
396 868 632 927 nullum
668 885 790 923 esse
815 860 1129 923 Ernestius
1157 874 1427 940 expertus
1461 865 1683 926 docuit.
1767 861 1932 924 Mihi
1965 887 2089 925 non

219 954 335 1015 fuit
358 953 434 1013 ad
458 955 688 1014 manu&

393 1091 446 1171 §-
473 1089 580 1153 24.
633 1084 859 1147 Editio
883 1084 1077 1147 Beati
1096 1081 1430 1155 Rhenani,
1485 1109 1635 1166 quae
1670 1088 1893 1165 prodiit
1916 1087 2087 1148 Basi-

218 1179 344 1241 leae
369 1198 438 1235 ex
459 1177 694 1238 officina
705 1173 1082 1234 Frobeniana
1107 1195 1202 1235 an.
1230 1195 1287 1249 p.
1313 1170 1456 1234 Chr.
1488 1169 1700 1244 1533„
1739 1176 1930 1232 forma
1957 1196 2086 1232 ma·-

218 1264 410 1334 xima‚
465 1259 580 1320 hoc
618 1262 818 1320 titulo:
876 1253 949 1317 P.
975 1252 1259 1321 Cornelii
1289 1254 1506 1318 Taciti
1547 1256 1766 1340 equitis
1801 1254 2090 1318 Romani

218 1341 568 1407 'Annalium
607 1344 689 1402 ab
731 1363 976 1403 excessu
1021 1339 1298 1423 Augusti
1329 1342 1486 1401 sicut
1529 1341 1655 1423 ipse
1696 1351 1894 1411 vocat,
1962 1343 2087 1403 sive

214 1430 540 1492 IIistoriae
578 1427 928 1510 Augustae,
994 1428 1108 1512 qui
1145 1426 1338 1508 vvulgo
1396 1436 1658 1509 receptus
1709 1426 1928 1486 titulus
1982 1438 2087 1499 est,

216 1515 376 1586 libri
419 1513 676 1582 sedecim
723 1515 836 1598 qui
863 1522 1217 1595 supersunt,
1271 1513 1504 1595 partim
1543 1508 1728 1571 baud
1763 1513 2091 1577 oscitanter

214 1600 491 1685 perlecti,
528 1600 765 1685 partim
799 1620 1005 1680 nempe
1027 1598 1389 1682 posteriores
1421 1595 1514 1657 ad
1546 1597 1864 1680 exemplar
1895 1622 2087 1659 manu

213 1687 508 1770 scriptum
550 1684 848 1765 recogniti
874 1706 1111 1763 magna
1137 1680 1275 1762 fide
1311 1705 1415 1742 nec
1451 1684 1684 1742 minore
1723 1683 1949 1744 iudicio
1981 1706 2090 1767 per

213 1771 484 1834 Beatum
513 1766 917 1840 Rhenanum.
1000 1764 1200 1830 Nihil
1237 1764 1338 1827 hic
1359 1765 1541 1848 fingi
1573 1766 1863 1827 docebunt
1901 1770 2088 1828 casti-

207 1856 496 1938 gationes
546 1854 679 1914 suis
733 1875 1005 1938 quaeque
1053 1851 1235 1913 libris
1289 1851 1563 1912 additae.
1671 1850 1962 1912 Libellus
2017 1851 2090 1914 de

214 1940 670 2006 Germanorum
691 1938 969 2022 populis,
1011 1937 1338 2018 Dialogus
1379 1936 1449 1996 de
1487 1936 2093 2007 oratoribu5,'deni-

215 2049 330 2112 que
381 2026 537 2090 Vita
591 2023 760 2090 Iulii
806 2022 1167 2104 Agricolae,
1247 2046 1371 2082 non
1419 2023 1623 2083 solum
1681 2022 2087 2085 emaculatius

212 2110 547 2197 prodeunt,
602 2106 730 2178 ,sed
759 2120 818 2176 flet
846 2109 1232 2194 'explicatius
1275 2106 1588 2168 adiunctis
1643 2109 1717 2168 in
1758 2106 1924 2169 lianc
1964 2132 2088 2170 rem

108 2230 121 2239 ·
212 2195 489 2259 scholiis·
547 2195 745 2278 Super
768 2190 921 2254 'haec
950 2196 1159 2254 omnia
1188 2205 1562 2253 accesserunt
1589 2195 1655 2253 in
1681 2194 1864 2254 initio
1892 2197 2088 2277 operis

214 2281 581 2349 Thesaurus
605 2280 1117 2341 constructionum
1146 2280 1634 2364 locutionumque
1655 2288 1707 2338 et
1735 2302 1937 2340 vocum
1950 2279 2014 2340 T
2012 2304 2087 2340 a-

215 2369 332 2428 cito
358 2367 706 2434 solennium
741 2367 945 2436 citatis
975 2368 1158 2426 etiam
1191 2388 1268 2425 ex
1301 2362 1492 2425 Livio
1523 2366 1879 2448 plerumque
1916 2367 2087 2425 testi-

213 2454 482 2523 moniis,
509 2476 584 2515 ac
622 2454 689 2511 in
720 2452 882 2521 calce
912 2474 1111 2512 rerum
1145 2451 1637 2512 memorabilium
1669 2449 2087 2530 index'copio-

211 2540 517 2609 sissimus·
597 2537 729 2600 Nec
759 2535 975 2597 desunt
1006 2538 1277 2598 aliorum
1316 2537 1382 2595 in
1423 2533 1589 2596 hunc
1628 2546 1902 2596 autorem
1942 2547 2088 2597 ante

212 2623 468 2686 additae
493 2623 925 2684 annotationes
948 2623 1483 2706 praefationesque
1507 2624 1629 2681 sive
1647 2619 1957 2682 Beroaldi
1982 2644 2088 2682 seu

215 2707 506 2770 Alciati.”
623 2707 955 2774 Rhenanus
1010 2711 1073 2766 in
1125 2706 1234 2767 hac
1278 2710 1537 2766 editione
1587 2731 1729 2766 usus
1777 2722 1862 2767 est
1906 2722 2086 2781 teiam,

217 2818 396 2875 quem
439 2798 677 2866 dicunt,
734 2792 991 2869 Alciati,
1038 2816 1293 2872 eumque
1333 2796 1702 2868 recognovit,
1748 2795 2086 2854 emendavit

217 2904 356 2941 cum
396 2902 463 2938 ex
502 2882 768 2955 ingenio,
813 2894 940 2939 tum
978 2901 1008 2936 e
1047 2883 1245 2937 codice
1273 2878 1407 2940 MS.
1434 2878 1735 2950 Eudemi,
1779 2901 1954 2956 quem
1990 2881 2082 2937 di-

216 2969 467 3043 ligenter
495 2967 761 3025 excussit.
846 2964 1166 3040 Egregium
1210 2963 1370 3022 haud
1401 2966 1582 3022 dubie
1611 2964 1819 3022 Tacito
1844 2985 2086 3040 operam

215 3051 507 3130 praestitit
541 3051 967 3127 innumeraque
994 3052 1137 3108 vitia
1166 3051 1429 3119 sustulit,
1476 3070 1623 3126 quae
1651 3051 1724 3105 ad
1753 3071 1887 3107 eum
1926 3050 2086 3107 diem

217 3141 284 3196 in
329 3138 462 3197 edd.
502 3137 1088 3206 circumferebantur:
1135 3137 1382 3191 nimiam
1421 3147 1617 3190 tamen
1657 3135 1831 3192 fidem
1875 3132 2083 3192 habuit

219 3222 412 3281 codici
460 3220 726 3279 Budensi
773 3220 1118 3278 melioribus
1168 3219 1339 3277 libris
1396 3220 1738 3290 destitutuS‚
1814 3233 1892 3278 et‘
1920 3216 2079 3277 haud

219 3330 355 3367 raro
391 3306 616 3364 invexit
634 3353 648 3377 ‚
695 3326 842 3382 quae
871 3319 1069 3380 postea
1096 3325 1297 3363 rursus
1323 3317 1488 3363 erant
1518 3305 1798 3367 tollenda.
1885 3304 2080 3363 Huius

222 3394 497 3455 editionis
527 3393 856 3468 exemplum
881 3390 1035 3448 inter
1061 3411 1223 3449 meos
1250 3391 1436 3448 libros
1464 3403 1563 3451 est.
