<?xml version="1.0" encoding="UTF-8"?>
<!DOCTYPE html PUBLIC "-//W3C//DTD XHTML 1.0 Transitional//EN"
    "http://www.w3.org/TR/xhtml1/DTD/xhtml1-transitional.dtd">
<html xmlns="http://www.w3.org/1999/xhtml" xml:lang="en" lang="en">
 <head>
  <title>
</title>
<meta http-equiv="Content-Type" content="text/html;charset=utf-8" />
  <meta name='ocr-system' content='tesseract 3.04.00' />
  <meta name='ocr-capabilities' content='ocr_page ocr_carea ocr_par ocr_line ocrx_word'/>
</head>
<body>
  <div class='ocr_page' id='page_1' title='image "./operarecensuitet01taciuoft_0420.png"; bbox 0 0 2222 4030; ppageno 0'>
   <div class='ocr_carea' id='block_1_1' title="bbox 1799 209 2051 303">
    <p class='ocr_par' dir='ltr' id='par_1_1' title="bbox 1799 209 2051 303">
     <span class='ocr_line' id='line_1_1' title="bbox 1799 209 2051 250; baseline -0.012 -4"><span class='ocrx_word' id='word_1_1' title='bbox 1799 235 1805 238; x_wconf 94' lang='lat'><em>-</em></span> <span class='ocrx_word' id='word_1_2' title='bbox 1840 209 2051 250; x_wconf 75' lang='lat' dir='ltr'>A.U.784.</span> 
     </span>
     <span class='ocr_line' id='line_1_2' title="bbox 1840 253 2050 303; baseline 0.01 -16"><span class='ocrx_word' id='word_1_3' title='bbox 1840 253 1893 287; x_wconf 77' lang='lat' dir='ltr'>A.</span> <span class='ocrx_word' id='word_1_4' title='bbox 1911 253 1958 288; x_wconf 80' lang='lat' dir='ltr'>c,</span> <span class='ocrx_word' id='word_1_5' title='bbox 1991 256 2050 303; x_wconf 56' lang='lat'>31.</span> 
     </span>
    </p>
   </div>
   <div class='ocr_carea' id='block_1_2' title="bbox 285 208 1467 284">
    <p class='ocr_par' dir='ltr' id='par_1_2' title="bbox 285 208 1467 284">
     <span class='ocr_line' id='line_1_3' title="bbox 285 208 1467 284; baseline -0.015 0"><span class='ocrx_word' id='word_1_6' title='bbox 285 224 408 284; x_wconf 76' lang='lat'>370</span> <span class='ocrx_word' id='word_1_7' title='bbox 942 208 1206 276; x_wconf 70' lang='lat' dir='ltr'><strong>‚ANNA</strong></span> <span class='ocrx_word' id='word_1_8' title='bbox 1226 210 1467 268; x_wconf 66' lang='lat' dir='ltr'><strong>LIUM</strong></span> 
     </span>
    </p>
   </div>
   <div class='ocr_carea' id='block_1_3' title="bbox 286 338 2146 934">
    <p class='ocr_par' dir='ltr' id='par_1_3' title="bbox 286 338 2146 934">
     <span class='ocr_line' id='line_1_4' title="bbox 286 338 2141 424; baseline -0.003 -19"><span class='ocrx_word' id='word_1_9' title='bbox 286 364 389 424; x_wconf 82' lang='lat' dir='ltr'>„et</span> <span class='ocrx_word' id='word_1_10' title='bbox 443 365 725 423; x_wconf 82' lang='lat' dir='ltr'><strong>generum</strong></span> <span class='ocrx_word' id='word_1_11' title='bbox 779 343 1129 418; x_wconf 80' lang='lat' dir='ltr'>adsciverat,</span> <span class='ocrx_word' id='word_1_12' title='bbox 1193 340 1307 396; x_wconf 92' lang='lat' dir='ltr'>sibi</span> <span class='ocrx_word' id='word_1_13' title='bbox 1357 339 1630 413; x_wconf 85' lang='lat' dir='ltr'>ignoscit:</span> <span class='ocrx_word' id='word_1_14' title='bbox 1699 338 1919 414; x_wconf 86' lang='lat' dir='ltr'>ceteri,-</span> <span class='ocrx_word' id='word_1_15' title='bbox 1965 366 2141 421; x_wconf 86' lang='lat' dir='ltr'>quem</span> 
     </span>
     <span class='ocr_line' id='line_1_5' title="bbox 289 422 2143 513; baseline -0.003 -21"><span class='ocrx_word' id='word_1_16' title='bbox 289 455 438 513; x_wconf 85' lang='lat' dir='ltr'>„per</span> <span class='ocrx_word' id='word_1_17' title='bbox 471 434 759 491; x_wconf 88' lang='lat' dir='ltr'>dedecora</span> <span class='ocrx_word' id='word_1_18' title='bbox 783 428 1010 502; x_wconf 69' lang='lat' dir='ltr'>fovere,</span> <span class='ocrx_word' id='word_1_19' title='bbox 1051 447 1186 484; x_wconf 91' lang='lat' dir='ltr'>cum</span> <span class='ocrx_word' id='word_1_20' title='bbox 1209 424 1422 497; x_wconf 80' lang='lat' dir='ltr'>scelere</span> <span class='ocrx_word' id='word_1_21' title='bbox 1445 424 1825 486; x_wconf 87' lang='lat' dir='ltr'>insectantur.</span> <span class='ocrx_word' id='word_1_22' title='bbox 1891 422 1947 479; x_wconf 70' lang='lat'>.*</span> <span class='ocrx_word' id='word_1_23' title='bbox 1964 430 2143 502; x_wconf 82' lang='lat' dir='ltr'>mise-</span> 
     </span>
     <span class='ocr_line' id='line_1_6' title="bbox 292 510 2144 592; baseline -0.003 -14"><span class='ocrx_word' id='word_1_24' title='bbox 292 522 463 592; x_wconf 90' lang='lat' dir='ltr'>„rius</span> <span class='ocrx_word' id='word_1_25' title='bbox 508 519 582 574; x_wconf 88' lang='lat' dir='ltr'>sit</span> <span class='ocrx_word' id='word_1_26' title='bbox 625 517 719 573; x_wconf 72' lang='lat' dir='ltr'>ob&#39;</span> <span class='ocrx_word' id='word_1_27' title='bbox 757 513 1075 571; x_wconf 78' lang='lat' dir='ltr'>amicitiam</span> <span class='ocrx_word' id='word_1_28' title='bbox 1118 510 1378 565; x_wconf 89' lang='lat' dir='ltr'>accusari</span> <span class='ocrx_word' id='word_1_29' title='bbox 1432 530 1511 565; x_wconf 89' lang='lat' dir='ltr'>an</span> <span class='ocrx_word' id='word_1_30' title='bbox 1556 510 1811 567; x_wconf 90' lang='lat' dir='ltr'>amicum</span> <span class='ocrx_word' id='word_1_31' title='bbox 1859 533 2144 583; x_wconf 88' lang='lat' dir='ltr'>accusare,</span> 
     </span>
     <span class='ocr_line' id='line_1_7' title="bbox 295 589 2145 677; baseline -0.004 -15"><span class='ocrx_word' id='word_1_32' title='bbox 295 603 505 677; x_wconf 87' lang='lat' dir='ltr'>„haud</span> <span class='ocrx_word' id='word_1_33' title='bbox 546 599 940 658; x_wconf 83' lang='lat' dir='ltr'>discreverim.</span> <span class='ocrx_word' id='word_1_34' title='bbox 1026 589 1060 622; x_wconf 43' lang='lat'>³³</span> <span class='ocrx_word' id='word_1_35' title='bbox 1087 614 1211 650; x_wconf 88' lang='lat' dir='ltr'>non</span> <span class='ocrx_word' id='word_1_36' title='bbox 1251 594 1684 666; x_wconf 84' lang='lat' dir='ltr'>crudelitatem,</span> <span class='ocrx_word' id='word_1_37' title='bbox 1728 617 1853 653; x_wconf 91' lang='lat' dir='ltr'>non</span> <span class='ocrx_word' id='word_1_38' title='bbox 1891 599 2145 656; x_wconf 85' lang='lat' dir='ltr'>clemen-</span> 
     </span>
     <span class='ocr_line' id='line_1_8' title="bbox 290 677 2145 763; baseline -0.005 -16"><span class='ocrx_word' id='word_1_39' title='bbox 290 691 482 761; x_wconf 70' lang='lat' dir='ltr'>„tiam</span> <span class='ocrx_word' id='word_1_40' title='bbox 503 687 865 763; x_wconf 24' lang='lat' dir='ltr'>‘cuiusquam</span> <span class='ocrx_word' id='word_1_41' title='bbox 901 679 1204 755; x_wconf 81' lang='lat' dir='ltr'>experiar,-</span> <span class='ocrx_word' id='word_1_42' title='bbox 1242 681 1345 735; x_wconf 84' lang='lat' dir='ltr'>sed</span> <span class='ocrx_word' id='word_1_43' title='bbox 1378 681 1531 737; x_wconf 88' lang='lat' dir='ltr'>liber</span> <span class='ocrx_word' id='word_1_44' title='bbox 1570 692 1626 736; x_wconf 85' lang='lat' dir='ltr'>et</span> <span class='ocrx_word' id='word_1_45' title='bbox 1667 677 1819 737; x_wconf 80' lang='lat' dir='ltr'>mihi</span> <span class='ocrx_word' id='word_1_46' title='bbox 1854 683 1968 758; x_wconf 88' lang='lat' dir='ltr'>ipsi</span> <span class='ocrx_word' id='word_1_47' title='bbox 2003 706 2145 760; x_wconf 83' lang='lat' dir='ltr'>pro—</span> 
     </span>
     <span class='ocr_line' id='line_1_9' title="bbox 291 761 2146 850; baseline -0.004 -18"><span class='ocrx_word' id='word_1_48' title='bbox 291 778 508 847; x_wconf 86' lang='lat' dir='ltr'>„batus</span> <span class='ocrx_word' id='word_1_49' title='bbox 541 772 742 850; x_wconf 84' lang='lat' dir='ltr'>antibo</span> <span class='ocrx_word' id='word_1_50' title='bbox 767 767 1114 846; x_wconf 88' lang='lat' dir='ltr'>periculum.</span> <span class='ocrx_word' id='word_1_51' title='bbox 1198 761 1323 820; x_wconf 87' lang='lat' dir='ltr'>Vos</span> <span class='ocrx_word' id='word_1_52' title='bbox 1355 766 1646 835; x_wconf 92' lang='lat' dir='ltr'>obtestor,</span> <span class='ocrx_word' id='word_1_53' title='bbox 1689 787 1766 823; x_wconf 88' lang='lat' dir='ltr'>ne</span> <span class='ocrx_word' id='word_1_54' title='bbox 1799 771 2146 825; x_wconf 81' lang='lat' dir='ltr'>memoriam</span> 
     </span>
     <span class='ocr_line' id='line_1_10' title="bbox 294 850 2146 934; baseline -0.003 -19"><span class='ocrx_word' id='word_1_55' title='bbox 294 858 533 931; x_wconf 84' lang='lat' dir='ltr'>„nostri</span> <span class='ocrx_word' id='word_1_56' title='bbox 570 875 675 934; x_wconf 91' lang='lat' dir='ltr'>per</span> <span class='ocrx_word' id='word_1_57' title='bbox 712 871 1039 911; x_wconf 85' lang='lat' dir='ltr'>maerorem</span> <span class='ocrx_word' id='word_1_58' title='bbox 1068 869 1246 925; x_wconf 87' lang='lat' dir='ltr'>quam</span> <span class='ocrx_word' id='word_1_59' title='bbox 1273 850 1413 906; x_wconf 85' lang='lat' dir='ltr'>laeti</span> <span class='ocrx_word' id='word_1_60' title='bbox 1442 851 1775 921; x_wconf 80' lang='lat' dir='ltr'>retineatiS,</span> <span class='ocrx_word' id='word_1_61' title='bbox 1814 854 2146 910; x_wconf 87' lang='lat' dir='ltr'>adiiciendo</span> 
     </span>
    </p>
   </div>
   <div class='ocr_carea' id='block_1_4' title="bbox 292 930 2148 1107">
    <p class='ocr_par' dir='ltr' id='par_1_4' title="bbox 292 930 2148 1107">
     <span class='ocr_line' id='line_1_11' title="bbox 292 930 2148 1025; baseline -0.003 -25"><span class='ocrx_word' id='word_1_62' title='bbox 292 965 431 1015; x_wconf 86' lang='lat' dir='ltr'>„me</span> <span class='ocrx_word' id='word_1_63' title='bbox 488 963 722 1025; x_wconf 84' lang='lat' dir='ltr'>quoque</span> <span class='ocrx_word' id='word_1_64' title='bbox 771 940 840 994; x_wconf 89' lang='lat' dir='ltr'>iis</span> <span class='ocrx_word' id='word_1_65' title='bbox 891 936 995 1013; x_wconf 86' lang='lat' dir='ltr'>qui</span> <span class='ocrx_word' id='word_1_66' title='bbox 1053 936 1170 990; x_wconf 89' lang='lat' dir='ltr'>fine</span> <span class='ocrx_word' id='word_1_67' title='bbox 1223 930 1451 1008; x_wconf 81' lang='lat' dir='ltr'>egregio</span> <span class='ocrx_word' id='word_1_68' title='bbox 1508 937 1743 1010; x_wconf 82' lang='lat' dir='ltr'>publica</span> <span class='ocrx_word' id='word_1_69' title='bbox 1799 940 1955 994; x_wconf 85' lang='lat' dir='ltr'>mala</span> <span class='ocrx_word' id='word_1_70' title='bbox 2000 941 2148 997; x_wconf 85' lang='lat' dir='ltr'>effu-</span> 
     </span>
     <span class='ocr_line' id='line_1_12' title="bbox 293 1019 610 1107; baseline 0.006 -20"><span class='ocrx_word' id='word_1_71' title='bbox 293 1078 326 1100; x_wconf 93' lang='lat'><strong>„</strong></span> <span class='ocrx_word' id='word_1_72' title='bbox 338 1027 568 1107; x_wconf 75' lang='lat' dir='ltr'>gerunt.</span> <span class='ocrx_word' id='word_1_73' title='bbox 576 1019 610 1048; x_wconf 33' lang='lat'>&#39;³&#39;</span> 
     </span>
    </p>
   </div>
   <div class='ocr_carea' id='block_1_5' title="bbox 2184 609 2222 2078">
    <p class='ocr_par' dir='ltr' id='par_1_5' title="bbox 2184 609 2222 2078">
     <span class='ocr_line' id='line_1_13' title="bbox 2208 609 2222 872; baseline 0 -66"><span class='ocrx_word' id='word_1_74' title='bbox 2208 609 2222 872; x_wconf 95' lang='lat' dir='ltr'>   </span> 
     </span>
     <span class='ocr_line' id='line_1_14' title="bbox 2202 872 2222 1109; baseline 0 -126"><span class='ocrx_word' id='word_1_75' title='bbox 2202 872 2222 1109; x_wconf 95' lang='lat' dir='ltr'>   </span> 
     </span>
     <span class='ocr_line' id='line_1_15' title="bbox 2195 1109 2222 1606; baseline 0 0"><span class='ocrx_word' id='word_1_76' title='bbox 2195 1109 2222 1606; x_wconf 95' lang='lat' dir='ltr'>     </span> 
     </span>
     <span class='ocr_line' id='line_1_16' title="bbox 2188 1606 2222 1794; baseline 0 -94"><span class='ocrx_word' id='word_1_77' title='bbox 2188 1606 2222 1794; x_wconf 95' lang='lat' dir='ltr'>  </span> 
     </span>
     <span class='ocr_line' id='line_1_17' title="bbox 2184 1794 2222 2078; baseline 0 -111"><span class='ocrx_word' id='word_1_78' title='bbox 2184 1794 2222 2078; x_wconf 95' lang='lat' dir='ltr'>   </span> 
     </span>
    </p>
   </div>
   <div class='ocr_carea' id='block_1_6' title="bbox 292 1149 2156 1811">
    <p class='ocr_par' dir='ltr' id='par_1_6' title="bbox 292 1149 2199 1811">
     <span class='ocr_line' id='line_1_18' title="bbox 462 1149 2150 1229; baseline 0 -20"><span class='ocrx_word' id='word_1_79' title='bbox 462 1154 602 1214; x_wconf 85' lang='lat' dir='ltr'><strong>VII.</strong></span> <span class='ocrx_word' id='word_1_80' title='bbox 652 1152 825 1208; x_wconf 88' lang='lat' dir='ltr'>Tunc</span> <span class='ocrx_word' id='word_1_81' title='bbox 859 1149 1150 1222; x_wconf 80' lang='lat' dir='ltr'>singulOS,</span> <span class='ocrx_word' id='word_1_82' title='bbox 1199 1160 1268 1206; x_wconf 89' lang='lat' dir='ltr'>ut</span> <span class='ocrx_word' id='word_1_83' title='bbox 1303 1149 1517 1226; x_wconf 87' lang='lat' dir='ltr'>cuique</span> <span class='ocrx_word' id='word_1_84' title='bbox 1550 1150 1861 1220; x_wconf 82' lang='lat' dir='ltr'>adsistere,</span> <span class='ocrx_word' id='word_1_85' title='bbox 1908 1153 2150 1229; x_wconf 86' lang='lat' dir='ltr'>adloqui</span> 
     </span>
     <span class='ocr_line' id='line_1_19' title="bbox 294 1234 2151 1311; baseline -0.004 -10"><span class='ocrx_word' id='word_1_86' title='bbox 294 1244 527 1302; x_wconf 87' lang='lat' dir='ltr'>animus</span> <span class='ocrx_word' id='word_1_87' title='bbox 564 1249 720 1306; x_wconf 85' lang='lat' dir='ltr'>erat,</span> <span class='ocrx_word' id='word_1_88' title='bbox 772 1236 1035 1292; x_wconf 88' lang='lat' dir='ltr'>retinens</span> <span class='ocrx_word' id='word_1_89' title='bbox 1077 1247 1179 1292; x_wconf 87' lang='lat' dir='ltr'>aut</span> <span class='ocrx_word' id='word_1_90' title='bbox 1237 1234 1540 1291; x_wconf 87' lang='lat' dir='ltr'>dimittens</span> <span class='ocrx_word' id='word_1_91' title='bbox 1589 1245 1816 1311; x_wconf 86' lang='lat' dir='ltr'>partem</span> <span class='ocrx_word' id='word_1_92' title='bbox 1873 1237 1992 1292; x_wconf 89' lang='lat' dir='ltr'>diei</span> <span class='ocrx_word' id='word_1_93' title='bbox 2046 1240 2151 1295; x_wconf 89' lang='lat' dir='ltr'>ab-</span> 
     </span>
     <span class='ocr_line' id='line_1_20' title="bbox 294 1316 2152 1402; baseline -0.002 -19"><span class='ocrx_word' id='word_1_94' title='bbox 294 1327 567 1402; x_wconf 78' lang='lat' dir='ltr'>sumpsit,</span> <span class='ocrx_word' id='word_1_95' title='bbox 627 1316 1170 1398; x_wconf 77' lang='lat' dir='ltr'>multoque&#39;adhuc</span> <span class='ocrx_word' id='word_1_96' title='bbox 1215 1331 1386 1377; x_wconf 86' lang='lat' dir='ltr'>coetu</span> <span class='ocrx_word' id='word_1_97' title='bbox 1429 1333 1486 1377; x_wconf 92' lang='lat' dir='ltr'>et</span> <span class='ocrx_word' id='word_1_98' title='bbox 1528 1321 1753 1378; x_wconf 87' lang='lat' dir='ltr'>cunctis</span> <span class='ocrx_word' id='word_1_99' title='bbox 1790 1322 2152 1399; x_wconf 87' lang='lat' dir='ltr'>intrepidum</span> 
     </span>
     <span class='ocr_line' id='line_1_21' title="bbox 292 1406 2152 1482; baseline -0.004 -11"><span class='ocrx_word' id='word_1_100' title='bbox 292 1415 524 1471; x_wconf 86' lang='lat' dir='ltr'>vultum</span> <span class='ocrx_word' id='word_1_101' title='bbox 549 1409 673 1464; x_wconf 90' lang='lat' dir='ltr'>eius</span> <span class='ocrx_word' id='word_1_102' title='bbox 707 1406 1135 1482; x_wconf 85' lang='lat' dir='ltr'>spectantibus,</span> <span class='ocrx_word' id='word_1_103' title='bbox 1180 1426 1316 1463; x_wconf 89' lang='lat' dir='ltr'>cum</span> <span class='ocrx_word' id='word_1_104' title='bbox 1352 1426 1649 1481; x_wconf 84' lang='lat' dir='ltr'>superesse</span> <span class='ocrx_word' id='word_1_105' title='bbox 1688 1418 1918 1482; x_wconf 87' lang='lat' dir='ltr'>tempus</span> <span class='ocrx_word' id='word_1_106' title='bbox 1951 1410 2152 1464; x_wconf 84' lang='lat' dir='ltr'>novis-</span> 
     </span>
     <span class='ocr_line' id='line_1_22' title="bbox 295 1491 2152 1568; baseline -0.002 -14"><span class='ocrx_word' id='word_1_107' title='bbox 295 1498 456 1556; x_wconf 88' lang='lat' dir='ltr'>simis</span> <span class='ocrx_word' id='word_1_108' title='bbox 484 1494 811 1561; x_wconf 86' lang='lat' dir='ltr'>crederent,</span> <span class='ocrx_word' id='word_1_109' title='bbox 855 1491 1082 1565; x_wconf 84' lang='lat' dir='ltr'>gladio‚</span> <span class='ocrx_word' id='word_1_110' title='bbox 1126 1512 1303 1568; x_wconf 90' lang='lat' dir='ltr'>quem</span> <span class='ocrx_word' id='word_1_111' title='bbox 1329 1491 1463 1549; x_wconf 89' lang='lat' dir='ltr'>sinu</span> <span class='ocrx_word' id='word_1_112' title='bbox 1485 1492 1821 1562; x_wconf 85' lang='lat' dir='ltr'>abdiderat,</span> <span class='ocrx_word' id='word_1_113' title='bbox 1863 1493 2152 1554; x_wconf 85' lang='lat' dir='ltr'>incubuit.</span> 
     </span>
     <span class='ocr_line' id='line_1_23' title="bbox 293 1576 2155 1659; baseline -0.003 -19"><span class='ocrx_word' id='word_1_114' title='bbox 293 1583 497 1659; x_wconf 88' lang='lat' dir='ltr'>Neque</span> <span class='ocrx_word' id='word_1_115' title='bbox 535 1577 749 1637; x_wconf 85' lang='lat' dir='ltr'>Caesar</span> <span class='ocrx_word' id='word_1_116' title='bbox 790 1578 931 1634; x_wconf 88' lang='lat' dir='ltr'>ullis</span> <span class='ocrx_word' id='word_1_117' title='bbox 973 1576 1320 1634; x_wconf 84' lang='lat' dir='ltr'>criminibus</span> <span class='ocrx_word' id='word_1_118' title='bbox 1380 1589 1481 1634; x_wconf 89' lang='lat' dir='ltr'>aut</span> <span class='ocrx_word' id='word_1_119' title='bbox 1532 1577 1768 1652; x_wconf 89' lang='lat' dir='ltr'>probris</span> <span class='ocrx_word' id='word_1_120' title='bbox 1812 1579 2155 1638; x_wconf 87' lang='lat' dir='ltr'>defunctum</span> 
     </span>
     <span class='ocr_line' id='line_1_24' title="bbox 295 1659 2156 1740; baseline -0.001 -16"><span class='ocrx_word' id='word_1_121' title='bbox 295 1669 608 1724; x_wconf 84' lang='lat' dir='ltr'>insectatus</span> <span class='ocrx_word' id='word_1_122' title='bbox 654 1675 772 1733; x_wconf 87' lang='lat' dir='ltr'>est,</span> <span class='ocrx_word' id='word_1_123' title='bbox 831 1684 965 1721; x_wconf 85' lang='lat' dir='ltr'>eum</span> <span class='ocrx_word' id='word_1_124' title='bbox 1003 1662 1069 1718; x_wconf 92' lang='lat' dir='ltr'>in</span> <span class='ocrx_word' id='word_1_125' title='bbox 1107 1659 1385 1721; x_wconf 86' lang='lat' dir='ltr'>Blaesum</span> <span class='ocrx_word' id='word_1_126' title='bbox 1428 1664 1612 1720; x_wconf 86' lang='lat' dir='ltr'>multa</span> <span class='ocrx_word' id='word_1_127' title='bbox 1653 1663 1941 1740; x_wconf 83' lang='lat' dir='ltr'>foedaque</span> <span class='ocrx_word' id='word_1_128' title='bbox 1986 1664 2156 1722; x_wconf 87' lang='lat' dir='ltr'>ineu-</span> 
     </span>
     <span class='ocr_line' id='line_1_25' title="bbox 297 1753 552 1811; baseline 0.004 -1"><span class='ocrx_word' id='word_1_129' title='bbox 297 1753 552 1811; x_wconf 85' lang='lat' dir='ltr'>savisset.</span> 
     </span>
    </p>
   </div>
   <div class='ocr_carea' id='block_1_7' title="bbox 1265 1992 2158 2043">
    <p class='ocr_par' dir='ltr' id='par_1_7' title="bbox 1265 1992 2158 2043">
     <span class='ocr_line' id='line_1_26' title="bbox 1265 1992 2158 2043; baseline 0.003 -7"><span class='ocrx_word' id='word_1_130' title='bbox 1265 1992 1630 2042; x_wconf 67' lang='lat' dir='ltr'>estaudientium</span> <span class='ocrx_word' id='word_1_131' title='bbox 1653 2001 1694 2036; x_wconf 90' lang='lat' dir='ltr'>et</span> <span class='ocrx_word' id='word_1_132' title='bbox 1717 1995 1852 2039; x_wconf 81' lang='lat' dir='ltr'>verba</span> <span class='ocrx_word' id='word_1_133' title='bbox 1876 1994 2058 2043; x_wconf 83' lang='lat' dir='ltr'>alterius</span> <span class='ocrx_word' id='word_1_134' title='bbox 2081 2011 2158 2039; x_wconf 89' lang='lat' dir='ltr'>ex-</span> 
     </span>
    </p>
   </div>
   <div class='ocr_carea' id='block_1_8' title="bbox 298 1980 2155 2110">
    <p class='ocr_par' dir='ltr' id='par_1_8' title="bbox 298 1980 2155 2110">
     <span class='ocr_line' id='line_1_27' title="bbox 298 1980 1192 2053; baseline -0.004 -12"><span class='ocrx_word' id='word_1_135' title='bbox 298 2044 302 2050; x_wconf 59' lang='lat'>,</span> <span class='ocrx_word' id='word_1_136' title='bbox 350 2011 592 2053; x_wconf 62' lang='lat' dir='ltr'>generum.</span> <span class='ocrx_word' id='word_1_137' title='bbox 642 1980 1192 2052; x_wconf 65' lang='lat' dir='ltr'>Intelligeprogenerum.</span> 
     </span>
     <span class='ocr_line' id='line_1_28' title="bbox 1265 2051 2155 2110; baseline 0.004 -15"><span class='ocrx_word' id='word_1_138' title='bbox 1265 2051 1580 2110; x_wconf 78' lang='lat' dir='ltr'>spectantium.</span> <span class='ocrx_word' id='word_1_139' title='bbox 1668 2051 1727 2096; x_wconf 82' lang='lat' dir='ltr'>cf.</span> <span class='ocrx_word' id='word_1_140' title='bbox 1772 2052 1880 2097; x_wconf 88' lang='lat' dir='ltr'>Tac.</span> <span class='ocrx_word' id='word_1_141' title='bbox 1928 2053 1983 2096; x_wconf 89' lang='lat' dir='ltr'>de</span> <span class='ocrx_word' id='word_1_142' title='bbox 2024 2053 2155 2098; x_wconf 84' lang='lat' dir='ltr'>Orat.</span> 
     </span>
    </p>
   </div>
   <div class='ocr_carea' id='block_1_9' title="bbox 298 2052 1194 2111">
    <p class='ocr_par' dir='ltr' id='par_1_9' title="bbox 298 2052 1194 2111">
     <span class='ocr_line' id='line_1_29' title="bbox 298 2052 1194 2111; baseline -0.004 -11"><span class='ocrx_word' id='word_1_143' title='bbox 298 2056 358 2101; x_wconf 85' lang='lat' dir='ltr'>ef.</span> <span class='ocrx_word' id='word_1_144' title='bbox 374 2057 578 2102; x_wconf 82' lang='lat' dir='ltr'>Zonaras</span> <span class='ocrx_word' id='word_1_145' title='bbox 595 2067 654 2111; x_wconf 61' lang='lat' dir='ltr'>p.</span> <span class='ocrx_word' id='word_1_146' title='bbox 678 2052 778 2095; x_wconf 82' lang='lat'>550.</span> <span class='ocrx_word' id='word_1_147' title='bbox 810 2053 893 2096; x_wconf 78' lang='grc' dir='ltr'>τὸν</span> <span class='ocrx_word' id='word_1_148' title='bbox 916 2053 968 2097; x_wconf 73' lang='grc' dir='ltr'>δὲ</span> <span class='ocrx_word' id='word_1_149' title='bbox 988 2052 1194 2106; x_wconf 79' lang='grc' dir='ltr'>Σηϊανὸν</span> 
     </span>
    </p>
   </div>
   <div class='ocr_carea' id='block_1_10' title="bbox 296 2107 1195 2455">
    <p class='ocr_par' dir='ltr' id='par_1_10' title="bbox 296 2107 1195 2455">
     <span class='ocr_line' id='line_1_30' title="bbox 296 2107 1194 2170; baseline -0.002 -13"><span class='ocrx_word' id='word_1_150' title='bbox 296 2115 512 2170; x_wconf 53' lang='lat' dir='ltr'>snt-Myce</span> <span class='ocrx_word' id='word_1_151' title='bbox 534 2108 670 2166; x_wconf 70' lang='grc' dir='ltr'><strong><em>δόξης</em></strong></span> <span class='ocrx_word' id='word_1_152' title='bbox 685 2107 857 2166; x_wconf 76' lang='grc' dir='ltr'><strong><em>ἐπάρας</em></strong></span> <span class='ocrx_word' id='word_1_153' title='bbox 874 2114 951 2154; x_wconf 79' lang='grc' dir='ltr'>καὶ</span> <span class='ocrx_word' id='word_1_154' title='bbox 968 2111 1194 2165; x_wconf 75' lang='grc' dir='ltr'><em>κηδεστὴν</em></span> 
     </span>
     <span class='ocr_line' id='line_1_31' title="bbox 297 2165 1195 2228; baseline -0.006 -12"><span class='ocrx_word' id='word_1_155' title='bbox 297 2171 556 2223; x_wconf 71' lang='grc' dir='ltr'><em>ἐπὶἸουλίᾳ</em></span> <span class='ocrx_word' id='word_1_156' title='bbox 579 2172 631 2228; x_wconf 76' lang='grc' dir='ltr'>τῇ</span> <span class='ocrx_word' id='word_1_157' title='bbox 654 2170 735 2211; x_wconf 78' lang='grc' dir='ltr'>τοῦ</span> <span class='ocrx_word' id='word_1_158' title='bbox 757 2165 974 2223; x_wconf 81' lang='grc' dir='ltr'><em>Δρούσου</em></span> <span class='ocrx_word' id='word_1_159' title='bbox 995 2170 1195 2226; x_wconf 74' lang='grc' dir='ltr'>θυγατρὶ</span> 
     </span>
     <span class='ocr_line' id='line_1_32' title="bbox 297 2223 1194 2285; baseline -0.003 -12"><span class='ocrx_word' id='word_1_160' title='bbox 297 2224 610 2285; x_wconf 75' lang='grc' dir='ltr'><em>ποιησάμενος</em></span> <span class='ocrx_word' id='word_1_161' title='bbox 639 2223 831 2282; x_wconf 71' lang='grc' dir='ltr'><em>ὕστερον</em></span> <span class='ocrx_word' id='word_1_162' title='bbox 853 2228 1036 2271; x_wconf 77' lang='grc' dir='ltr'><em>ἔκτεινε.</em></span> <span class='ocrx_word' id='word_1_163' title='bbox 1104 2227 1194 2270; x_wconf 83' lang='lat' dir='ltr'>Ad-</span> 
     </span>
     <span class='ocr_line' id='line_1_33' title="bbox 299 2282 1194 2337; baseline -0.003 -7"><span class='ocrx_word' id='word_1_164' title='bbox 299 2287 355 2336; x_wconf 82' lang='lat' dir='ltr'>de</span> <span class='ocrx_word' id='word_1_165' title='bbox 382 2285 526 2337; x_wconf 85' lang='lat' dir='ltr'>Tacit.</span> <span class='ocrx_word' id='word_1_166' title='bbox 562 2282 667 2325; x_wconf 83' lang='lat' dir='ltr'>infr.</span> <span class='ocrx_word' id='word_1_167' title='bbox 701 2284 742 2333; x_wconf 87' lang='grc'>6,</span> <span class='ocrx_word' id='word_1_168' title='bbox 774 2284 816 2328; x_wconf 88' lang='grc'>8.</span> <span class='ocrx_word' id='word_1_169' title='bbox 890 2286 1072 2327; x_wconf 85' lang='lat' dir='ltr'>Sueton.</span> <span class='ocrx_word' id='word_1_170' title='bbox 1103 2285 1133 2327; x_wconf 89' lang='lat' dir='ltr'>l.</span> <span class='ocrx_word' id='word_1_171' title='bbox 1166 2285 1194 2327; x_wconf 91' lang='lat' dir='ltr'>l.</span> 
     </span>
     <span class='ocr_line' id='line_1_34' title="bbox 299 2339 1195 2402; baseline -0.003 -15"><span class='ocrx_word' id='word_1_172' title='bbox 299 2342 563 2402; x_wconf 76' lang='lat' dir='ltr'>simpliciter</span> <span class='ocrx_word' id='word_1_173' title='bbox 609 2339 748 2386; x_wconf 77' lang='lat' dir='ltr'>refert</span> <span class='ocrx_word' id='word_1_174' title='bbox 799 2355 882 2394; x_wconf 75' lang='lat' dir='ltr'>spe</span> <span class='ocrx_word' id='word_1_175' title='bbox 932 2342 1195 2397; x_wconf 82' lang='lat' dir='ltr'>adfinitatis</span> 
     </span>
     <span class='ocr_line' id='line_1_35' title="bbox 299 2404 556 2455; baseline -0.008 -11"><span class='ocrx_word' id='word_1_176' title='bbox 299 2404 556 2455; x_wconf 73' lang='lat' dir='ltr'>deceptum.</span> 
     </span>
    </p>
   </div>
   <div class='ocr_carea' id='block_1_11' title="bbox 297 2512 1201 2860">
    <p class='ocr_par' dir='ltr' id='par_1_11' title="bbox 297 2512 1201 2860">
     <span class='ocr_line' id='line_1_36' title="bbox 352 2512 1196 2564; baseline -0.004 -6"><span class='ocrx_word' id='word_1_177' title='bbox 352 2529 438 2564; x_wconf 50' lang='lat' dir='ltr'>,vos</span> <span class='ocrx_word' id='word_1_178' title='bbox 458 2515 676 2563; x_wconf 80' lang='lat' dir='ltr'>obtestor.</span> <span class='ocrx_word' id='word_1_179' title='bbox 738 2512 899 2557; x_wconf 85' lang='lat' dir='ltr'>Virum</span> <span class='ocrx_word' id='word_1_180' title='bbox 922 2528 1017 2556; x_wconf 86' lang='lat' dir='ltr'>non</span> <span class='ocrx_word' id='word_1_181' title='bbox 1041 2528 1196 2556; x_wconf 85' lang='lat' dir='ltr'>coram</span> 
     </span>
     <span class='ocr_line' id='line_1_37' title="bbox 301 2569 1197 2627; baseline -0.008 -9"><span class='ocrx_word' id='word_1_182' title='bbox 301 2572 478 2620; x_wconf 80' lang='lat' dir='ltr'>senatu,</span> <span class='ocrx_word' id='word_1_183' title='bbox 531 2571 612 2614; x_wconf 87' lang='lat' dir='ltr'>sed</span> <span class='ocrx_word' id='word_1_184' title='bbox 651 2569 706 2614; x_wconf 88' lang='lat' dir='ltr'>ad</span> <span class='ocrx_word' id='word_1_185' title='bbox 750 2569 921 2613; x_wconf 81' lang='lat' dir='ltr'>amicos</span> <span class='ocrx_word' id='word_1_186' title='bbox 965 2569 1090 2627; x_wconf 87' lang='lat' dir='ltr'>loqui</span> <span class='ocrx_word' id='word_1_187' title='bbox 1148 2587 1197 2611; x_wconf 82' lang='lat' dir='ltr'>ex</span> 
     </span>
     <span class='ocr_line' id='line_1_38' title="bbox 301 2628 1196 2684; baseline -0.009 -8"><span class='ocrx_word' id='word_1_188' title='bbox 301 2639 399 2676; x_wconf 87' lang='lat' dir='ltr'>toto</span> <span class='ocrx_word' id='word_1_189' title='bbox 431 2630 535 2678; x_wconf 80' lang='lat' dir='ltr'>loco</span> <span class='ocrx_word' id='word_1_190' title='bbox 566 2628 670 2671; x_wconf 87' lang='lat' dir='ltr'>satis</span> <span class='ocrx_word' id='word_1_191' title='bbox 704 2636 898 2684; x_wconf 84' lang='lat' dir='ltr'>apparet.</span> <span class='ocrx_word' id='word_1_192' title='bbox 967 2628 1196 2671; x_wconf 84' lang='lat' dir='ltr'>Incertum</span> 
     </span>
     <span class='ocr_line' id='line_1_39' title="bbox 300 2684 1201 2742; baseline -0.007 -10"><span class='ocrx_word' id='word_1_193' title='bbox 300 2703 412 2734; x_wconf 83' lang='lat' dir='ltr'>vero</span> <span class='ocrx_word' id='word_1_194' title='bbox 435 2694 522 2734; x_wconf 87' lang='lat' dir='ltr'>est,</span> <span class='ocrx_word' id='word_1_195' title='bbox 551 2701 610 2728; x_wconf 88' lang='lat' dir='ltr'>an</span> <span class='ocrx_word' id='word_1_196' title='bbox 631 2686 883 2742; x_wconf 80' lang='lat' dir='ltr'>fragmenta</span> <span class='ocrx_word' id='word_1_197' title='bbox 906 2684 1011 2727; x_wconf 87' lang='lat' dir='ltr'>inde</span> <span class='ocrx_word' id='word_1_198' title='bbox 1033 2701 1057 2727; x_wconf 87' lang='lat' dir='ltr'>a</span> <span class='ocrx_word' id='word_1_199' title='bbox 1079 2684 1201 2726; x_wconf 80' lang='lat' dir='ltr'>mihi</span> 
     </span>
     <span class='ocr_line' id='line_1_40' title="bbox 297 2742 1196 2800; baseline -0.003 -12"><span class='ocrx_word' id='word_1_200' title='bbox 297 2749 531 2798; x_wconf 83' lang='lat' dir='ltr'>pudorem</span> <span class='ocrx_word' id='word_1_201' title='bbox 552 2743 608 2786; x_wconf 87' lang='lat' dir='ltr'>ad</span> <span class='ocrx_word' id='word_1_202' title='bbox 631 2757 770 2786; x_wconf 84' lang='lat' dir='ltr'>unam</span> <span class='ocrx_word' id='word_1_203' title='bbox 794 2742 1071 2800; x_wconf 85' lang='lat' dir='ltr'>eandemque</span> <span class='ocrx_word' id='word_1_204' title='bbox 1092 2758 1196 2786; x_wconf 89' lang='lat' dir='ltr'>ora-</span> 
     </span>
     <span class='ocr_line' id='line_1_41' title="bbox 301 2800 765 2860; baseline -0.009 -14"><span class='ocrx_word' id='word_1_205' title='bbox 301 2803 474 2849; x_wconf 85' lang='lat' dir='ltr'>tionem</span> <span class='ocrx_word' id='word_1_206' title='bbox 494 2800 765 2860; x_wconf 81' lang='lat' dir='ltr'>pertineant.</span> 
     </span>
    </p>
   </div>
   <div class='ocr_carea' id='block_1_12' title="bbox 238 2914 1197 3602">
    <p class='ocr_par' dir='ltr' id='par_1_12' title="bbox 238 2914 1197 3602">
     <span class='ocr_line' id='line_1_42' title="bbox 359 2914 1195 2968; baseline -0.004 -9"><span class='ocrx_word' id='word_1_207' title='bbox 359 2915 472 2959; x_wconf 69' lang='lat' dir='ltr'>CAR.</span> <span class='ocrx_word' id='word_1_208' title='bbox 495 2915 538 2958; x_wconf 88' lang='grc'>7.</span> <span class='ocrx_word' id='word_1_209' title='bbox 597 2915 725 2958; x_wconf 76' lang='lat' dir='ltr'>Tunc</span> <span class='ocrx_word' id='word_1_210' title='bbox 743 2917 946 2968; x_wconf 77' lang='lat' dir='ltr'>singulos</span> <span class='ocrx_word' id='word_1_211' title='bbox 960 2943 973 2957; x_wconf 94' lang='lat'>.</span> <span class='ocrx_word' id='word_1_212' title='bbox 991 2945 1002 2956; x_wconf 85' lang='lat'>.</span> <span class='ocrx_word' id='word_1_213' title='bbox 1016 2946 1028 2957; x_wconf 92' lang='lat'>.</span> <span class='ocrx_word' id='word_1_214' title='bbox 1041 2914 1195 2956; x_wconf 76' lang='lat' dir='ltr'>dimit-</span> 
     </span>
     <span class='ocr_line' id='line_1_43' title="bbox 299 2971 1197 3038; baseline -0.002 -23"><span class='ocrx_word' id='word_1_215' title='bbox 299 2981 419 3020; x_wconf 80' lang='lat' dir='ltr'>tens.</span> <span class='ocrx_word' id='word_1_216' title='bbox 478 2973 600 3016; x_wconf 81' lang='lat' dir='ltr'>Haec</span> <span class='ocrx_word' id='word_1_217' title='bbox 634 2988 792 3038; x_wconf 82' lang='lat' dir='ltr'>parum</span> <span class='ocrx_word' id='word_1_218' title='bbox 820 2979 942 3015; x_wconf 78' lang='lat' dir='ltr'>recte</span> <span class='ocrx_word' id='word_1_219' title='bbox 966 2971 1197 3014; x_wconf 80' lang='lat' dir='ltr'>intellexe-</span> 
     </span>
     <span class='ocr_line' id='line_1_44' title="bbox 299 3028 1194 3081; baseline -0.002 -7"><span class='ocrx_word' id='word_1_220' title='bbox 299 3039 410 3074; x_wconf 82' lang='lat' dir='ltr'>runt</span> <span class='ocrx_word' id='word_1_221' title='bbox 436 3030 728 3081; x_wconf 74' lang='lat' dir='ltr'>verti-amus,</span> <span class='ocrx_word' id='word_1_222' title='bbox 763 3028 1049 3071; x_wconf 71' lang='lat' dir='ltr'>Boxhomius</span> <span class='ocrx_word' id='word_1_223' title='bbox 1085 3037 1129 3071; x_wconf 89' lang='lat' dir='ltr'>et</span> <span class='ocrx_word' id='word_1_224' title='bbox 1162 3029 1194 3072; x_wconf 85' lang='lat' dir='ltr'>l.</span> 
     </span>
     <span class='ocr_line' id='line_1_45' title="bbox 298 3086 1196 3136; baseline -0.003 -6"><span class='ocrx_word' id='word_1_225' title='bbox 298 3087 377 3130; x_wconf 75' lang='lat' dir='ltr'>Fr.</span> <span class='ocrx_word' id='word_1_226' title='bbox 399 3086 672 3136; x_wconf 80' lang='lat' dir='ltr'>Gronovius.</span> <span class='ocrx_word' id='word_1_227' title='bbox 735 3086 997 3129; x_wconf 82' lang='lat' dir='ltr'>Vertranius</span> <span class='ocrx_word' id='word_1_228' title='bbox 1030 3095 1196 3128; x_wconf 76' lang='lat' dir='ltr'>mutat:</span> 
     </span>
     <span class='ocr_line' id='line_1_46' title="bbox 302 3142 1194 3201; baseline -0.002 -13"><span class='ocrx_word' id='word_1_229' title='bbox 302 3152 352 3188; x_wconf 80' lang='lat' dir='ltr'>ut</span> <span class='ocrx_word' id='word_1_230' title='bbox 384 3145 547 3201; x_wconf 80' lang='lat' dir='ltr'>quique</span> <span class='ocrx_word' id='word_1_231' title='bbox 580 3145 834 3193; x_wconf 74' lang='lat' dir='ltr'>adstitere,</span> <span class='ocrx_word' id='word_1_232' title='bbox 886 3142 1194 3186; x_wconf 70' lang='lat' dir='ltr'>Boxhornius:</span> 
     </span>
     <span class='ocr_line' id='line_1_47' title="bbox 299 3200 1194 3258; baseline -0.002 -14"><span class='ocrx_word' id='word_1_233' title='bbox 299 3209 354 3244; x_wconf 80' lang='lat' dir='ltr'>ut</span> <span class='ocrx_word' id='word_1_234' title='bbox 374 3203 534 3258; x_wconf 80' lang='lat' dir='ltr'>cuique</span> <span class='ocrx_word' id='word_1_235' title='bbox 555 3204 818 3252; x_wconf 72' lang='lat' dir='ltr'>adstiterat,</span> <span class='ocrx_word' id='word_1_236' title='bbox 839 3200 1048 3256; x_wconf 80' lang='lat' dir='ltr'>adloqui,</span> <span class='ocrx_word' id='word_1_237' title='bbox 1079 3204 1194 3242; x_wconf 81' lang='lat' dir='ltr'>ami-</span> 
     </span>
     <span class='ocr_line' id='line_1_48' title="bbox 296 3259 1193 3302; baseline 0.001 -1"><span class='ocrx_word' id='word_1_238' title='bbox 296 3274 377 3302; x_wconf 78' lang='lat' dir='ltr'>cos</span> <span class='ocrx_word' id='word_1_239' title='bbox 421 3265 508 3302; x_wconf 79' lang='lat' dir='ltr'>auc</span> <span class='ocrx_word' id='word_1_240' title='bbox 552 3259 766 3300; x_wconf 77' lang='lat' dir='ltr'>recinens</span> <span class='ocrx_word' id='word_1_241' title='bbox 807 3266 892 3300; x_wconf 75' lang='lat' dir='ltr'>aut</span> <span class='ocrx_word' id='word_1_242' title='bbox 938 3259 1193 3302; x_wconf 76' lang='lat' dir='ltr'>dimittens.</span> 
     </span>
     <span class='ocr_line' id='line_1_49' title="bbox 302 3314 1194 3371; baseline -0.002 -12"><span class='ocrx_word' id='word_1_243' title='bbox 302 3314 564 3361; x_wconf 80' lang='lat' dir='ltr'>Gronovius</span> <span class='ocrx_word' id='word_1_244' title='bbox 587 3314 841 3371; x_wconf 82' lang='lat' dir='ltr'>vulgatum,</span> <span class='ocrx_word' id='word_1_245' title='bbox 870 3315 934 3358; x_wconf 78' lang='lat' dir='ltr'>uti</span> <span class='ocrx_word' id='word_1_246' title='bbox 959 3325 1046 3365; x_wconf 86' lang='lat' dir='ltr'>est,</span> <span class='ocrx_word' id='word_1_247' title='bbox 1077 3332 1194 3359; x_wconf 87' lang='lat' dir='ltr'>con-</span> 
     </span>
     <span class='ocr_line' id='line_1_50' title="bbox 298 3373 1195 3428; baseline -0.002 -12"><span class='ocrx_word' id='word_1_248' title='bbox 298 3382 443 3417; x_wconf 85' lang='lat' dir='ltr'>servat</span> <span class='ocrx_word' id='word_1_249' title='bbox 470 3373 687 3428; x_wconf 83' lang='lat' dir='ltr'>iubetque</span> <span class='ocrx_word' id='word_1_250' title='bbox 712 3373 847 3415; x_wconf 79' lang='lat' dir='ltr'>verbo</span> <span class='ocrx_word' id='word_1_251' title='bbox 868 3375 1096 3415; x_wconf 74' lang='lat' dir='ltr'>adsistere</span> <span class='ocrx_word' id='word_1_252' title='bbox 1120 3389 1195 3416; x_wconf 88' lang='lat' dir='ltr'>re·-</span> 
     </span>
     <span class='ocr_line' id='line_1_51' title="bbox 238 3430 1197 3488; baseline -0.002 -15"><span class='ocrx_word' id='word_1_253' title='bbox 238 3451 242 3454; x_wconf 73' lang='lat'><em>-</em></span> <span class='ocrx_word' id='word_1_254' title='bbox 302 3431 524 3488; x_wconf 88' lang='lat' dir='ltr'>spondere</span> <span class='ocrx_word' id='word_1_255' title='bbox 547 3430 791 3479; x_wconf 43' lang='lat' dir='ltr'>retinen&amp;</span> <span class='ocrx_word' id='word_1_256' title='bbox 831 3431 972 3474; x_wconf 85' lang='lat' dir='ltr'>verbo</span> <span class='ocrx_word' id='word_1_257' title='bbox 1000 3432 1197 3485; x_wconf 67' lang='lat' dir='ltr'>adloqui</span> 
     </span>
     <span class='ocr_line' id='line_1_52' title="bbox 298 3486 1192 3543; baseline 0.001 -14"><span class='ocrx_word' id='word_1_258' title='bbox 298 3489 555 3538; x_wconf 77' lang='lat' dir='ltr'>dimittens,</span> <span class='ocrx_word' id='word_1_259' title='bbox 585 3493 792 3538; x_wconf 36' lang='lat' dir='ltr'>cont-orta</span> <span class='ocrx_word' id='word_1_260' title='bbox 816 3486 1048 3543; x_wconf 75' lang='lat' dir='ltr'>utriusque</span> <span class='ocrx_word' id='word_1_261' title='bbox 1071 3489 1192 3530; x_wconf 80' lang='lat' dir='ltr'>verbi</span> 
     </span>
     <span class='ocr_line' id='line_1_53' title="bbox 298 3543 1190 3602; baseline 0.001 -16"><span class='ocrx_word' id='word_1_262' title='bbox 298 3544 665 3602; x_wconf 75' lang='lat' dir='ltr'>interpretatione</span> <span class='ocrx_word' id='word_1_263' title='bbox 688 3559 807 3585; x_wconf 85' lang='lat' dir='ltr'>usus.</span> <span class='ocrx_word' id='word_1_264' title='bbox 857 3543 943 3587; x_wconf 87' lang='lat' dir='ltr'>Sed</span> <span class='ocrx_word' id='word_1_265' title='bbox 966 3545 1190 3587; x_wconf 77' lang='lat' dir='ltr'>adsistere</span> 
     </span>
    </p>
   </div>
   <div class='ocr_carea' id='block_1_13' title="bbox 1266 2107 2199 2678">
    <p class='ocr_par' dir='ltr' id='par_1_13' title="bbox 1266 2107 2199 2678">
     <span class='ocr_line' id='line_1_54' title="bbox 1267 2107 2158 2165; baseline 0 -12"><span class='ocrx_word' id='word_1_266' title='bbox 1267 2126 1306 2153; x_wconf 87' lang='lat' dir='ltr'>c.</span> <span class='ocrx_word' id='word_1_267' title='bbox 1333 2110 1385 2152; x_wconf 89' lang='lat'>19</span> <span class='ocrx_word' id='word_1_268' title='bbox 1407 2115 1450 2150; x_wconf 77' lang='lat' dir='ltr'>et</span> <span class='ocrx_word' id='word_1_269' title='bbox 1475 2109 1547 2151; x_wconf 73' lang='grc'>20.</span> <span class='ocrx_word' id='word_1_270' title='bbox 1609 2107 1701 2152; x_wconf 80' lang='lat' dir='ltr'>lam</span> <span class='ocrx_word' id='word_1_271' title='bbox 1724 2112 1827 2165; x_wconf 74' lang='lat' dir='ltr'>quis</span> <span class='ocrx_word' id='word_1_272' title='bbox 1848 2112 2033 2162; x_wconf 76' lang='lat' dir='ltr'>am&#39;mus</span> <span class='ocrx_word' id='word_1_273' title='bbox 2055 2119 2158 2163; x_wconf 61' lang='lat' dir='ltr'>erat</span> 
     </span>
     <span class='ocr_line' id='line_1_55' title="bbox 1266 2167 2199 2226; baseline -0.002 -16"><span class='ocrx_word' id='word_1_274' title='bbox 1266 2169 1509 2217; x_wconf 77' lang='lat' dir='ltr'>adsistere,</span> <span class='ocrx_word' id='word_1_275' title='bbox 1533 2168 1738 2222; x_wconf 77' lang='lat' dir='ltr'>adloqui,</span> <span class='ocrx_word' id='word_1_276' title='bbox 1760 2167 2035 2226; x_wconf 77' lang='lat' dir='ltr'>intelligendi</span> <span class='ocrx_word' id='word_1_277' title='bbox 2054 2177 2159 2211; x_wconf 85' lang='lat' dir='ltr'>sunt</span> <span class='ocrx_word' id='word_1_278' title='bbox 2192 2202 2199 2220; x_wconf 73' lang='grc'>,,</span> 
     </span>
     <span class='ocr_line' id='line_1_56' title="bbox 1267 2223 2155 2283; baseline -0.001 -15"><span class='ocrx_word' id='word_1_279' title='bbox 1267 2225 1321 2277; x_wconf 85' lang='grc' dir='ltr'>ἱί,</span> <span class='ocrx_word' id='word_1_280' title='bbox 1357 2223 1434 2283; x_wconf 86' lang='lat' dir='ltr'>qui</span> <span class='ocrx_word' id='word_1_281' title='bbox 1464 2240 1696 2268; x_wconf 84' lang='lat' dir='ltr'>remanere</span> <span class='ocrx_word' id='word_1_282' title='bbox 1728 2226 1845 2283; x_wconf 87' lang='lat' dir='ltr'>apud</span> <span class='ocrx_word' id='word_1_283' title='bbox 1870 2225 2001 2268; x_wconf 83' lang='lat' dir='ltr'>illum</span> <span class='ocrx_word' id='word_1_284' title='bbox 2026 2225 2155 2269; x_wconf 86' lang='lat' dir='ltr'>vole-</span> 
     </span>
     <span class='ocr_line' id='line_1_57' title="bbox 1266 2281 2160 2334; baseline 0.003 -10"><span class='ocrx_word' id='word_1_285' title='bbox 1266 2281 1398 2334; x_wconf 84' lang='lat' dir='ltr'>bant,</span> <span class='ocrx_word' id='word_1_286' title='bbox 1439 2297 1545 2325; x_wconf 82' lang='lat' dir='ltr'>curn</span> <span class='ocrx_word' id='word_1_287' title='bbox 1579 2289 1628 2323; x_wconf 86' lang='lat' dir='ltr'>ut</span> <span class='ocrx_word' id='word_1_288' title='bbox 1655 2281 1793 2326; x_wconf 76' lang='lat' dir='ltr'>verba</span> <span class='ocrx_word' id='word_1_289' title='bbox 1822 2283 1916 2325; x_wconf 86' lang='lat' dir='ltr'>eius</span> <span class='ocrx_word' id='word_1_290' title='bbox 1938 2282 2160 2331; x_wconf 83' lang='lat' dir='ltr'>audirent,</span> 
     </span>
     <span class='ocr_line' id='line_1_58' title="bbox 1266 2337 2193 2384; baseline -0.003 0"><span class='ocrx_word' id='word_1_291' title='bbox 1266 2349 1365 2384; x_wconf 83' lang='lat' dir='ltr'>tum</span> <span class='ocrx_word' id='word_1_292' title='bbox 1399 2348 1448 2382; x_wconf 89' lang='lat' dir='ltr'>ut</span> <span class='ocrx_word' id='word_1_293' title='bbox 1480 2337 1678 2384; x_wconf 85' lang='lat' dir='ltr'>vicissim</span> <span class='ocrx_word' id='word_1_294' title='bbox 1710 2341 1842 2383; x_wconf 85' lang='lat' dir='ltr'>verba</span> <span class='ocrx_word' id='word_1_295' title='bbox 1869 2339 1924 2384; x_wconf 85' lang='lat' dir='ltr'>ad</span> <span class='ocrx_word' id='word_1_296' title='bbox 1960 2349 2063 2384; x_wconf 84' lang='lat' dir='ltr'>eum</span> <span class='ocrx_word' id='word_1_297' title='bbox 2090 2341 2158 2383; x_wconf 82' lang='lat' dir='ltr'>fa-</span> <span class='ocrx_word' id='word_1_298' title='bbox 2189 2374 2193 2381; x_wconf 76' lang='grc'>,</span> 
     </span>
     <span class='ocr_line' id='line_1_59' title="bbox 1267 2395 2193 2448; baseline 0 -7"><span class='ocrx_word' id='word_1_299' title='bbox 1267 2406 1438 2441; x_wconf 84' lang='lat' dir='ltr'>cerent.</span> <span class='ocrx_word' id='word_1_300' title='bbox 1500 2396 1594 2439; x_wconf 83' lang='lat' dir='ltr'>Hos</span> <span class='ocrx_word' id='word_1_301' title='bbox 1623 2395 1867 2448; x_wconf 84' lang='lat' dir='ltr'>retinebat;</span> <span class='ocrx_word' id='word_1_302' title='bbox 1929 2397 2058 2441; x_wconf 78' lang='lat' dir='ltr'>uibus</span> <span class='ocrx_word' id='word_1_303' title='bbox 2085 2398 2161 2445; x_wconf 84' lang='lat' dir='ltr'>ille</span> <span class='ocrx_word' id='word_1_304' title='bbox 2192 2419 2193 2422; x_wconf 43' lang='lat'>¹</span> 
     </span>
     <span class='ocr_line' id='line_1_60' title="bbox 1267 2451 2192 2506; baseline 0.002 -10"><span class='ocrx_word' id='word_1_305' title='bbox 1267 2453 1444 2496; x_wconf 86' lang='lat' dir='ltr'>animus</span> <span class='ocrx_word' id='word_1_306' title='bbox 1484 2456 1579 2495; x_wconf 85' lang='lat' dir='ltr'>non</span> <span class='ocrx_word' id='word_1_307' title='bbox 1612 2456 1729 2506; x_wconf 70' lang='lat' dir='ltr'>erat,</span> <span class='ocrx_word' id='word_1_308' title='bbox 1780 2471 1856 2498; x_wconf 86' lang='lat' dir='ltr'>cos</span> <span class='ocrx_word' id='word_1_309' title='bbox 1895 2451 2192 2499; x_wconf 69' lang='lat' dir='ltr'>‹imittefiat.&#39;</span> 
     </span>
     <span class='ocr_line' id='line_1_61' title="bbox 1268 2510 2191 2567; baseline 0.002 -14"><span class='ocrx_word' id='word_1_310' title='bbox 1268 2511 1384 2553; x_wconf 85' lang='lat' dir='ltr'>Nam</span> <span class='ocrx_word' id='word_1_311' title='bbox 1402 2510 1454 2552; x_wconf 42' lang='lat' dir='ltr'>*in</span> <span class='ocrx_word' id='word_1_312' title='bbox 1475 2510 1646 2553; x_wconf 85' lang='lat' dir='ltr'>verbis:</span> <span class='ocrx_word' id='word_1_313' title='bbox 1681 2519 1734 2553; x_wconf 82' lang='lat' dir='ltr'>ut</span> <span class='ocrx_word' id='word_1_314' title='bbox 1767 2514 2157 2567; x_wconf 80' lang='lat' dir='ltr'>cuique....·am‘-</span> <span class='ocrx_word' id='word_1_315' title='bbox 2190 2520 2191 2525; x_wconf 78' lang='grc'>’</span> 
     </span>
     <span class='ocr_line' id='line_1_62' title="bbox 1270 2566 2159 2628; baseline 0.002 -18"><span class='ocrx_word' id='word_1_316' title='bbox 1270 2581 1375 2611; x_wconf 78' lang='lat' dir='ltr'>mus</span> <span class='ocrx_word' id='word_1_317' title='bbox 1394 2574 1513 2618; x_wconf 82' lang='lat' dir='ltr'>erat,</span> <span class='ocrx_word' id='word_1_318' title='bbox 1533 2566 1652 2619; x_wconf 84' lang='lat' dir='ltr'>latet,</span> <span class='ocrx_word' id='word_1_319' title='bbox 1671 2568 1796 2625; x_wconf 90' lang='lat' dir='ltr'>quod</span> <span class='ocrx_word' id='word_1_320' title='bbox 1815 2568 2159 2628; x_wconf 81' lang='lat' dir='ltr'>intelligendum</span> 
     </span>
     <span class='ocr_line' id='line_1_63' title="bbox 1270 2632 2081 2678; baseline 0.001 -10"><span class='ocrx_word' id='word_1_321' title='bbox 1270 2633 1357 2678; x_wconf 84' lang='lat' dir='ltr'>est,</span> <span class='ocrx_word' id='word_1_322' title='bbox 1387 2632 1474 2667; x_wconf 86' lang='lat' dir='ltr'>aut</span> <span class='ocrx_word' id='word_1_323' title='bbox 1492 2638 1587 2666; x_wconf 84' lang='lat' dir='ltr'>non</span> <span class='ocrx_word' id='word_1_324' title='bbox 1611 2633 1728 2668; x_wconf 86' lang='lat' dir='ltr'>erat.</span> <span class='ocrx_word' id='word_1_325' title='bbox 2076 2635 2081 2637; x_wconf 87' lang='grc'><strong>’</strong></span> 
     </span>
    </p>
   </div>
   <div class='ocr_carea' id='block_1_14' title="bbox 2131 2078 2222 4030">
    <p class='ocr_par' dir='ltr' id='par_1_14' title="bbox 2131 2078 2222 4030">
     <span class='ocr_line' id='line_1_64' title="bbox 2183 2078 2222 2313; baseline 0 0"><span class='ocrx_word' id='word_1_326' title='bbox 2183 2078 2222 2313; x_wconf 95' lang='lat' dir='ltr'>   </span> 
     </span>
     <span class='ocr_line' id='line_1_65' title="bbox 2183 2313 2222 2533; baseline 0 -126"><span class='ocrx_word' id='word_1_327' title='bbox 2183 2313 2222 2533; x_wconf 95' lang='lat' dir='ltr'>    </span> 
     </span>
     <span class='ocr_line' id='line_1_66' title="bbox 2181 2533 2222 2672; baseline 0 -93"><span class='ocrx_word' id='word_1_328' title='bbox 2181 2533 2222 2672; x_wconf 95' lang='lat' dir='ltr'>  </span> 
     </span>
     <span class='ocr_line' id='line_1_67' title="bbox 2175 2672 2222 2807; baseline 0 -89"><span class='ocrx_word' id='word_1_329' title='bbox 2175 2672 2222 2807; x_wconf 95' lang='lat' dir='ltr'>  </span> 
     </span>
     <span class='ocr_line' id='line_1_68' title="bbox 2175 2807 2222 2888; baseline 0 1142"><span class='ocrx_word' id='word_1_330' title='bbox 2175 2807 2222 2888; x_wconf 95' lang='lat' dir='ltr'> </span> 
     </span>
     <span class='ocr_line' id='line_1_69' title="bbox 2173 2888 2222 3115; baseline 0 -58"><span class='ocrx_word' id='word_1_331' title='bbox 2173 2888 2222 3115; x_wconf 95' lang='lat' dir='ltr'>   </span> 
     </span>
     <span class='ocr_line' id='line_1_70' title="bbox 2160 3115 2222 3271; baseline 0 -39"><span class='ocrx_word' id='word_1_332' title='bbox 2160 3115 2222 3271; x_wconf 95' lang='lat' dir='ltr'>   </span> 
     </span>
     <span class='ocr_line' id='line_1_71' title="bbox 2160 3271 2222 3456; baseline 0 -110"><span class='ocrx_word' id='word_1_333' title='bbox 2160 3271 2222 3456; x_wconf 95' lang='lat' dir='ltr'>   </span> 
     </span>
     <span class='ocr_line' id='line_1_72' title="bbox 2131 3456 2222 4030; baseline 0 -461"><span class='ocrx_word' id='word_1_334' title='bbox 2131 3456 2222 4030; x_wconf 95' lang='lat' dir='ltr'>  </span> 
     </span>
    </p>
   </div>
   <div class='ocr_carea' id='block_1_15' title="bbox 1267 2740 2159 2914">
    <p class='ocr_par' dir='ltr' id='par_1_15' title="bbox 1267 2740 2159 2914">
     <span class='ocr_line' id='line_1_73' title="bbox 1325 2740 2159 2795; baseline 0.001 -13"><span class='ocrx_word' id='word_1_335' title='bbox 1325 2742 1560 2795; x_wconf 80' lang='lat' dir='ltr'>multoque</span> <span class='ocrx_word' id='word_1_336' title='bbox 1594 2741 1746 2784; x_wconf 78' lang='lat' dir='ltr'>adhuc</span> <span class='ocrx_word' id='word_1_337' title='bbox 1775 2747 1922 2784; x_wconf 77' lang='lat' dir='ltr'>coetu.</span> <span class='ocrx_word' id='word_1_338' title='bbox 2001 2740 2159 2785; x_wconf 78' lang='lat' dir='ltr'>Multis</span> 
     </span>
     <span class='ocr_line' id='line_1_74' title="bbox 1268 2796 2159 2858; baseline 0.002 -17"><span class='ocrx_word' id='word_1_339' title='bbox 1268 2797 1405 2858; x_wconf 82' lang='lat' dir='ltr'>igitur</span> <span class='ocrx_word' id='word_1_340' title='bbox 1425 2796 1604 2846; x_wconf 78' lang='lat' dir='ltr'>animus</span> <span class='ocrx_word' id='word_1_341' title='bbox 1634 2798 1779 2842; x_wconf 80' lang='lat' dir='ltr'>fuerat</span> <span class='ocrx_word' id='word_1_342' title='bbox 1809 2798 2041 2852; x_wconf 86' lang='lat' dir='ltr'>adsistere,</span> <span class='ocrx_word' id='word_1_343' title='bbox 2078 2799 2159 2843; x_wconf 86' lang='lat' dir='ltr'>ad-</span> 
     </span>
     <span class='ocr_line' id='line_1_75' title="bbox 1267 2853 1824 2914; baseline 0 -15"><span class='ocrx_word' id='word_1_344' title='bbox 1267 2856 1420 2914; x_wconf 83' lang='lat' dir='ltr'>loqui3</span> <span class='ocrx_word' id='word_1_345' title='bbox 1449 2855 1586 2899; x_wconf 81' lang='lat' dir='ltr'>ceteri</span> <span class='ocrx_word' id='word_1_346' title='bbox 1610 2853 1824 2900; x_wconf 84' lang='lat' dir='ltr'>abierant.</span> 
     </span>
    </p>
   </div>
   <div class='ocr_carea' id='block_1_16' title="bbox 1266 2969 2160 3426">
    <p class='ocr_par' dir='ltr' id='par_1_16' title="bbox 1266 2969 2160 3426">
     <span class='ocr_line' id='line_1_76' title="bbox 1326 2969 2160 3028; baseline 0.004 -15"><span class='ocrx_word' id='word_1_347' title='bbox 1326 2973 1374 3013; x_wconf 82' lang='lat' dir='ltr'>in</span> <span class='ocrx_word' id='word_1_348' title='bbox 1415 2970 1659 3013; x_wconf 81' lang='lat' dir='ltr'>Blaesum.</span> <span class='ocrx_word' id='word_1_349' title='bbox 1740 2969 1914 3028; x_wconf 83' lang='lat' dir='ltr'>Lipsius</span> <span class='ocrx_word' id='word_1_350' title='bbox 1966 2971 2160 3017; x_wconf 71' lang='lat' dir='ltr'>malebat</span> 
     </span>
     <span class='ocr_line' id='line_1_77' title="bbox 1268 3027 2159 3086; baseline 0.002 -15"><span class='ocrx_word' id='word_1_351' title='bbox 1268 3027 1406 3072; x_wconf 86' lang='lat' dir='ltr'>deleri</span> <span class='ocrx_word' id='word_1_352' title='bbox 1435 3029 1508 3075; x_wconf 83' lang='lat' dir='ltr'>in,</span> <span class='ocrx_word' id='word_1_353' title='bbox 1552 3035 1600 3070; x_wconf 84' lang='lat' dir='ltr'>ut</span> <span class='ocrx_word' id='word_1_354' title='bbox 1623 3029 1855 3086; x_wconf 62' lang='lat' dir='ltr'>‘legeretur</span> <span class='ocrx_word' id='word_1_355' title='bbox 1885 3046 1988 3072; x_wconf 85' lang='lat' dir='ltr'>cum</span> <span class='ocrx_word' id='word_1_356' title='bbox 2017 3032 2159 3073; x_wconf 86' lang='lat' dir='ltr'>Blae·</span> 
     </span>
     <span class='ocr_line' id='line_1_78' title="bbox 1266 3084 2156 3130; baseline 0.002 -2"><span class='ocrx_word' id='word_1_357' title='bbox 1266 3101 1387 3128; x_wconf 84' lang='lat' dir='ltr'>sum.</span> <span class='ocrx_word' id='word_1_358' title='bbox 1445 3085 1479 3127; x_wconf 91' lang='grc' dir='ltr'>Ι.</span> <span class='ocrx_word' id='word_1_359' title='bbox 1498 3085 1573 3126; x_wconf 81' lang='lat' dir='ltr'>Fr.</span> <span class='ocrx_word' id='word_1_360' title='bbox 1597 3084 1856 3128; x_wconf 76' lang='lat' dir='ltr'>Gronovius</span> <span class='ocrx_word' id='word_1_361' title='bbox 1877 3086 2004 3130; x_wconf 81' lang='lat' dir='ltr'>illum</span> <span class='ocrx_word' id='word_1_362' title='bbox 2032 3088 2156 3130; x_wconf 80' lang='lat' dir='ltr'>resu-</span> 
     </span>
     <span class='ocr_line' id='line_1_79' title="bbox 1268 3141 2160 3202; baseline 0.003 -18"><span class='ocrx_word' id='word_1_363' title='bbox 1268 3142 1372 3185; x_wconf 84' lang='lat' dir='ltr'>tavit</span> <span class='ocrx_word' id='word_1_364' title='bbox 1393 3142 1606 3202; x_wconf 77' lang='lat' dir='ltr'>exemplis</span> <span class='ocrx_word' id='word_1_365' title='bbox 1628 3141 1726 3187; x_wconf 84' lang='lat' dir='ltr'>Liv.</span> <span class='ocrx_word' id='word_1_366' title='bbox 1750 3142 1820 3191; x_wconf 78' lang='lat'>27,</span> <span class='ocrx_word' id='word_1_367' title='bbox 1840 3146 1880 3187; x_wconf 89' lang='lat'>1.</span> <span class='ocrx_word' id='word_1_368' title='bbox 1913 3153 1955 3187; x_wconf 89' lang='lat' dir='ltr'>et</span> <span class='ocrx_word' id='word_1_369' title='bbox 1977 3143 2160 3197; x_wconf 72' lang='lat' dir='ltr'>3o,20.;</span> 
     </span>
     <span class='ocr_line' id='line_1_80' title="bbox 1268 3199 2157 3256; baseline 0.006 -15"><span class='ocrx_word' id='word_1_370' title='bbox 1268 3216 1381 3256; x_wconf 83' lang='lat' dir='ltr'>quae</span> <span class='ocrx_word' id='word_1_371' title='bbox 1415 3208 1563 3242; x_wconf 87' lang='lat' dir='ltr'>tamen</span> <span class='ocrx_word' id='word_1_372' title='bbox 1592 3199 1680 3244; x_wconf 83' lang='lat' dir='ltr'>huc</span> <span class='ocrx_word' id='word_1_373' title='bbox 1708 3216 1801 3242; x_wconf 86' lang='lat' dir='ltr'>non</span> <span class='ocrx_word' id='word_1_374' title='bbox 1836 3200 2008 3245; x_wconf 76' lang='lat' dir='ltr'>faciunt</span> <span class='ocrx_word' id='word_1_375' title='bbox 2037 3204 2157 3247; x_wconf 80' lang='lat' dir='ltr'>satis.</span> 
     </span>
     <span class='ocr_line' id='line_1_81' title="bbox 1267 3256 2157 3316; baseline 0.002 -17"><span class='ocrx_word' id='word_1_376' title='bbox 1267 3258 1355 3300; x_wconf 88' lang='lat' dir='ltr'>Sed</span> <span class='ocrx_word' id='word_1_377' title='bbox 1390 3259 1437 3298; x_wconf 77' lang='lat' dir='ltr'>in</span> <span class='ocrx_word' id='word_1_378' title='bbox 1470 3266 1518 3299; x_wconf 83' lang='lat' dir='ltr'>ut</span> <span class='ocrx_word' id='word_1_379' title='bbox 1539 3256 1722 3301; x_wconf 85' lang='lat' dir='ltr'>Graecis</span> <span class='ocrx_word' id='word_1_380' title='bbox 1753 3261 1818 3306; x_wconf 73' lang='grc' dir='ltr'>εἰς</span> <span class='ocrx_word' id='word_1_381' title='bbox 1842 3274 1967 3316; x_wconf 88' lang='lat' dir='ltr'>saepe</span> <span class='ocrx_word' id='word_1_382' title='bbox 1992 3259 2157 3303; x_wconf 86' lang='lat' dir='ltr'>Nostro</span> 
     </span>
     <span class='ocr_line' id='line_1_82' title="bbox 1266 3313 2159 3372; baseline 0.007 -19"><span class='ocrx_word' id='word_1_383' title='bbox 1266 3313 1473 3372; x_wconf 75' lang='lat' dir='ltr'>ponitur,</span> <span class='ocrx_word' id='word_1_384' title='bbox 1505 3323 1553 3357; x_wconf 87' lang='lat' dir='ltr'>ut</span> <span class='ocrx_word' id='word_1_385' title='bbox 1576 3314 1629 3356; x_wconf 89' lang='lat' dir='ltr'>sit</span> <span class='ocrx_word' id='word_1_386' title='bbox 1649 3319 1774 3368; x_wconf 81' lang='lat' dir='ltr'>quod</span> <span class='ocrx_word' id='word_1_387' title='bbox 1794 3317 1962 3358; x_wconf 73' lang='lat' dir='ltr'>attinet</span> <span class='ocrx_word' id='word_1_388' title='bbox 1983 3321 2058 3367; x_wconf 82' lang='lat' dir='ltr'>ad,</span> <span class='ocrx_word' id='word_1_389' title='bbox 2092 3319 2159 3359; x_wconf 84' lang='lat' dir='ltr'>im</span> 
     </span>
     <span class='ocr_line' id='line_1_83' title="bbox 1267 3372 2039 3426; baseline 0.004 -12"><span class='ocrx_word' id='word_1_390' title='bbox 1267 3373 1560 3426; x_wconf 82' lang='lat' dir='ltr'>Betreffdcs.</span> <span class='ocrx_word' id='word_1_391' title='bbox 1623 3372 1682 3414; x_wconf 85' lang='lat' dir='ltr'>cs.</span> <span class='ocrx_word' id='word_1_392' title='bbox 1709 3382 1804 3416; x_wconf 86' lang='lat' dir='ltr'>not.</span> <span class='ocrx_word' id='word_1_393' title='bbox 1831 3374 1884 3416; x_wconf 88' lang='lat' dir='ltr'>ad</span> <span class='ocrx_word' id='word_1_394' title='bbox 1903 3375 1945 3424; x_wconf 70' lang='lat'>2,</span> <span class='ocrx_word' id='word_1_395' title='bbox 1973 3375 2039 3418; x_wconf 88' lang='grc'>18.</span> 
     </span>
    </p>
   </div>
   <div class='ocr_carea' id='block_1_17' title="bbox 1265 3484 2165 3594">
    <p class='ocr_par' dir='ltr' id='par_1_17' title="bbox 1265 3484 2165 3594">
     <span class='ocr_line' id='line_1_84' title="bbox 1321 3484 2165 3541; baseline 0.001 -13"><span class='ocrx_word' id='word_1_396' title='bbox 1321 3489 1476 3528; x_wconf 81' lang='lat' dir='ltr'>mulla</span> <span class='ocrx_word' id='word_1_397' title='bbox 1501 3484 1751 3541; x_wconf 77' lang='lat' dir='ltr'>foedaque.</span> <span class='ocrx_word' id='word_1_398' title='bbox 1814 3486 1974 3538; x_wconf 56' lang='lat' dir='ltr'>{fudu&#39;t</span> <span class='ocrx_word' id='word_1_399' title='bbox 2003 3488 2165 3533; x_wconf 67' lang='lat' dir='ltr'>‹500qu</span> 
     </span>
     <span class='ocr_line' id='line_1_85' title="bbox 1265 3543 1665 3594; baseline -0.01 -5"><span class='ocrx_word' id='word_1_400' title='bbox 1265 3543 1321 3589; x_wconf 83' lang='lat' dir='ltr'>cf.</span> <span class='ocrx_word' id='word_1_401' title='bbox 1346 3553 1439 3588; x_wconf 76' lang='lat' dir='ltr'>not.</span> <span class='ocrx_word' id='word_1_402' title='bbox 1463 3545 1516 3586; x_wconf 89' lang='lat' dir='ltr'>ad</span> <span class='ocrx_word' id='word_1_403' title='bbox 1564 3547 1599 3594; x_wconf 88' lang='lat'>1,</span> <span class='ocrx_word' id='word_1_404' title='bbox 1623 3544 1665 3585; x_wconf 70' lang='lat'>2.</span> 
     </span>
    </p>
   </div>
  </div>
 </body>
</html>
