2222 4030
134 1458 149 1467 ,
214 1473 266 1509 ut
284 1464 498 1515 Pichena,
519 1479 606 1522 que

133 2899 145 2908 “
204 2901 301 2942 cius
341 2899 608 2953 agitabant.

232 207 317 267 26

229 328 499 397 noverca.

884 199 1421 295 ‘AYNNALIUM

613 329 771 390 nihil
819 333 1086 392 deorum¹
1107 331 1437 407 honoribus
1485 336 1784 409 relictum,
1842 362 1980 398 cum
2030 362 2090 399 se

1795 203 1848 240 A.
1863 206 1916 242 U.
1929 205 2009 239 767.

1795 247 1848 286 A.
1868 250 1915 285 C.
1948 251 2008 285 14.

231 422 466 497 templis
505 429 564 477 et
606 419 793 493 effigie
846 421 1164 480 numinum
1209 441 1315 496 per
1357 421 1625 481 flamines
1668 435 1725 480 et
1766 429 2091 483 sacerdotes

175 524 178 526 ·
226 507 346 565 coli
371 505 565 565 vellet.
641 519 726 566 ,ne
757 503 1067 562 Tiberium
1091 506 1335 581 quidem
1365 507 1603 563 caritate
1641 512 1742 564 aut
1772 510 1859 564 rei
1890 512 2089 585 publi-

228 611 329 648 cae
346 610 485 647 cura
507 592 897 646 successorem
910 590 1222 646 adscitum:
1255 591 1356 646 sed
1378 592 1662 666 quoniam
1685 594 2089 668 adrogantiam

226 675 644 751 saevitiamque
673 675 796 730 eius
828 675 1268 749 introspexerit,
1311 677 1747 751 comparatione
1776 679 2089 737 deterrima

226 760 341 817 sibi
369 759 618 834 gloriam
642 761 1011 835 quaesivisse.

1096 757 1340 815 Etenim
1359 755 1689 834 Augustus,
1731 765 1932 839 paucis
1955 778 2088 822 ante

225 845 428 915 anniS,
491 854 627 902 cum
664 843 910 902 Tiberio
946 844 1329 901 tribuniciam
1363 857 1711 920 potestatem
1750 869 1784 904 a
1820 851 2087 924 patribus

223 949 463 989 rursum
501 930 853 1005 postularet,
909 949 1252 1006 quanquam
1286 925 1518 986 honora
1555 934 1853 1004 oratione,
1907 956 2086 1012 quae-

220 1016 362 1072 dam
394 1015 467 1072 de
503 1011 714 1071 habitu
746 1015 1027 1091 cultuque
1063 1026 1120 1071 et
1153 1014 1438 1073 institutis
1473 1015 1600 1072 eius
1637 1017 1879 1088 iecerat,
1935 1041 2084 1097 quae

220 1101 386 1159 velut
415 1099 744 1181 excusando
771 1100 1166 1175 exprobraret.

216 1300 309 1346 tes,
344 1299 638 1336 mutaverunt
667 1299 742 1334 aut
774 1290 824 1335 in
853 1293 1031 1346 gravis,
1066 1299 1116 1335 ut

215 1350 430 1395 suadente
440 1349 665 1392 Beroaldo
676 1349 779 1392 Ald.
795 1365 890 1407 sqq.
903 1349 1116 1393 1ac.Gro-

215 1407 397 1459 novius,
418 1405 636 1451 Wolfius
650 1423 745 1465 sqq.
765 1415 839 1449 aut
855 1407 902 1450 in
912 1410 1115 1460 gravior,

676 1465 852 1522 sequuti
876 1473 981 1507 sunt
996 1465 1115 1523 Lips-

212 1523 440 1580 Bernegg.
455 1538 550 1580 sqq.
650 1521 822 1565 tTaciti
843 1521 997 1567 stilum
1017 1539 1114 1567 non

213 1579 316 1624 satis
339 1594 536 1631 novere,
567 1579 645 1641 qui
667 1578 742 1622 hic
765 1578 934 1638 aliquid
961 1595 1114 1622 emen-

213 1636 415 1681 dandum
445 1651 540 1680 esse
572 1645 827 1680 censerent.
909 1637 1112 1680 Gravius

213 1703 279 1737 est
313 1693 598 1744 adverbium,
650 1693 871 1750 significat
904 1695 1117 1748 graviori

210 1753 393 1803 modo,
427 1751 722 1806 gravioribus
753 1754 999 1795 sceleribus
1030 1751 1112 1794 Li-

210 1807 332 1854 viam
366 1808 522 1852 domui
557 1809 799 1853 Caesarum
840 1809 977 1853 fuisse
1018 1825 1111 1852 no·-

208 1881 409 1911 vercam.
485 1865 629 1908 Plane
673 1866 739 1909 sic
770 1865 936 1910 Noster
969 1867 1110 1913 utitur

210 1922 453 1970 adverbiis.
514 1922 573 1966 cf.
597 1923 704 1966 infr.
732 1924 775 1973 4,
799 1923 869 1968 47.
906 1925 1110 1981 Quidam

207 1982 540 2030 audentius
586 1982 766 2035 apertis
820 1983 871 2023 in
922 1983 1111 2025 collibus

206 2038 502 2090 visebantur,
543 2036 588 2080 h.
611 2053 650 2080 e.
682 2037 938 2081 audentiori
966 2039 1108 2082 modo

207 2095 295 2139 usi.
354 2095 444 2138 An.
474 2096 543 2144 15,
565 2094 637 2138 45.
661 2097 870 2144 Aurum,
900 2099 1024 2152 quod
1050 2124 1110 2132 —

207 2153 360 2196 omnis
377 2153 769 2208 populi-Romani
793 2162 928 2197 aetas
960 2169 1109 2208 pro-

204 2225 379 2265 spere
423 2219 508 2253 aut
552 2211 604 2252 in
646 2218 773 2252 metu
814 2219 1106 2255 sacraverat.

206 2267 437 2325 Prospere
476 2267 521 2311 h.
559 2283 599 2311 e.
635 2283 862 2329 ,prospero
897 2268 944 2311 in
978 2277 1107 2321 statu,

204 2318 453 2384 respondet
502 2323 632 2368 alteri
677 2325 810 2371 voci:
864 2326 913 2368 in
961 2334 1107 2370 metu.

150 2406 152 2409 ·
207 2381 367 2427 Germ.
413 2397 455 2432 c.
486 2382 527 2426 5.
569 2383 815 2426 interiores
861 2399 885 2426 s
896 2386 968 2426 im
977 2399 1012 2438 p
1024 2387 1044 2425 l
1053 2385 1108 2426 i-
1125 2409 1131 2419 ·

204 2441 331 2484 cius
381 2448 427 2482 et
478 2441 800 2497 antiquius
848 2450 1106 2494 permuta-

205 2501 331 2541 tione
382 2498 614 2539 mercium
668 2505 885 2542 utuntur.
959 2498 1103 2554 Quod

204 2564 355 2598 autem
404 2553 597 2598 alterum
647 2555 906 2599 membrum
956 2556 1103 2615 priori

193 2610 419 2655 ‘dissimile
445 2611 612 2661 evadit,
642 2611 798 2654 eximie
811 2612 970 2656 Tacito
993 2629 1101 2657 con·

202 2670 354 2720 venit,
395 2684 532 2727 quem
566 2669 807 2715 variandae
850 2679 1101 2713 structurae

203 2726 457 2771 studiosum
477 2742 572 2770 esse
602 2727 847 2771 sexcenties
877 2743 1099 2770 monuere

201 2785 488 2841 interpretes.
545 2784 623 2828 Sic
649 2784 757 2827 infr.
788 2785 830 2837 4,
856 2783 929 2830 46.
961 2799 1103 2827 mon-

201 2842 321 2884 tium
353 2842 486 2883 editis
525 2841 689 2885 inculti
713 2842 856 2898 at‘que
887 2858 942 2885 eo
959 2842 1102 2898 fero-

698 2898 1023 2943 Gradationem
1077 2915 1103 2943 a

203 2955 322 2999 loco‘
344 2955 538 2998 alienam
572 2972 666 2999 esse
701 2958 973 3006 censebant,
1003 2956 1101 3015 qui-

203 3014 290 3056 hus
331 3011 538 3071 placebat
575 3014 752 3066 gravis.
831 3014 1019 3058 Scilicet
1051 3015 1100 3058 in

203 3074 333 3114 suam
359 3085 459 3112 rem
490 3069 792 3126 disputabant.
852 3072 966 3113 Nam
999 3088 1099 3131 per-

205 3128 312 3171 dere
344 3125 574 3186 privignos
609 3135 651 3168 et
682 3129 870 3184 grassari
902 3144 1100 3178 venenO,

202 3184 354 3236 ferro,
410 3182 528 3226 haud
589 3184 723 3226 dubie
789 3185 967 3242 gravius
1020 3195 1099 3235 est,

201 3256 340 3341 guam
362 3240 532 3286 civitati
564 3240 822 3299 principem
853 3243 1099 3287 obtrudere

237 3297 349 3342 lium
398 3306 443 3341 et
485 3297 749 3356 impotentia
802 3308 1005 3343 materna
1051 3300 1101 3344 in

38 3355 97 3381 (Ἦ
119 3380 121 3382 -
201 3355 351 3399 filium
370 3355 628 3414 principem
651 3355 732 3398 uti.

258 3414 382 3456 nihil
407 3408 604 3458 debr-um
626 3445 638 3456 .
663 3444 674 3456 .
697 3443 708 3455 .
733 3414 888 3455 vellet.
947 3413 1100 3472 Vulgo

199 3469 326 3515 hunc
347 3469 502 3517 locum
522 3470 582 3513 ita
604 3467 853 3528 accipiunt,
879 3478 929 3513 ut
952 3487 1099 3514 sermo

201 3543 300 3572 esse
330 3526 539 3574 videatur
571 3527 628 3572 de
661 3527 839 3586 templis
873 3536 917 3571 et
948 3529 1102 3572 statuis

1186 1293 1394 1351 Augusto
1450 1293 1605 1353 positis
1670 1310 1752 1353 per
1808 1294 2081 1353 provincias.

1188 1351 1310 1395 Suet.
1326 1351 1432 1395 Oct.
1464 1369 1503 1395 c.
1527 1351 1596 1397 52.
1655 1351 1746 1395 Dio
1770 1354 1838 1403 51,
1869 1354 1939 1396 ΞΟ.
1967 1353 2081 1394 ΡεΓ-

1186 1425 1356 1467 peram.
1415 1409 1532 1452 Nam
1561 1411 1599 1452 si
1631 1410 1720 1454 hoc
1750 1410 1968 1455 voluisset
1998 1409 2082 1452 Ta·

1186 1466 1327 1517 citus,
1356 1466 1606 1524 scripsisset
1624 1468 1846 1519 voluerit,
1871 1484 1966 1511 non
1991 1468 2081 1509 vel-

1185 1526 1266 1568 let.
1325 1524 1468 1567 Immo
1505 1524 1798 1582 cogitandum
1831 1533 1896 1568 est
1924 1524 2000 1568 hic
2027 1523 2082 1566 de

1184 1580 1358 1639 templo
1391 1590 1434 1624 et
1468 1581 1736 1625 coelestibus
1770 1581 2083 1639 religionibus,

1186 1654 1300 1696 quae
1335 1639 1698 1682 decernebantur
1725 1640 1927 1696 Augusto
1960 1656 2080 1682 mor-

1183 1703 1280 1739 tuo.
1331 1696 1391 1739 cf.
1417 1712 1456 1738 c.
1482 1699 1552 1740 11.
1609 1696 1701 1739 Dio
1734 1698 1803 1748 56,
1823 1697 1895 1739 46.
1955 1697 2078 1740 Suet.

1186 1752 1294 1796 Oct.
1315 1769 1354 1796 c.
1379 1755 1477 1796 100.
1537 1753 1698 1796 Solent
1720 1753 1843 1796 enim
1864 1753 1942 1805 sic,
1965 1769 2079 1811 quae

1181 1826 1263 1869 per
1292 1809 1599 1853 adulationem
1630 1820 1902 1871 peccantur,
1936 1812 2079 1868 impu-

1182 1867 1267 1911 tari
1303 1866 1447 1912 idolo.
1508 1866 1675 1927 Quoad
1711 1867 1842 1918 vixit,
1881 1868 1931 1911 in
1964 1868 2078 1910 urbe

1182 1927 1412 1981 Augustus
1461 1925 1813 1983 pertinacissime
1865 1925 2079 1969 abstinuit

1184 1983 1341 2027 divino
1365 1982 1556 2026 honore.
1610 1981 1668 2025 cf.
1681 1983 1805 2025 Suet.
1822 1982 1928 2026 Oct.
1952 1999 1991 2026 c.
2007 1983 2077 2026 52.

1180 2040 1276 2084 Iam
1320 2056 1432 2084 vero
1473 2040 1528 2083 de
1571 2038 1729 2083 divino
1770 2039 1947 2084 honore
1978 2056 2085 2098 ,per

1181 2097 1342 2140 urbem
1394 2099 1598 2155 Augusto
1658 2097 1763 2140 dato
1818 2113 2076 2141 sermonem

1181 2170 1277 2198 esse
1306 2154 1439 2203 facile
1472 2154 1689 2211 intelligis
1722 2170 1744 2196 e
1779 2156 1955 2201 verbis:
1983 2168 2077 2209 per

1164 2211 1397 2268 flamines
1437 2219 1482 2254 et
1521 2215 1796 2256 sacerdotes.
1881 2212 2074 2269 Minime

1179 2269 1317 2327 igitur
1348 2269 1422 2312 hic
1443 2268 1572 2312 locus
1596 2269 1706 2312 dicit
1735 2277 1896 2312 contra
1918 2271 2075 2316 Sueto-

1178 2327 1310 2371 nium
1344 2335 1420 2369 aut
1443 2326 1668 2378 Dionem,
1699 2327 1826 2386 quod
1859 2328 2074 2386 putabant

1178 2384 1267 2428 viri
1303 2382 1442 2428 docti.
1512 2383 1571 2430 cf.
1601 2384 1799 2428 Reimar.
1843 2385 1898 2429 ad
1929 2383 2071 2428 Dion.

1178 2441 1246 2494 51,
1267 2442 1340 2484 20.

1231 2501 1383 2556 effigie
1402 2501 1671 2544 numinum.
1715 2499 1774 2545 h.
1806 2515 1845 2543 e.
1875 2497 2070 2557 imagine

1174 2555 1231 2600 ad
1255 2557 1444 2600 modum
1467 2559 1708 2601 numinum
1735 2557 1897 2600 efficta.

1233 2616 1443 2656 caritate.
1526 2616 1603 2658 Sic
1643 2615 1714 2660 ed.
1756 2613 1967 2656 Beroald.
2027 2621 2071 2655 et

1172 2671 1450 2714 recentiores
1483 2689 1669 2725 omnes;
1709 2673 1938 2715 charitate
1966 2669 2069 2713 edd.

1171 2727 1376 2772 Rhenan.
1398 2728 1506 2772 Ald.

1229 2789 1314 2827 sed
1362 2786 1584 2841 quoniam
1617 2818 1629 2830 .
1651 2817 1664 2830 .
1688 2817 1699 2828 .
1726 2818 1737 2829 .
1769 2785 2066 2842 quaesivisse.

1173 2841 1300 2885 Suet.
1323 2842 1426 2886 Tib.
1451 2858 1491 2886 c.
1512 2843 1584 2885 21.
1642 2843 1735 2886 Dio
1761 2845 1831 2894 56,
1849 2843 1920 2886 45.

1230 2903 1289 2942 de
1308 2902 1471 2942 habitu
1493 2902 1721 2956 cultuque.
1779 2901 1983 2943 Habitus
2003 2908 2068 2944 est

1171 2957 1333 3000 modus
1353 2957 1549 3001 habendi
1579 2957 1727 3015 ipsum
1758 2973 1922 3015 corpus
1953 2958 2066 3001 eius-

1172 3030 1259 3072 que
1292 3023 1463 3073 partes,
1513 3030 1650 3073 quem
1679 3014 1880 3057 habitum
1910 3014 1958 3057 in
1992 3015 2030 3056 T
2034 3015 2067 3057 i-

1168 3071 1299 3115 berio
1323 3071 1445 3114 Suet.
1471 3087 1511 3115 c.
1532 3072 1603 3114 68.
1629 3071 1842 3114 describit
1865 3071 1950 3114 sic:
1982 3072 2067 3114 In-

1171 3131 1360 3171 cedebat
1392 3129 1564 3170 cervice
1595 3129 1746 3184 rigida
1778 3137 1826 3171 et
1862 3130 2068 3183 obstipa:

1169 3185 1491 3240 adductosere
1511 3189 1667 3235 vultu,
1697 3189 1971 3242 plerumque
1994 3196 2067 3229 ta·

1173 3246 1286 3286 citus
1303 3258 1316 3284 .·
1364 3245 1494 3284 nullo
1531 3251 1614 3286 aut
1645 3244 1888 3286 rarissimo
1919 3245 2065 3286 etiam
2097 3245 2105 3251 ”

1171 3316 1278 3353 eum
1294 3301 1529 3354 proximis
1547 3315 1779 3349 sermone,
1812 3315 1949 3356 eoque
1966 3309 2062 3343 tar·

1171 3359 1381 3408 dissimo,
1429 3373 1513 3400 nec
1552 3360 1649 3401 sine
1689 3358 1821 3400 molli
1855 3362 2064 3414 quadam

1171 3416 1426 3469 digitorum
1471 3416 1838 3469 gesticulatione.
1931 3417 2082 3472 Quae·

1172 3473 1334 3515 omnia
1363 3475 1554 3527 ingrata
1583 3481 1726 3528 atque
1749 3473 2063 3526 adrogantiae

1166 3533 1309 3587 plena
1329 3538 1374 3573 et
1394 3531 1729 3575 animadvertit
1750 3534 1986 3586 Augustus
2010 3531 2063 3572 in
