2222 4030
181 198 233 238 Α.
247 197 299 233 U.
319 199 402 233 778.

181 243 233 280 Δ.
252 241 301 278 C.
342 243 404 276 25.

603 202 776 264 LIB.
808 200 913 264 lv,
993 198 1188 262 CAP.
1226 204 1324 263 36.
1355 204 1459 265 57.
1833 202 1954 265 327

23 364 26 384 τ
93 335 306 393 adierit
337 331 697 408 Calpurnius
731 331 1046 390 Salvianus
1086 330 1152 386 in
1191 329 1323 392 Sex,
1349 331 1631 393 Marium.
1718 322 1880 410 quod
1922 356 1955 391 a

24 483 26 495 ‚
90 419 338 479 Caesare
388 419 584 496 palam
629 417 985 493 increpitum
1038 435 1211 473 causa
1263 418 1456 474 exsilii
1498 418 1779 477 Salviano
1821 419 1954 479 fuit.

24 513 25 523 ¹
91 503 345 564 Obiecta
389 503 627 581 publice
659 501 962 580 Cyzicenis
1011 500 1239 559 incuria
1293 503 1787 562 caerimoniarum
1828 505 1956 563 divi

93 590 378 666 Augusti,
444 588 662 648 additis
696 587 1015 649 violentiae
1049 586 1398 645 criminibus
1438 589 1751 648 adversum
1797 591 1954 648 cives

90 676 418 737 Romanos,
504 685 562 731 et
595 673 844 730 amisere
876 674 1239 744 libertatem,
1288 692 1469 750 quam
1507 675 1665 733 bello
1705 672 1955 734 Mithri:

24 799 25 803 κ
91 763 244 821 datis
283 771 622 818 meruerant
667 756 1033 816 circumsessi
1076 779 1186 816 nec
1230 759 1431 816 minus
1478 777 1582 816 sua
1624 762 1952 820 constantia

90 869 270 925 quam
315 844 612 923 praesidio
636 839 888 902 'Luculli
930 847 1102 920 pulso
1146 863 1296 919 rege.
1406 838 1491 900 At
1521 842 1808 904 Fonteius
1839 845 1956 905 Ca·-

90 934 247 1008 pito,
315 931 420 1009 qui
472 949 582 1007 pro
643 931 884 988 consule
936 926 1144 988 Asiam
1208 940 1542 1000 curaverat,
1610 933 1957 1004 absolvitur,

89 1028 390 1094 comperto
439 1017 571 1074 ficta
617 1016 684 1072 in
731 1036 867 1074 eum
913 1017 1161 1074 crimina
1201 1011 1309 1092 per
1349 1012 1600 1074 Vibium
1644 1015 1952 1078 Serenum.

90 1125 281 1182 neque
321 1114 518 1160 tamen
555 1101 617 1158 id
643 1101 865 1161 Sereno
900 1123 1086 1160 noxae
1113 1102 1256 1172 fuit,
1297 1121 1474 1178 quem
1513 1101 1719 1159 odium
1755 1103 1957 1178 publi-

22 1202 25 1263 ζ
90 1211 227 1248 cum
257 1189 538 1246 tutiorem
572 1188 842 1248 faciebat.
929 1209 1070 1245 nam
1103 1199 1172 1245 ut
1203 1187 1336 1266 quis
1372 1187 1695 1246 districtior
1722 1206 1958 1245 accusa-
2006 1192 2014 1205 “

24 1319 25 1333 ;
89 1287 215 1345 tor,
259 1275 422 1332 velut
444 1285 846 1332 sacrosanctus
873 1286 1021 1333 erat:
1066 1275 1251 1344 leveS,
1284 1273 1588 1349 ignobiles
1617 1273 1825 1350 poenis
1850 1275 1957 1332 ad-

24 1434 25 1439 *
90 1360 455 1419 ficiebantur.

22 1441 26 1460 ⁴
219 1441 572 1504 'XXXVIL
658 1442 774 1501 Per
832 1445 992 1501 idem
1044 1441 1287 1521 *tempus
1355 1442 1647 1521 Hispania
1707 1445 1958 1504 ulterior

88 1531 284 1588 missis
314 1531 390 1588 ad
421 1540 690 1587 senatum
725 1530 931 1605 legatis
968 1531 1189 1601 oravit,
1231 1541 1299 1587 ut
1337 1532 1605 1607 exemplo
1639 1526 1828 1589 Asiae
1853 1531 1958 1588 de—

90 1618 332 1675 lubrum
377 1614 624 1673 Tiberio
670 1617 966 1693 matrique
1011 1617 1137 1672 eius
1185 1627 1524 1676 exstrueret.
1624 1637 1740 1694 qua
1786 1637 1957 1674 occa-

24 1737 25 1743 1
89 1703 256 1761 sione
304 1699 519 1760 Caesar
567 1701 803 1760 validus
850 1692 1089 1779 alioquix
1123 1702 1473 1778 spernendis
1519 1698 1853 1760 honoribus
1899 1713 1955 1779 et

89 1788 570 1876 respondendum
615 1799 778 1845 ratus
828 1788 901 1844 iis
913 1813 944 1859 ,·
1001 1808 1259 1865 quorum
1304 1782 1544 1846 rumore
1602 1788 1960 1862 arguebatur

90 1875 155 1931 in
191 1874 579 1933 ambitionem
621 1873 875 1943 flexisse,
926 1869 1343 1931 huiuscemodi
1378 1875 1710 1932 orationem
1749 1873 1959 1950 coepit.

89 1960 275 2030 „Scio
315 1958 410 2020 .Ρ.
437 1957 505 2019 C.
534 1960 921 2017 constantiam
948 1980 1138 2016 meam
1165 1980 1198 2016 a
1224 1960 1522 2037 plerisque
1552 1959 1962 2028 desideratam,

24 2112 27 2134 ³
87 2048 293 2124 „quod
314 2043 491 2103 Asiae
518 2045 854 2103 civitatibus
891 2066 1083 2120 nuper
1107 2046 1269 2101 idem
1294 2046 1452 2102 istud
1474 2045 1810 2121 petentibus
1836 2065 1961 2102 non

90 2132 247 2203 „sim
270 2133 628 2190 adversatus,
715 2151 851 2205 ergo
881 2142 937 2188 et
959 2131 1176 2207 prioris
1201 2130 1422 2188 silentii
1444 2130 1869 2200 defensionem,
1905 2141 1962 2186 et

89 2218 286 2295 „quid
313 2217 378 2274 in
414 2218 684 2275 futurum
722 2217 1056 2287 statuerim,
1101 2217 1280 2273 simul
1315 2215 1594 2292 aperiam.
1681 2213 1836 2274 Cum
1867 2214 1963 2272 di-

24 2326 26 2330 ’
90 2323 246 2374 „vus
282 2298 586 2378 Aug-ustus
630 2302 745 2359 sibi
792 2314 965 2382 atque
1012 2303 1151 2360 urbi
1178 2299 1410 2361 Romae
1463 2302 1753 2378 templum
1800 2302 1960 2378 apud

1059 2522 1112 2569 τὸ
1153 2520 1306 2582 ἡρῷον
1342 2520 1369 2567 ὃ
1403 2524 1469 2579 τῷ
1500 2518 1761 2579 Αὐγούστῳ
1804 2525 1960 2567 ποιεῖν

1059 2579 1284 2639 ἤρξαντο,
1344 2579 1430 2626 οὐκ
1480 2576 1768 2648 &isael-coms,
1827 2579 1958 2648 ᾆφη-

1060 2643 1190 2699 ρέθη·
1253 2627 1955 2747 Mazagas.§araz-li:

90 2527 199 2572 Ner.
240 2543 281 2572 ο.
317 2526 359 2570 7.
451 2524 678 2594 Panegyr.
722 2523 985 2568 Maximiani

90 2603 131 2631 c.
156 2586 199 2630 6.
259 2585 336 2630 sic
363 2585 480 2628 bene
503 2582 552 2625 Li
588 2599 694 2627 sius.
754 2581 986 2626 Ernestius

26 2690 28 2699 ,
90 2659 324 2712 perperam
342 2641 452 2685 baec
470 2599 609 2686 vei-ga
632 2639 796 2700 accipit
819 2642 874 2683 de
896 2638 986 2682 ini-

91 2703 154 2745 tio
176 2698 497 2745 iurisdictionis
515 2707 556 2741 et
577 2698 726 2757 primo
747 2696 888 2755 gradu
909 2696 988 2739 ho·

91 2773 258 2803 norum
282 2756 587 2815 gerendorum
617 2763 662 2799 et
687 2754 752 2799 rei
779 2754 988 2813 publicae

1060 2701 1277 2742 bertatem
1301 2713 1322 2739 a

1094 2772 1148 2799 ue
1171 2754 1449 2805 reddiderat,
1479 2753 1569 2797 Dio
1595 2754 1662 2805 54,
1681 2752 1753 2798 23.
1803 2753 1958 2804 Vides,

26 2852 27 2876 ζ
92 2814 403 2875 capessendae.

26 2927 28 2935 .
150 2890 276 2946 quod
302 2902 334 2928 a
357 2884 556 2928 Caesare
582 2884 750 2937 palam
783 2882 986 2937 increpi-

26 2956 28 2988 ὲ
93 2954 208 2991 turn.
270 2943 445 3003 Lipsius
468 2940 522 2984 ad
547 2940 590 2984 h.
616 2940 643 2984 Ι.
689 2974 715 2993 „
730 2940 854 2993 lure,
886 2939 989 2998 quia

26 3003 28 3026 ⁵
91 3020 186 3048 non
210 3002 350 3046 seriae
378 3014 560 3051 causae,
600 2997 676 3041 sed
705 3000 825 3043 leves
848 3012 988 3063 quae-

25 3063 29 3085 ¹
93 3062 196 3106 dam
220 3068 331 3104 tunc
351 3058 418 3118 agi
445 3056 625 3101 solitae:
658 3055 803 3099 multo
839 3070 990 3098 minus

93 3117 298 3179 capitales
321 3125 364 3161 et
386 3114 551 3160 ominis
572 3113 687 3158 saevi
712 3130 766 3158 ac
795 3111 989 3157 seaevi.”

147 3204 340 3256 pubh'ce.
399 3199 457 3244 H.
481 3215 519 3243 e.
536 3197 772 3258 Cyzicenis
802 3204 851 3241 ut
876 3195 992 3241 civi-

95 3261 172 3304 tati
204 3259 377 3303 obiecta
407 3262 473 3302 est
503 3257 580 3301 illa
612 3255 801 3301 incuria.
861 3254 989 3298 Suel.

94 3318 198 3361 Tib.
233 3333 274 3361 e.
296 3315 368 3360 87.
400 3315 635 3371 Cyzicenis
650 3314 829 3367 publice
851 3314 988 3355 liber-

96 3382 243 3418 tatem
266 3375 460 3417 ademit.
519 3373 586 3418 ld.
601 3371 709 3416 Oct.
734 3387 775 3415 c.
794 3371 862 3415 17.
892 3369 998 3414 Tib.-

28 3437 29 3442 ’
94 3449 138 3478 c-
156 3434 228 3476 48.
257 3441 300 3476 el
323 3431 446 3477 alibi.

506 3430 598 3475 Dio
623 3430 692 3479 57,
712 3429 783 3472 24.
804 3430 880 3473 καὶ
893 3432 989 3470 Κυ-

93 3491 290 3562 ιζικηνῶί*
332 3487 360 3545 ἡ
392 3490 550 3534 &lev-‘h
581 3491 630 3532 ία
666 3481 805 3538 αὖθις
836 3484 908 3531 ὅτι
944 3498 993 3529 τε

104 3552 345 3609 Ρωμαίους
373 3546 499 3599 τινὰς
520 3547 543 3593 ἕ
575 3560 695 3602 noar
719 3548 796 3591 καὶ
821 3542 892 3592 ὅτι
917 3544 1003 3588 καὶ·

1082 2814 1261 2856 Jionem
1322 2811 1511 2860 habere,
1569 2811 1694 2870 quod
1753 2810 1955 2871 Ryckius

1062 2871 1180 2973 {Qud
1216 2869 1393 2914 nullum
1423 2884 1448 2912 e
1480 2868 1710 2918 veteribus
1742 2885 1954 2930 reppere-

1119 3027 1262 3069 quam
1297 3012 1417 3054 bello
1448 3011 1514 3056 M.
1547 3019 1838 3057 meruerant.
1897 3011 1956 3058 cf.

1064 3070 1255 3130 Appian.
1278 3069 1332 3112 B.
1359 3068 1521 3114 Mithr.
1554 3086 1600 3129 p.
1618 3070 1703 3114 221
1728 3086 1798 3130 sq.

1122 3168 1311 3211 Vibium
1347 3165 1594 3212 Serenum.

1063 3226 1123 3270 ef.
1148 3242 1190 3271 c.
1213 3227 1285 3269 28.

1673 3165 1748 3212 Sc.
1799 3165 1960 3211 fllium.

1121 3323 1235 3367 CAP.
1269 3321 1342 3367 37.
1411 3325 1630 3379 exemplo
1659 3323 1821 3366 Asiae.
1894 3321 1956 3366 cf.

1064 3395 1186 3442 supr.
1210 3396 1249 3426 c.
1272 3380 1340 3426 15.
1653 3393 1671 3402 ”

1113 3480 1210 3535 ρι’ὀί
1229 3486 1283 3524 αι

1067 3539 1175 3586 Oet.
1208 3554 1250 3584 c.
1276 3494 1346 3582 32.

1407 3478 1514 3522 urbi
1536 3477 1597 3520 R.
1671 3473 1744 3519 Cf.
1770 3472 1958 3521 Sueton.

1408 3536 1499 3581 Dio
1524 3535 1596 3583 51,
1619 3534 1692 3578 20.
