2222 4030
298 211 339 268 6
958 201 1472 266 'ANNALIUM

1848 206 1901 241 A.
1913 205 1966 240 U.
1987 206 2073 241 723.

1850 251 1903 284 A.
1925 249 1972 283 C.
2014 251 2076 284 31.

270 395 272 397 ,
301 336 380 394 ob
411 335 730 393 certamina
755 337 1087 414 potentium
1116 347 1174 394 et
1202 336 1512 392 avaritiam
1547 334 2019 411 magistratuum,
2063 339 2162 396 in-

298 422 496 478 valido
519 422 715 494 legum
735 421 970 492 auxiliO,
1010 443 1159 500 quae
1179 421 1268 490 vi,
1309 421 1559 490 ambitu,
1592 433 1886 501 postremo
1908 425 2163 500 pecunia

298 508 711 565 turbabantur.

469 589 581 650 ΙΙΙ.
627 589 903 648 Ceterum
925 587 1226 665 Augustus
1263 590 1523 646 subsidia
1558 590 1953 648 dominationi
1984 591 2165 651 Clau—

298 676 466 733 dium
498 674 851 756 Marcellum
902 678 1120 732 sororis
1172 674 1388 744 filium,
1454 676 1774 732 admodum
1818 678 2163 734 adulescen-

295 773 442 831 tem,
464 762 810 837 pontificatu
836 773 891 819 et
914 763 1108 818 curuli
1134 760 1454 830 aedilitate,
1488 759 1577 820 Μ.
1595 756 1949 837 Agrippam,
1988 763 2165 836 igno-

293 847 476 903 bilem
507 847 637 904 loco
651 893 666 918 ,

724 848 952 904 bonum
992 848 1206 904 militia
1251 856 1306 902 et
1346 846 1626 902 vic-toriae
1668 849 1920 918 socium,
1977 849 2163 922 gemi-

293 932 448 990 natis
476 933 877 990 consulatibus
907 933 1145 1003 extulit,
1187 949 1326 988 mox
1357 931 1632 988 defuncto
1660 931 1946 990 Marcello
1985 953 2163 1007 gene-

351 1071 406 1112 ob
437 1070 694 1112 certamina
723 1070 1002 1122 potentium.
1074 1068 1188 1110 Nam

291 1127 398 1170 inde
431 1144 455 1171 a
479 1127 632 1169 Mario
664 1135 706 1169 et
729 1126 850 1168 Sulla
876 1142 1063 1183 magnae
1096 1126 1188 1167 mi-

291 1185 431 1228 seriae
467 1201 515 1228 ex
542 1184 667 1227 bellis
692 1184 902 1228 civilibus
924 1184 972 1226 in
1000 1184 1188 1241 provin·-

293 1242 384 1286 cias
407 1241 788 1287 redundaverant.
838 1283 843 1289 ,

311 1328 319 1333 ⁷
346 1301 603 1343 avaritiam
656 1330 667 1342 .
722 1329 733 1340 .
790 1329 802 1341 .
862 1299 1186 1341 turbabantur.

291 1355 709 1400 Commentatorem
743 1354 874 1397 huius
901 1355 990 1398 loci
1025 1355 1185 1399 habeto

291 1412 563 1458 Ciceronem
594 1414 640 1456 in
668 1414 871 1461 Veirem.
920 1415 1186 1456 Avaritiam

289 1473 655 1524 magistratuum
696 1471 830 1514 etiam
872 1469 1053 1514 Sallust.
1085 1470 1182 1530 lug.

289 1529 426 1572 ‹:.4.3
450 1529 484 1573 f.
509 1537 748 1572 memoiat.
772 1528 937 1571 Noster
961 1529 1002 1579 4,
1022 1527 1065 1570 6.

346 1585 461 1630 CAP.
496 1584 539 1628 3
614 1587 816 1631 subsidia
856 1586 1184 1628 dominationi.

287 1642 446 1686 Festus
486 1643 744 1686 subsidzum
796 1644 1004 1700 explicat,
1063 1646 1186 1698 quod

283 1701 595 1754 postpositum
627 1708 696 1743 est
720 1703 789 1741 ad
818 1701 1185 1742 subveniendum

285 1758 621 1803 laborantibus,
708 1757 827 1801 Hinc
877 1758 984 1800 infr.
1030 1759 1072 1807 2,
1111 1756 1183 1800 55.

286 1817 522 1864 triremes,
557 1830 757 1869 quarum
784 1817 987 1858 subsidio
1016 1815 1186 1857 discri-

287 1874 410 1914 mini
452 1874 758 1915 eximeretur.
833 1873 929 1915 lam
974 1873 1185 1940 subsidia

285 1932 596 1973 dominationi
622 1930 784 1973 Noster
821 1930 929 1974 dicit
962 1947 1066 1979 eos,
1094 1930 1186 1998 qui

286 1987 528 2031 succedere
556 1986 766 2045 Augusto
798 1996 980 2045 possent
1014 1988 1061 2031 in
1093 1988 1184 2030 im-

285 2044 412 2111 perio
444 2045 638 2113 ideoque
669 2061 752 2102 pro
789 2046 987 2088 eiusdem
1028 2045 1183 2087 domi-

285 2101 467 2146 natione
506 2104 586 2146 niti
624 2103 855 2147 deberent.
935 2102 1052 2145 Nam
1087 2117 1182 2144 non

285 2159 499 2212 legiones,
526 2175 622 2203 non
644 2163 811 2202 classes
823 2163 1019 2213 perinde
1024 2159 1183 2216 firma

286 2215 474 2269 imperil
495 2219 813 2272 munimenta,
848 2234 988 2273 quam
1012 2233 1182 2260 nume-

284 2288 395 2315 rum
423 2277 672 2318 liberorum
704 2291 822 2323 esse,
863 2277 1183 2333 cognoscimus

286 2347 310 2374 e
335 2331 443 2376 Tae.
480 2333 593 2377 Hist.
619 2332 660 2384 4,
683 2333 754 2375 52.
814 2333 905 2375 Dio
930 2332 1090 2384 55,13.
1127 2333 1182 2376 de

284 2389 490 2452 Augusto
533 2399 636 2448 post
678 2391 966 2460 adoptionem
1012 2391 1183 2434 Tibe1ii

285 2455 328 2489 et
353 2439 637 2492 Germanici.
677 2449 765 2490 κᾶν.
787 2446 965 2492 τούτων
983 2448 1181 2504 ἐπιθαρ-

284 2500 427 2559 σήσας
446 2503 507 2554 ὥς
519 2509 596 2549 καὶ
612 2504 862 2562 διαδόχους
883 2507 961 2549 καὶ
981 2505 1186 2562 βοηθοὺς

286 2562 408 2619 ἔχων
446 2572 533 2607 etc.
624 2563 775 2607 Dativi
838 2581 862 2606 e
905 2565 1182 2607 substantivo

286 2621 521 2677 pendentis
538 2622 737 2679 exempla
760 2621 896 2664 babes
919 2621 1026 2664 infr.
1050 2637 1093 2666 c.
1101 2622 1180 2664 22.

280 2681 447 2746 plures.
467 2680 684 2722 seditioni
711 2682 863 2722 duces.
926 2696 968 2722 c.
993 2677 1068 2721 24.
1103 2694 1183 2721 re·-

288 2744 387 2778 ctor
428 2737 596 2780 iuveni.
656 2737 699 2785 2,
731 2736 804 2780 64.
849 2751 1013 2778 causas
1050 2738 1182 2780 bello.

289 2809 330 2836 c.
349 2794 420 2836 52.
438 2809 527 2846 per
544 2796 912 2849 quase-xercitui
929 2808 1182 2847 regressus.

288 2851 377 2894 An.
401 2850 444 2905 2,
470 2849 544 2894 33.
578 2856 772 2894 modum
808 2859 1030 2907 argentm·
1072 2852 1181 2894 ibid.

289 2925 332 2952 c.
366 2909 440 2951 60.
496 2912 622 2952 dona
666 2911 867 2963 templis.
896 2931 905 2935 -·
954 2909 1181 2965 Intelligas

289 2967 480 3012 verbum
502 2967 844 3010 substantivum.

346 3025 703 3066 adulescentem.

290 3082 464 3140 priores
499 3080 622 3124 Ann.
659 3081 796 3124 libros
828 3083 1097 3132 continens,
1143 3089 1187 3123 et

290 3140 397 3183 inde
429 3145 534 3181 vett.
571 3138 673 3181 edd.
709 3147 751 3181 et
776 3155 919 3195 nuper
942 3138 1185 3186 dekexus,

292 3197 383 3264 qui
423 3204 574 3239 tamen
618 3212 722 3238 mox
764 3212 860 3238 eain
917 3198 1186 3254 sciipturam

292 3253 445 3297 omisit
473 3253 683 3309 deditque
716 3253 763 3295 in
798 3253 892 3295 aliis
924 3255 1035 3296 locis
1068 3257 1190 3296 ado-

291 3315 398 3355 lesc.
463 3311 512 3353 In
541 3313 813 3376 scripturam
837 3313 964 3352 adul.
992 3327 1188 3355 consen-

291 3370 346 3412 tit
367 3368 468 3411 MS.
493 3368 620 3411 Flor.
644 3368 710 3411 lit.
737 3368 877 3423 Lang.
908 3384 994 3410 sci.

350 3426 603 3480 ignobilem
625 3428 738 3468 loco.
801 3423 872 3467 Cf.
888 3424 1047 3468 Senec.
1074 3442 1192 3468 con-

291 3493 485 3529 trovers.
535 3484 588 3532 2,
632 3484 700 3526 12.
765 3490 874 3524 extr.
942 3483 1193 3537 Vipsanius

291 3542 504 3596 Agrippa
522 3540 710 3597 fuerat.
775 3540 820 3582 V
819 3540 994 3595 ipsanii
1021 3555 1191 3583 nomen

766 3024 842 3068 Sic
865 3024 966 3067 cod.
983 3023 1087 3067 MS.
1113 3040 1186 3066 sex
1217 3055 1220 3058 ι

1260 1067 1399 1123 quasi
1428 1049 1766 1121 argumentum
1799 1077 2033 1123 paternae
2068 1072 2160 1111 hu·-

1259 1126 1473 1166 militatis
1500 1128 1752 1168 sustulerat
1786 1134 1831 1167 et
1859 1128 1925 1168 Μ.
1954 1130 2163 1181 Agrippa

1236 1222 1239 1223 γ
1259 1185 1514 1226 dicebatur.
1578 1184 1693 1225 Cum
1722 1185 1990 1239 defenderet
2013 1199 2161 1233 reum,

1246 1239 1346 1296 fuit
1368 1249 1623 1291 accusator,
1642 1242 1723 1296 qui
1733 1244 1902 1294 diceret
1915 1241 1978 1286 M.
1993 1242 2159 1296 Agrip-

1256 1313 1373 1351 pam
1407 1305 1452 1338 et
1489 1301 1613 1353 quod
1643 1301 1848 1340 medium
1873 1307 1955 1341 est.
2017 1301 2067 1340 V
2063 1303 2163 1340 ole-

1259 1355 1339 1396 bat
1364 1355 1648 1408 Vipsanium
1681 1356 1899 1410 intelligi.
1963 1355 2160 1400 Velleius

1257 1410 1298 1462 2,
1319 1411 1391 1454 96.
1419 1429 1516 1455 eam
1539 1413 1867 1469 ignobilitatem
1892 1412 2001 1456 dicit
2025 1416 2160 1456 novi-

1216 1477 1219 1480 ‘
1257 1475 1428 1521 tatem,
1458 1469 1619 1512 leniori
1643 1471 1868 1515 vocabulo
1895 1486 1975 1528 per
1997 1470 2158 1515 adula-

1255 1528 1432 1570 tionem
1466 1543 1588 1571 usus.

1315 1587 1487 1626 bonum
1510 1585 1694 1627 militia.
1755 1583 1857 1628 Nic.
1879 1584 2121 1629 Heinsius·
2109 1603 2158 1629 m

1258 1642 1556 1688 animadv.ers
1574 1641 1779 1686 emendat
1801 1643 2008 1694 militiae,
2034 1644 2159 1701 quod

1257 1698 1463 1742 Ernestio
1509 1707 1551 1742 et
1587 1699 1808 1765 Rupertio
1850 1701 1953 1743 satis
1994 1701 2157 1758 placet.

1258 1753 1529 1800 Graecismis
1557 1756 1678 1799 enim
1711 1757 1919 1800 delectari
1946 1756 2158 1801 Tacitum

1257 1814 1429 1858 dicunt.
1490 1814 1553 1856 At
1578 1812 1860 1857 Graecorum
1886 1823 1951 1857 est
1977 1813 2158 1870 ἀγαθὸς

1257 1869 1311 1913 τὰ
1336 1866 1589 1926 πολεμικά,
1626 1887 1720 1915 non
1743 1873 1837 1915 τῶν
1871 1874 2156 1930 πολεμικῶν.

1254 1928 1384 1972 Xeno
1419 1928 1462 1970 h.
1500 1930 1667 1986 Cyn-,op
1710 1932 1747 1979 1,
1781 1928 1821 1982 5,
1854 1929 1896 1971 9.
1980 1931 2154 1974 Aelian.

1256 2001 1354 2031 var.
1381 1946 1482 2029 liiist.
1509 1985 1550 2037 7,
1578 1987 1647 2027 14.
1708 1986 1794 2030 Hic
1826 1994 1979 2029 autem
2013 1989 2159 2031 bonus

1257 2052 1322 2086 est
1378 2043 1646 2110 διαφέρων,
1709 2051 1963 2102 praestanS,
2033 2045 2157 2104 quod

1258 2101 1442 2144 Graecis
1493 2102 1695 2167 ponitur
1731 2117 1838 2144 cum
1879 2101 2030 2148 dativo
2080 2102 2155 2147 vel

1257 2175 1363 2202 cum
1401 2157 1642 2225 praeposit.
1680 2159 1747 2203 ἐν.
1806 2159 1924 2201 Eum
1955 2159 2159 2204 dativum

1253 2216 1399 2259 Latini
1428 2216 1695 2284 expiimunt
1727 2216 1942 2260 ablativo.
2004 2217 2157 2261 Livius

1254 2273 1295 2325 4,
1318 2275 1362 2316 2.
1394 2274 1458 2317 sic
1474 2290 1591 2327 pace
1612 2276 1780 2329 bonos,
1809 2274 1874 2316 sic
1895 2274 2012 2317 bello
2024 2275 2152 2331 fieri.

1255 2331 1369 2374 Ibid.
1406 2348 1446 2375 c.
1473 2330 1518 2375 3.
1563 2332 1637 2373 vir
1655 2331 1804 2388 sortis
1836 2347 1901 2374 ac
1923 2339 2151 2383 s.,trenuus·

1249 2405 1367 2444 pace
1390 2391 1594 2444 belloque
1614 2390 1777 2432 bonus.
1842 2388 2023 2433 Sallust.
2052 2389 2150 2445 lug.

1256 2463 1295 2490 c.
1323 2446 1391 2490 13.
1424 2449 1544 2488 bello
1565 2448 1796 2489 rrzeliores.
1860 2447 1974 2488 thid.
2012 2464 2054 2491 c.
2079 2447 2152 2489 49.

1253 2503 1398 2548 Tacit.
1434 2504 1589 2547 Germ.
1630 2521 1670 2548 c.
1703 2505 1776 2548 32.
1809 2503 1844 2548 f.
1942 2504 2155 2548 Ceterum

1254 2562 1450 2604 militiae
1490 2562 1538 2604 in
1569 2561 1653 2604 hac
1687 2562 1801 2605 serie
1836 2570 1934 2604 tum
1971 2563 2157 2605 demum

1255 2634 1362 2662 cum
1395 2619 1579 2661 Heinsio
1606 2619 1772 2662 Noster
1807 2620 2080 2676 scripsisset,
2119 2619 2157 2661 si

1253 2677 1470 2720 voluisset
1497 2676 1644 2718 dicere
1668 2679 1839 2719 bonum
1864 2677 2039 2719 socium
2068 2678 2153 2719 mi·

1254 2734 1385 2776 litiae
1405 2742 1450 2775 et
1471 2734 1708 2777 victoriae.

1303 2790 1565 2845 'geminatis
1606 2794 1929 2835 consulatibus.
2012 2790 2156 2834 Intel-

1254 2849 1340 2907 lige
1399 2849 1685 2892 continuatos
1749 2850 2007 2893 consulatus
2069 2865 2155 2892 an·
2220 2878 2222 2886 ›

1254 2922 1421 2949 norum
1456 2922 1502 2964 p.
1537 2923 1583 2949 u.
1611 2922 1650 2949 c.
1674 2908 1759 2950 726
1785 2917 1828 2950 et
1850 2907 1951 2949 727.
2024 2907 2156 2950 Prius

1255 2965 1346 3008 iam
1386 2965 1544 3008 consul
1576 2965 1722 3008 fuerat
1752 2982 1824 3008 an.
1855 2965 1956 3007 717.
2032 2963 2155 3007 Con-

1258 3022 1425 3065 sulatus
1455 3037 1535 3078 per
1560 3022 1710 3087 plures
1735 3037 1877 3064 annos
1905 3021 2154 3065 continuati

1258 3080 1407 3121 honor
1432 3095 1610 3120 nonnisi
1618 3079 1915 3150 principibus
1950 3079 2151 3147 contigit.

1257 3136 1314 3179 Et
1327 3136 1558 3203 Augustus
1584 3134 1665 3180 τὸν
1677 3135 1938 3193 Ἀγρίππαν
1957 3133 2035 3186 ἐς
2014 3151 2155 3194 υπερ-

1258 3191 1399 3252 βολὴν
1426 3193 1527 3251 ἐτιμ
1533 3209 1578 3237 α.
1642 3194 1733 3237 Dio
1757 3194 1891 3244 53,1.

1336 3210 1554 3318 defuncto
1635 3252 1855 3294 Marcello
1933 3266 2155 3306 generum

1260 3310 1471 3362 sumpsit.
1534 3309 1694 3358 [uliam
1729 3310 1925 3377 primum
1960 3309 2156 3352 Marcel-

1261 3368 1333 3415 lo,
1367 3365 1578 3410 Octaviae
1604 3369 1774 3410 sororis
1798 3384 1900 3410 suae
1918 3367 2035 3418 filio,
2061 3376 2154 3410 tan-

1260 3434 1361 3468 turn
1389 3425 1513 3480 quod
1539 3424 1775 3480 pueritiam
1800 3441 2002 3483 egresso,
2032 3425 2152 3466 dein-

1264 3482 1334 3533 de,
1357 3490 1407 3523 ut
1429 3482 1465 3525 is
1487 3483 1611 3534 obiit,
1636 3481 1705 3524 M.
1718 3482 1942 3542 Agiippae
1962 3490 2155 3539 nuptum

1266 3539 1411 3588 dedit,
1454 3549 1632 3584 exorata
1665 3556 1846 3592 sorore,
1884 3549 1934 3583 ut
1964 3540 2048 3584 sibi
2076 3555 2154 3597 ge-
