2222 4030
1050 150 1059 170 t

254 252 374 314 126

917 248 1433 312 ANNALIUM

1779 251 1832 286 A.
1850 248 1904 288 U.
1929 251 2013 288 709.

1780 293 1832 332 A.
1856 292 1905 332 C.
1952 298 2012 332 16.
2047 299 2060 306 “

249 384 418 442 laevo
458 399 660 450 amne,
725 389 1098 459 erratumque
1146 380 1213 438 in
1257 401 1324 438 eo
1341 425 1359 451 ‚
1428 379 1590 457 quod
1635 391 1760 440 non
1811 387 2099 449 subvexit.

249 466 609 543 transposuit
640 465 890 524 militem
923 468 1153 524 dextras
1189 466 1254 520 in
1279 476 1463 522 terras
1493 466 1716 523 iturum
1730 490 1753 524 :J
1782 469 1880 526 vita
1902 473 2101 546 plures

251 554 378 612 dies
403 550 723 609 efficiendis
747 551 1030 628 pontibus
1056 550 1369 626 absumpti.
1452 547 1535 608 Et
1561 571 1736 627 eques
1763 555 2004 631 quidem
2035 578 2101 616 ac

251 638 513 712 legiones
533 635 725 711 prima
747 635 1032 694 aestuaria
1056 636 1326 692 nondum
1349 636 1714 694 adcrescente
1737 640 1898 696 unda
1918 641 2105 699 intre-

251 723 383 801 pidi
405 721 716 781 transiere:
770 734 1136 799 postremum
1159 721 1520 791 auxiliorum
1541 741 1752 796 agmen
1775 723 2104 804 Batavique

247 900 330 945 less
360 898 418 944 ad
449 897 497 943 hs
519 896 558 947 l..
608 898 670 943 At
701 912 855 942 nonne
886 896 1030 942 amnis
1067 895 1168 941 adu

247 955 450 1004 ventanti
495 955 624 1001 'classi
667 964 763 999 tum
808 954 940 998 etiam
988 955 1142 1000 laevus

247 1014 358 1064 fuit,
410 1013 448 1058 si
474 1012 746 1072 adpulerunt
779 1011 834 1054 ad
865 1012 1045 1056 citerius
1081 1011 1140 1054 la-

248 1072 356 1117 tus?
424 1070 538 1115 Nam
586 1069 660 1113 fac
705 1085 834 1112 naves
879 1068 1177 1123 constitisse,

246 1129 325 1174 ubi
350 1144 472 1172 nunc
495 1135 559 1171 est
583 1126 791 1183 Delfzyl,
822 1134 920 1169 tum
946 1125 1040 1169 sine
1063 1126 1141 1169 du-

247 1187 324 1232 bio
351 1201 477 1229 oram
502 1183 756 1229 citeriorem
784 1182 1032 1227 habuerunt
1046 1184 1144 1226 dex·

245 1251 389 1293 tram,
428 1258 606 1285 amnem
644 1242 830 1283 laevum.
906 1240 1041 1289 Vides
1079 1240 1144 1284 sic

248 1301 434 1345 nimiam
451 1316 544 1343 esse
559 1297 892 1356 ambiguitatem
911 1296 1141 1365 opinandi.

245 1355 327 1402 Sin
351 1373 456 1400 vero
491 1357 634 1400 amnis
671 1357 836 1397 laevus
867 1355 1030 1399 dicitur
1063 1370 1140 1397 re-

244 1416 410 1475 s'pectu'
451 1415 520 1457 sui
569 1413 729 1471 ipsius,
792 1414 954 1455 laevus
994 1410 1140 1455 amnis

244 1469 514 1530 non‘potest
541 1487 632 1514 esse
671 1468 756 1512 nisi
790 1469 966 1512 laevum
995 1468 1140 1513 amnis

243 1530 383 1581 latus,
413 1528 535 1585 quod
561 1527 806 1585 opponitur
836 1527 1004 1570 dextro.
1064 1525 1140 1569 Sic

243 1587 378 1643 vulgo
411 1585 642 1643 loquimur
668 1584 720 1626 de
754 1583 911 1627 dextris
938 1593 980 1627 et
1005 1582 1140 1629 laevis

241 1644 490 1688 fluviorum
518 1643 640 1699 ripis.
702 1641 820 1684 Tum
844 1643 1029 1685 classem
1063 1642 1139 1684 in-

242 1701 412 1757 telligas
447 1699 735 1743 constitutam
767 1701 815 1741 in
852 1699 987 1754 latere
1021 1699 1138 1742 occi·

243 1757 409 1803 dentati
444 1757 536 1799 eius
572 1755 723 1804 sinus,
768 1756 816 1799 in
840 1760 974 1814 quem
1000 1756 1138 1798 effun-

243 1816 365 1859 ditur
397 1814 592 1865 Amisia,
633 1814 708 1863 ubi
743 1830 866 1858 nunc
900 1823 964 1857 est
994 1813 1138 1869 Delf-

241 1876 340 1930 zyl;
390 1887 550 1919 vocem
591 1872 801 1914 Amisiae
847 1870 1038 1928 accipias
1067 1871 1135 1914 ·de

242 1931 345 1975 loco
369 1928 583 1979 stationis,
608 1928 773 1986 oppido
797 1930 1004 1976 autvico,
1029 1944 1135 1972 con·

239 1996 307 2032 tra
332 1986 550 2029 Amisiam
574 1983 827 2034 civitatem,
859 2002 972 2043 quae
1002 1986 1137 2028 hodie

242 2053 330 2093 est,
363 2043 464 2087 sito.
510 2043 655 2094 ‘Hanc
680 2043 1016 2100 explicationem
1057 2043 1139 2085 de-

241 2103 404 2147 derunt
427 2098 641 2142 Mannert
668 2100 731 2154 (in
749 2099 912 2153 Geogr.
932 2105 1041 2142 Ant.
1057 2099 1134 2142 111.

241 2176 287 2219 p.
318 2159 442 2216 104),
476 2155 707 2199 Wilhelm
737 2158 904 2210 (Heber
930 2158 1135 2199 Germa-

241 2217 366 2260 nien.
415 2213 636 2257 Weimar
671 2213 823 2270 1823),
877 2214 1131 2270 Cluverius,

238 2271 600 2320 Freinshemius,
668 2271 900 2314 Ernestius
952 2271 1132 2328 aliique.

238 2332 396 2390 Neque
420 2329 617 2380 dubites,
651 2328 732 2371 hos
762 2345 921 2371 verum
952 2327 1130 2373 vidisse.

243 2390 360 2434 Nam
384 2394 534 2444 aperte
555 2389 718 2428 laevus
745 2388 908 2429 amnis
937 2393 979 2428 et
1008 2389 1134 2427 dex-

241 2456 348 2491 trae
375 2456 538 2489 terrae
562 2443 636 2487 hic
657 2443 852 2489 invicem
877 2443 961 2487 sibi
987 2458 1135 2500 oppo-

237 2511 424 2550 nuntur.
505 2502 729 2544 Dextrae
783 2509 929 2543 autem
979 2510 1136 2542 terrae

238 2578 334 2606 non
368 2567 556 2618 possunt
576 2557 774 2614 »intelligi
807 2558 893 2601 nisi
918 2557 1134 2600 terracin

241 2621 390 2664 dextra
434 2616 630 2667 Amisiae
674 2615 769 2672 ripa
816 2613 975 2661 obviae
1019 2616 1136 2657 inter

237 2675 458 2721 Amisiam
483 2682 524 2716 et
538 2672 791 2729 Visurgim,
815 2673 862 2715 in
887 2688 996 2731 quas
1019 2671 1133 2714 itum

240 2750 334 2780 esse
355 2739 527 2776 constat
552 2747 574 2773 e
600 2730 903 2786 sequentibus.

298 2796 606 2844 erratumque
647 2788 694 2829 in
743 2803 821 2838 eo,
874 2788 998 2843 quod
1036 2799 1132 2827 non

237 2848 470 2892 subvexit.
541 2844 617 2888 Sc'.
652 2845 770 2888 intra
803 2842 1005 2894 fluminis
1053 2857 1132 2885 ora

238 2921 378 2964 usque
403 2904 457 2946 ad
483 2919 586 2947 eum
608 2902 785 2953 locum,
827 2902 905 2945 ubi
942 2900 1133 2943 militem

238 2980 264 3007 e
296 2961 484 3005 navibus
516 2961 562 3003 in
594 2961 788 3002 dextram
820 2959 961 3008 amnis
986 2959 1132 3016 ripam

240 3027 491 3077 exponeret.
563 3017 684 3059 Tum
720 3017 926 3074 evitasset
956 3015 1130 3058 incom-

239 3077 376 3122 moda
393 3091 496 3118 cum
513 3075 858 3132 transpositione
876 3074 1130 3118 coniuncta.

238 3134 530 3180 Subvehere,
572 3129 787 3189 ἀνάγειν,
832 3133 1015 3174 adverso
1037 3130 1131 3172 ssu-

240 3193 364 3236 mine
395 3189 573 3233 vehere.
635 3189 828 3232 cstinfr.
854 3205 894 3231 c.
917 3189 988 3231 60.
1025 3188 1131 3230 Nilo

238 3248 594 3292 subvehebatur.
653 3245 841 3289 sueton.
871 3246 968 3289 Cal.
992 3261 1032 3288 c.
1057 3244 1125 3288 15.

240 3308 351 3349 inde
385 3301 551 3358 (Ostia)
588 3302 799 3345 Romam
835 3303 992 3345 Tiberi
1017 3304 1128 3344 sub-

238 3372 408 3406 vectos.
452 3406 453 3409 Ἴ
481 3360 574 3402 lam
605 3359 869 3416 interpretes
902 3359 975 3403 hic
1008 3361 1131 3405 inve·

240 3421 372 3465 niunt
394 3417 547 3462 nescio
569 3417 677 3473 quid
696 3416 1015 3474 impedimenti,
1041 3433 1130 3473 quo

241 3477 392 3520 minus
427 3476 544 3518 bene
577 3474 790 3531 procedat
824 3474 993 3527 oratio;
1040 3475 1131 3516 Er-

241 3533 409 3578 nestius
446 3531 519 3578 vel
554 3530 602 3574 in
647 3530 963 3572 detrimentum
1006 3532 1129 3574 verbi

243 3591 537 3647 transposuit
579 3587 844 3635 sententiam
887 3587 1000 3632 tulit.
1071 3590 1130 3633 At

1212 896 1323 942 nihil
1368 898 1497 944 locus
1538 897 1737 952 laborat,
1788 899 1875 945 nisi
1908 901 2104 951 brevilo-

1211 955 1407 1014 quentia.
1477 954 1588 999 Post
1618 958 1838 1001 subvexit
1867 956 2104 1018 exspectas,

1213 1011 1482 1071 scriptorem
1518 1012 1802 1058 redditurum
1842 1032 1935 1059 esse
1965 1017 2105 1060 ratio-

1213 1086 1346 1122 nem,
1402 1086 1485 1116 cur
1529 1080 1731 1123 erratum
1754 1117 1757 1121 ,
1781 1089 1875 1116 esse
1925 1074 2103 1120 dixerit.

1215 1126 1397 1170 Omittit
1424 1132 1574 1170 'tamen
1606 1127 1733 1172 more
1758 1145 1839 1173 suo
1865 1129 1979 1173 hanc
2000 1127 2109 1188 p'ro·'

1214 1186 1463 1235 lusionem,
1522 1185 1752 1244 pergitque
1791 1186 1838 1229 in
1873 1188 2005 1230 rebus
2042 1188 2106 1231 ‹li-

1214 1241 1415 1294 cendis,.
1445 1257 1558 1299 quae
1586 1242 1823 1290 cohaerent
1857 1245 1944 1287 sic:
1997 1246 2105 1288 Non

1213 1298 1454 1348 subvexit,
1489 1299 1580 1343 ⁴sed
1623 1299 1806 1344 classem
1841 1301 2022 1360 reliquit
2058 1303 2104 1345 in

1213 1357 1417 1400 statione.
1479 1355 1846 1414 Iam‘quaeritur,
1873 1355 2105 1416 quomodo

1211 1414 1338 1457 miles
1385 1414 1555 1457 dextras
1595 1415 1642 1457 in
1681 1423 1820 1458 terras
1867 1416 2008 1460 iturus
2047 1429 2105 1460 ‘eo

1212 1471 1484 1530 pervenerit.
1582 1470 1843 1530 Respondet
1914 1483 2105 1518 auctor:

1213 1530 1500 1583 transposuit
1542 1530 1739 1572 militem
1789 1539 1877 1576 etc.
1964 1531 2106 1589 igitur

1211 1584 1500 1644 transpositio
1531 1585 1777 1644 opponitur
1795 1589 2106 1641 subvectioni,

1213 1646 1261 1686 et*
1308 1643 1469 1686 ceteris
1521 1644 1753 1697 vocabulis
1811 1642 2105 1708 praeponitur

1210 1701 1399 1745 verbum
1453 1705 1764 1758 transposuit,
1825 1704 1926 1762 qnia
1979 1719 2105 1762 prae-

1211 1759 1343 1816 cipua
1392 1756 1602 1802 ei⁸²inest
1650 1759 1745 1802 vis:
1814 1761 2104 1820 transposuit,

1212 1831 1351 1874 quum
1392 1813 1615 1858 debuisset
1653 1817 1916 1862 subvehere.
1994 1817 2105 1862 Ger·

1210 1872 1411 1917 manicez'
1438 1873 1532 1916 Die
1555 1873 1709 1916 ontte
1732 1879 1871 1917 ward
1891 1890 1951 1918 zu
1967 1875 2102 1918 Ami-

1210 1931 1285 1973 sia
1315 1928 1396 1972 cirri
1429 1930 1591 1973 lin'ken
1626 1931 1741 1987 Ufer
1773 1933 2105 1988 zuritckgelus-

1214 2001 1298 2030 sen
1333 1991 1430 2030 und
1451 1988 1606 2030 dorin
1649 1989 1849 2045 gefehlt,
1900 1989 2009 2048 dass
2054 2007 2106 2034 er·

1208 2045 1334 2086 nicht
1355 2045 1587 2099 aufivc'irts
1599 2045 1752 2101 sehr.-
1792 2061 1844 2089 er
1860 2050 2103 2099 vsetztffdie

1208 2101 1510 2157 Mannsclzast‘
1551 2105 1774 2156 hinuber,
1840 2103 2007 2148 welche?
2052 2106 2100 2148 in

1208 2163 1298 2201 das
1320 2159 1458 2200 Lana
1476 2162 1630 2202 rechts
1651 2163 1804 2203 sollte.
1868 2162 1954 2205 Alii
1987 2159 2111 2210 mire¹

1208 2216 1316 2259 haec
1337 2215 1645 2259 confundunt=
1671 2226 1710 2260 et
1724 2218 1897 2276 Lipsius
1919 2219 2100 2277 quidem

1208 2273 1422 2331 opinione
1454 2289 1531 2316 sua
1565 2274 1795 2333 deceptus,
1827 2292 1916 2335 qua
1951 2277 2102 2322 classis

1205 2330 1444 2372 stationem
1481 2330 1537 2373 ad
1570 2332 1773 2375 dextrum
1805 2335 1947 2379 amnis
1988 2333 2101 2379 latus

1205 2385 1343 2430 fuisse
1366 2388 1610 2431 contendit.
1671 2389 2000 2437 Freinshemius
2022 2393 2115 2438 du·.

1204 2444 1383 2502 pliciter
1406 2455 1602 2488 erratum
1626 2456 1772 2506 putat,
1802 2448 1952 2507 primo
1977 2450 2102 2507 quod

1207 2517 1304 2544 non
1327 2503 1570 2555 subvexit,
1632 2505 1795 2548 deinde
1837 2507 1977 2562 qnod.
2005 2522 2100 2552 non

1206 2560 1581 2617 transposuihut
1610 2562 1670 2604 ita
1699 2562 1788 2610 hoc
1810 2563 2100 2609 vex-buniade

1206 2615 1296 2659 huc
1328 2618 1515 2674 pendeat
1538 2633 1568 2659 se
1599 2619 1817 2675 particula
1841 2625 2002 2674 quad„
2030 2622 2106 2670 ‚At

1206 2681 1301 2715 tum
1324 2673 1486 2731 copula
1514 2684 1604 2716 erat
1626 2676 1855 2728 addenda,
1883 2693 1995 2734 quae
2027 2677 2105 2724 hic,

1205 2728 1356 2772 omitti
1391 2731 1618 2788 nequibat.
1692 2732 1809 2776 Sunt
1851 2735 1983 2779 etiam
2023 2736 2101 2793 qui

1203 2786 1458 2845 intelligant
1488 2793 1590 2831 vsed
1643 2800 1743 2833 ante
1795 2794 2100 2845 transposuit.

1206 2842 1484 2888 Maluerimz
1520 2890 1523 2892 ,
1576 2849 1842 2898 nimirum,
1911 2850 2107 2898 scilicet„

1203 2901 1457 2951 Punctum,
1502 2903 1625 2960 quod
1667 2914 1768 2948 ante
1809 2909 2100 2961 transposuit

1204 2959 1464 3015 reponimus
1477 2982 1498 3009 ,1
1547 2960 1640 3004 iam
1689 2962 1867 3020 pridem
1921 2973 2012 3007 erat
2050 2965 2098 3008 in

1203 3025 1313 3061 vett.
1345 3017 1446 3059 edd.
1856 3064 1859 3067 ,
2107 3063 2110 3069 ,

1263 3073 1512 3130 efficiendis
1549 3077 1780 3129 pontibus.
1867 3076 2098 3121 Ernestius

1203 3145 1284 3189 per
1316 3131 1547 3188 enallagen
1582 3133 1742 3191 accipit
1773 3133 1828 3175 de
1861 3149 1952 3176 uno
1984 3152 2095 3191 pon·

1204 3197 1270 3240 te,
1303 3203 1392 3245 quo
1427 3189 1646 3231 Amisiam
1681 3205 1861 3232 amnem
1888 3192 2094 3236 iunxerit.

1201 3244 1290 3287 Res
1323 3255 1471 3287 tamen
1505 3245 1723 3304 postulat,
1768 3257 1818 3290 ut
1850 3249 2095 3306 cogitemus

1204 3302 1258 3344 de
1282 3303 1493 3360 pontibus
1516 3319 1614 3345 non
1638 3303 1785 3347 solum
1813 3320 1944 3361 super
1972 3307 2095 3349 Ami-

1203 3358 1340 3408 siam,
1369 3360 1443 3401 sed
1466 3361 1598 3403 etiam
1623 3377 1755 3418 super
1776 3363 1991 3406 aestuaria
2022 3381 2095 3422 pa·

1204 3415 1419 3473 ludesque
1458 3418 1623 3474 positis.
1691 3418 1767 3461 Sic
1802 3422 1839 3467 1,
1867 3421 1934 3462 61.
1975 3421 2092 3463 Cae-

1202 3474 1305 3515 cina
1331 3476 1640 3525 praemissus,
1673 3484 1726 3517 ut
1748 3486 1915 3529 pontes
1939 3486 1983 3519 et
2005 3492 2092 3531 ag-

1201 3545 1332 3586 geres
1359 3533 1554 3573 humido
1577 3535 1808 3586 paludum
1830 3543 1873 3577 ct
1892 3535 2089 3591 fallaci-

1202 3591 1283 3632 bus
1303 3592 1476 3650 campis
1495 3591 1770 3643 imponeret.
