2222 4030
1726 183 1780 219 A.
1794 181 1846 218 U.
1867 181 1947 218 76⁷.

1726 226 1779 262 A.
1799 224 1847 264 C.
1889 227 1949 262 14.

184 191 264 251 12
363 225 434 247 ,ι
768 213 775 238 z
855 180 1363 247 ANNALIUM

178 315 391 376 urbem
423 309 640 373 Nolam
678 332 756 371 an
793 315 1119 372 exanimem
1152 314 1493 390 reppererit.
1590 314 1825 373 acribus
1865 339 2037 375 nam-

176 422 297 479 que
320 400 601 459 eustodiis
627 399 870 457 domum
898 411 956 456 et
984 401 1109 456 vias
1142 412 1396 475 sepserat
1414 397 1614 457 Livia:
1656 400 1909 478 laetique
1939 406 2037 460 in-
2067 459 2079 465 ,

176 488 412 546 terdum
449 485 649 542 nuntii
678 486 1102 559 vulgabantur‚
1146 486 1334 541 donec
1367 480 1649 561 provisis,
1705 508 1853 563 quae
1888 499 2036 545 tem-

178 589 290 649 pus
340 572 654 641 monebat,
702 571 915 628 ‚simul
954 570 1275 626 excessisse
1328 565 1665 645 Augustum
1716 583 1773 629 et
1836 593 2036 630 rerum

177 656 359 732 potiri
378 653 679 714 Neronem
703 654 859 712 fama
887 656 1089 712 eadem
1114 654 1270 713 tulit.

348 749 456 813 VI.
509 751 789 810 Primum
812 752 1040 808 facinus
1073 750 1215 807 novi
1241 750 1606 828 principatus
1636 752 1750 809 fuit
1769 752 2037 811 Postumi

175 834 473 914 Agrippae
517 838 744 895 caedes:
799 858 974 913 quem
1010 837 1282 909 ignarum
1318 836 1728 914 inermumque
1768 841 2036 915 quamvis

174 926 438 981 firmatus
469 923 666 980 animo
702 922 966 980 centurio
1005 940 1171 994 aegre
1206 921 1473 980 confecit.
1555 920 1723 979 Nihil
1764 925 1836 980 de
1876 946 1940 981 ea
1971 946 2036 981 re

175 1007 454 1068 Tiberius
483 1009 643 1084 apud
669 1020 936 1064 senatum
967 1005 1265 1062 disseruit:
1308 1007 1490 1080 patris
1517 1007 1674 1063 iussa
1705 1009 2035 1080 simulabat,

174 1095 391 1172 quibus
447 1094 912 1170 praescripsisset
953 1092 1195 1147 tribuno
1243 1091 1540 1148 custodiae
1588 1093 1856 1167 adposito
1876 1139 1892 1163 ,
1961 1115 2036 1152 ne

172 1187 546 1237 canctaretur
581 1174 909 1254 Agrippam
948 1186 1139 1233 morte
1176 1176 1448 1246 adficere,
1517 1178 1872 1254 quandoque
1912 1179 2037 1255 ipse

172 1284 513 1342 supremum
549 1263 708 1322 diem
745 1262 1108 1339 explevisset.
1206 1259 1404 1319 Multa
1444 1262 1572 1319 sine
1612 1263 1795 1321 dubio
1836 1283 2037 1322 saeva-

1136 1441 1319 1496 bertus3
1371 1441 1482 1486 Tac.
1516 1442 1604 1486 An.
1647 1443 1689 1493 6,
1723 1445 1795 1488 20.
1828 1443 2036 1490 Tiberius

1139 1499 1322 1544 Graecis
1351 1501 1492 1544 verbis
1533 1500 1770 1546 adlocutus
1797 1519 1891 1546 esse
1922 1503 2036 1547 Gal-

1136 1559 1242 1603 bam
1272 1567 1382 1602 tunc
1410 1558 1643 1603 consulem
1676 1559 1865 1613 dicitur;
1908 1561 2033 1606 Suet.

1136 1616 1185 1659 in
1235 1614 1365 1659 Galb.
1419 1633 1456 1660 c.
1496 1613 1539 1659 4.
1598 1616 1735 1659 refert
1777 1617 2034 1676 Augustum

1136 1690 1277 1741 ppero
1314 1673 1461 1718 adhuc
1495 1673 1662 1718 Galbae
1700 1675 1775 1719 illa
1812 1678 1943 1720 verba
1975 1676 2038 1720 di-

1137 1749 1266 1775 xisse.

169 1444 217 1489 in
253 1443 488 1504 Illyricum
533 1449 716 1486 euntem
751 1440 1064 1487 Beneventum

169 1518 313 1561 usque
385 1509 650 1560 prosecutus
712 1500 759 1543 in
830 1499 1064 1543 redeundo

169 1568 405 1659 agffiravata
459 1558 711 1602 valetudine
761 1556 905 1601 Nolae
957 1573 1068 1600 suc-

169 1633 224 1660 cu
262 1617 340 1661 uit.
413 1615 537 1658 Suet.
577 1614 685 1659 Oct.
727 1631 765 1658 c.
794 1615 866 1658 98.
947 1614 1064 1658 vell.

166 1673 210 1725 2,
244 1673 341 1718 123.
412 1673 504 1716 Dio
530 1672 600 1724 56,
630 1673 701 1716 29.
736 1672 809 1717 46.
871 1671 932 1716 At
968 1672 1066 1715 Eu-

165 1732 342 1790 tropius
376 1731 417 1782 7,
452 1730 496 1774 8.
565 1730 687 1773 Obiit
721 1754 780 1766 —
814 1731 864 1773 in
900 1730 1067 1785 oppido

171 1788 460 1845 Campaniae
480 1788 657 1832 Atella.

168 1871 175 1877 ·
224 1858 407 1902 acribus
430 1889 443 1902 .
465 1891 475 1901 .
493 1890 507 1902 .
531 1866 746 1913 sepserat
772 1858 925 1903 Livia.
974 1857 1066 1902 Dio

167 1916 237 1969 56,
263 1914 336 1960 31.
393 1916 545 1959 Heins.
579 1917 760 1960 volebat
793 1917 1068 1960 arctioribus

165 1991 252 2033 pro
287 1976 487 2018 acribus.
548 1974 745 2017 Frustra.
791 1974 850 2018 cf.
892 1973 995 2018 infr.
1023 1973 1066 2026 2,

163 2032 236 2076 43.
282 2034 511 2075 acerrimo
536 2031 805 2076 ministerio.

224 2102 337 2148 CAP.
371 2103 414 2145 6.
493 2101 710 2145 Primum
744 2102 936 2159 facinus
977 2112 1063 2148 etc.

165 2159 259 2225 Dio
284 2160 352 2213 57,
374 2159 418 2204 3.
479 2159 603 2204 Suet.
630 2159 733 2204 Tib.
767 2177 807 2203 c.
833 2161 905 2204 22.

223 2234 565 2288 inermumque.
613 2230 674 2274 Su
713 2240 826 2274 erest
846 2231 954 2275 haec
974 2230 1065 2273 for-

163 2304 239 2334 ma
280 2289 388 2332 infr.
429 2305 470 2333 c.
496 2290 567 2332 51.
648 2247 760 2333 liist.
788 2288 830 2338 3,
859 2289 886 2332 6
923 2296 965 2331 et
991 2289 1062 2332 77.

161 2346 285 2393 Alibi
331 2349 520 2391 inermis
564 2347 653 2390 An.
690 2347 731 2397 6,
764 2346 835 2390 31.
890 2345 957 2398 15,
992 2347 1064 2389 67.

163 2405 234 2458 16,
260 2404 304 2447 9.
376 2403 490 2448 Hist.
524 2406 562 2456 1,
590 2405 632 2447 6.
676 2405 742 2448 11.
776 2406 848 2447 40.
887 2405 961 2448 79.
1022 2405 1065 2454 2,

163 2464 236 2506 81.
255 2461 327 2506 83.
345 2461 416 2504 88.
449 2461 491 2514 3,
516 2462 587 2505 73.
650 2462 738 2504 An.
767 2464 805 2511 1,
828 2462 899 2505 46.
931 2463 1063 2505 etiam

163 2530 229 2564 est
261 2519 474 2563 inermia.
536 2519 845 2564 Librariorum
888 2536 1064 2579 operae,

164 2595 221 2621 an
258 2578 341 2634 ipsi
378 2577 538 2621 Tacito
575 2577 686 2621 haec
727 2579 912 2620 varietas
957 2578 1064 2620 scri·

163 2635 299 2679 bendi
324 2635 380 2678 sit
405 2635 667 2682 tribuenda,
699 2634 769 2680 vix
784 2635 1031 2690 dignosces.

226 2699 448 2747 ee'nturio.
529 2704 767 2748 Consentit
812 2703 903 2747 Dio
957 2705 986 2748 l.
1029 2704 1059 2747 l.

165 2762 407 2806 Suetonius
433 2761 562 2805 habet
588 2763 840 2806 tribunum.
887 2762 1064 2820 Lipsius

167 2820 418 2862 dissensum
443 2819 501 2862 ita
527 2819 666 2871 tollit,
697 2827 786 2862 uta
804 2821 1066 2862 centurione

166 2877 368 2926 occisum
400 2877 611 2933 accipiat,
655 2885 698 2920 at
727 2877 847 2920 iussu
877 2877 1062 2920 tribuni.

166 2934 285 2977 Satis
321 2933 504 2992 quidem
542 2934 798 2990 probabile3
828 2951 930 2978 nam
963 2951 1066 2977 mox

167 2992 299 3034 etiam
327 2990 444 3048 apud
471 2989 683 3032 Nostrum
727 2993 894 3034 mentio
924 2992 1065 3035 iniici·

166 3057 242 3092 tur
269 3048 438 3091 tribuni
467 3048 694 3090 custodiae
729 3049 933 3106 adpositi.
1002 3049 1065 3091 At

170 3105 332 3150 deinde
370 3105 551 3149 Tacitus
588 3106 765 3148 scribit:
821 3107 1070 3149 nuntianti

168 3165 450 3213 centuriom'3
491 3161 680 3205 Sueton.
711 3178 845 3207 vero:
885 3178 1064 3206 renun-

171 3222 312 3263 tianti
354 3221 548 3262 tribuno.
633 3218 684 3261 In
728 3219 886 3263 talibus
930 3223 1064 3264 rebus

169 3295 263 3321 non
301 3277 436 3320 semel
467 3275 632 3323 diversi
669 3285 773 3320 sunt
805 3280 1064 3335 scriptores.

170 3336 248 3378 Sic
273 3334 382 3378 Tac.
411 3334 522 3378 Hist.
550 3336 592 3386 4,
615 3333 686 3377 81.
722 3335 846 3376 alius
869 3350 1065 3378 manum

169 3407 311 3447 aeger·
345 3393 462 3449 apud
506 3391 631 3434 Suet.
666 3391 799 3450 Vesp.
839 3408 878 3434 c.
915 3393 957 3434 7.
1002 3401 1067 3435 est

170 3451 294 3492 alius
317 3451 456 3491 debili
474 3464 632 3501 στανος
659 3448 767 3492 Tac.
786 3448 902 3493 Hist.
930 3449 973 3500 4,
991 3451 1064 3492 82.

170 3507 408 3550 Basilides
449 3523 474 3549 e
511 3507 788 3565 primoribus
818 3507 1067 3566 Aegyptio-

171 3580 274 3609 rum
302 3564 518 3609 Suetonio
545 3565 576 3608 l.
605 3565 635 3610 l.
674 3572 740 3609 est
772 3564 982 3609 Basilides
1010 3565 1069 3608 li-

1195 1816 1352 1855 aegre.
1413 1800 1576 1846 Wolf.
1618 1811 1742 1846 recte
1779 1805 1950 1863 accepit
1983 1806 2038 1850 de

1137 1860 1292 1903 labore
1330 1860 1505 1912 caedis,
1550 1861 1779 1904 obnitente
1819 1864 2035 1920 praevali·

1140 1918 1198 1961 do
1225 1917 1407 1960 homine
1435 1926 1502 1967 et,
1534 1916 1750 1976 quantum
1787 1921 1918 1963 nudis
1944 1938 2034 1964 ma-

1136 1976 1270 2018 nibus
1287 1983 1485 2032 poterat,
1515 1976 1627 2018 ictus
1646 1976 1876 2020 reddente.
1929 1978 2034 2022 Cer·

1137 2033 1262 2076 nitur
1297 2034 1341 2074 in
1376 2031 1463 2075 hoc
1499 2031 1637 2075 homo
1673 2036 1839 2076 robore
1869 2052 2035 2090 eorpo-

1135 2091 1201 2132 ris
1249 2091 1418 2132 stolide
1458 2089 1641 2145 ferox,
1705 2092 1880 2190 qualem
1932 2094 2036 2139 dixit

1136 2148 1383 2206 Agrippam
1418 2163 1458 2189 c.
1493 2147 1536 2191 3.
1598 2147 1708 2191 Simi
1731 2149 1765 2192 is
1803 2149 1932 2194 locus
1968 2168 2033 2194 ex·
2070 2195 2076 2205 ,

1137 2215 1222 2248 stat
1248 2205 1337 2247 An.
1365 2205 1430 2256 16,
1456 2205 1499 2248 9.
1562 2205 1793 2249 Broterius
1822 2209 1876 2251 ad
1904 2210 2034 2252 mise-

1135 2263 1378 2306 ricordiam
1441 2264 1714 2306 centurionis
1764 2267 2031 2310 vocabulum

1137 2335 1277 2374 aegre
1303 2321 1538 2364 referebat.

1128 2402 1134 2410 ¹
1193 2393 1423 2446 adposito.
1468 2389 1544 2434 Sic
1572 2391 1672 2434 edd.
1691 2392 1793 2435 Ber.
1823 2402 1865 2436 et
1886 2394 2032 2439 Rhen.
2111 2404 2122 2424 ‘

1135 2465 1217 2509 per
1249 2466 1320 2491 sex
1351 2449 1522 2506 priores
1549 2447 1672 2492 Ann.
1716 2451 1880 2494 libros:
1923 2453 1964 2503 2,
1988 2453 2032 2498 7.

1135 2509 1205 2550 31.
1239 2507 1310 2549 68.
1354 2507 1395 2558 3,
1420 2507 1493 2550 38.
1528 2505 1567 2557 4,
1597 2504 1667 2550 54.
1693 2508 1763 2551 60.
1827 2508 2036 2566 Sequen-

1133 2573 1200 2608 tes
1229 2565 1420 2607 editores
1446 2563 1518 2606 hic
1545 2568 1781 2618 opposito,
1816 2567 1917 2610 alibi
1945 2571 2035 2609 ad-

1130 2637 1232 2677 pos.
1270 2621 1447 2664 dedere.
1510 2622 1625 2664 Vide
1657 2639 1740 2666 nos
1770 2625 1818 2667 in
1858 2627 2034 2682 praefa-

1134 2679 1274 2722 tione.

1194 2749 1412 2806 adficere.

1135 2806 1280 2851 Rhen.
1315 2823 1415 2865 sqq.

1485 2748 1562 2792 Sic
1606 2750 1706 2794 edd.
1742 2752 1948 2798 Beroald.
1993 2766 2037 2801 et

1491 2807 1678 2859 Nescio,
1724 2826 1813 2866 quo
1853 2814 1949 2856 iure
1993 2824 2036 2858 et

1139 2864 1325 2908 consilio
1381 2866 1649 2909 recentiores
1695 2869 1885 2911 editores
1935 2888 2034 2914 eam

1135 2922 1331 2965 formam
1369 2921 1476 2967 hinc
1518 2923 1784 2980 expulerint,
1840 2936 1889 2969 ut
1929 2931 2034 2971 seri-

1136 2981 1294 3023 berent
1339 2980 1553 3037 afficere,
1605 2996 1746 3037 quum
1786 2983 1887 3026 alibi
1937 2986 2034 3028 red-

1138 3038 1246 3080 dant
1271 3040 1484 3094 adficere.

1194 3111 1481 3164 quandoque.
1543 3109 1618 3152 Sic
1654 3109 1756 3153 MS.
1794 3119 1903 3156 teste
1940 3113 2030 3162 Iac.

1140 3164 1394 3209 Gronovio.
1419 3166 1663 3210 Beroaldus
1678 3168 1877 3213 ediderat
1892 3186 2032 3226 quan-

1136 3227 1373 3277 docunque
1398 3223 1475 3278 (cf.
1504 3223 1584 3267 inf.
1610 3225 1650 3276 4,
1676 3225 1773 3282 38),
1804 3236 1846 3271 et
1871 3229 1935 3271 sic
1958 3229 2031 3272 ha-

1136 3282 1245 3324 bent
1274 3280 1373 3322 edd.
1406 3297 1505 3338 sqq.
1547 3299 1688 3339 usque
1720 3285 1774 3326 ad
1799 3284 1887 3328 Iac.
1919 3285 2033 3329 Gro-

1137 3338 1327 3380 novium
1343 3346 1386 3380 et
1398 3338 1674 3392 Ernestium,
1707 3341 1782 3398 qui
1803 3344 2035 3387 restituere

1138 3394 1260 3437 MSti
1301 3395 1565 3448 lectionem,
1599 3399 1855 3451 ol›se1·vat0‚
1892 3403 2034 3444 bonae

1138 3452 1367 3495 latinitatis
1390 3469 1483 3496 esse
1499 3458 1774 3511 quandoque
1793 3473 1874 3514 pro
1891 3474 2034 3514 quan·

1140 3512 1397 3566 docunque.
1457 3511 1532 3555 Sic
1567 3512 1668 3556 Liv.
1702 3515 1742 3565 1,
1768 3513 1840 3561 31.
1890 3516 2034 3559 Μαη-

1140 3568 1198 3610 sit
1235 3576 1357 3611 certe
1391 3572 1619 3622 solemne,
1655 3578 1727 3623 ut,
1763 3577 2035 3631 quandoque
