2222 4030
1786 215 1838 253 A.
1855 217 1910 251 U.
1922 218 2004 253 734.

1786 259 1838 295 A.
1857 259 1913 300 C,⁴
1950 264 2008 298 31.

239 235 363 295 372
919 222 1165 287 ANNA
1178 222 1335 282 LIU
1350 221 1420 279 M

241 366 305 421 in
331 378 621 419 carcerem
643 357 801 426 filius
834 354 1275 429 imminentium
1308 351 1668 424 intelligenS,
1711 353 1908 427 puella
1943 354 2089 410 adeo

240 448 463 515 nescia,
505 455 572 501 ut
595 440 800 510 crebro
827 442 1243 513 interrogaret,
1286 437 1447 513 quod
1471 438 1549 493 ob
1572 435 1853 494 delictum
1886 449 1944 495 et
1971 459 2090 515 quo

240 529 610 591 traheretur?
678 523 870 604 neque
905 529 1190 584 facturam
1228 523 1411 580 ultra:
1468 533 1540 578 et
1559 539 1728 597 posse
1775 542 1836 579 se
1873 523 2093 598 puerili

236 619 479 676 verbere
517 613 770 672 moneri.
855 611 1128 668 Tradunt
1159 608 1441 684 temporis
1468 608 1595 664 eius
1618 619 1914 678 auctoreS‚
1955 609 2094 685 quia

236 700 595 773 triumvirali
617 698 902 774 supplicio
942 694 1113 751 adfici
1137 693 1437 767 virginem.
1461 693 1801 751 inauditum
1818 689 2095 753 habeb-a-

235 802 364 856 tur,
405 802 438 843 a
474 785 749 858 carnifice>
769 784 1047 859 laqueum
1068 780 1230 836 iuxta
1252 787 1671 859 compressam:
1713 778 1849 835 exin
1888 778 2094 838 oblisis

234 873 503 931 faucibus
528 870 591 927 id
618 868 820 927 aetatis
845 885 1092 940 corpora
1118 865 1183 940 in
1212 862 1536 921 Gemonias
1561 864 1801 923 abiecta.

403 971 478 1031 X.
532 967 647 1026 Per
684 969 840 1023 idem
866 976 1098 1039 tempus
1133 961 1275 1020 Asia
1310 974 1484 1039 atque
1524 956 1749 1018 Achaia
1788 961 2093 1017 exterritae

234 1068 371 1113 sunt
406 1054 527 1113 aeri
563 1053 747 1126 magis
779 1071 958 1127 quam
997 1049 1280 1106 diuturno
1319 1064 1587 1116 rumore,
1642 1045 1903 1102 Drusum
1939 1043 2094 1101 Ger—

230 1142 447 1198 manici
481 1141 670 1196 filium
706 1137 863 1211 apud
881 1133 1172 1212 Cycladas
1204 1133 1457 1202 insulem,
1497 1153 1635 1188 mox
1670 1132 1735 1187 in
1765 1130 2094 1187 continenti

232 1229 440 1285 visum.
530 1237 585 1280 et
608 1233 730 1279 erat
762 1221 993 1278 iuvenis
1031 1216 1192 1276 haud
1231 1219 1454 1295 dispari
1491 1229 1702 1287 aetate,
1738 1216 2095 1293 quibusdam

231 1310 494 1370 Caesaris
530 1308 757 1365 libertis
794 1307 957 1363 velut
991 1306 1224 1379 agnitus
1261 1324 1368 1381 per
1399 1298 1723 1380 dolumque
1759 1301 2094 1359 comitanti-

281 1554 443 1608 puella
462 1553 582 1593 adeo
605 1549 778 1592 nescia.
839 1547 931 1591 Dio
962 1544 1029 1598 58‘,
1053 1547 1121 1589 11.

228 1619 414 1655 testatur
444 1608 559 1651 hanc
585 1607 775 1650 eandem
797 1605 958 1654 fuisse,
991 1621 1122 1662 quam

226 1675 331 1713 ante
370 1665 602 1717 undecim·
625 1679 772 1707 annos
811 1663 906 1708 filio
947 1661 1123 1707 Claudii

228 1724 526 1783 desponderat
557 1722 785 1764 Tiberius.
838 1719 898 1765 cf.
926 1735 1051 1777 supr.
1082 1718 1125 1771 3,

225 1784 296 1825 29.
368 1781 462 1824 Iam
497 1795 602 1823 vero
637 1777 814 1836 Ryekio
849 1777 1016 1820 mirum
1053 1778 1124 1822 vi·-

227 1840 379 1889 detur,
410 1838 446 1881 si
469 1837 607 1880 suerit
628 1843 747 1879 adeo
773 1837 928 1878 nescia
954 1850 1125 1878 annum

225 1895 376 1940 aetatis
406 1893 732 1949 duodecimum
764 1902 862 1937 tum
895 1892 950 1936 ad
983 1893 1123 1935 mini-

223 1969 353 1997 mum
389 1968 539 2011 agens.
628 1952 746 1995 Sunt
782 1960 932 1994 tamen
971 1951 1126 1999 verba,

226 2026 338 2069 quae
384 2009 558 2069 puellae
601 2007 923 2053 duodecimum
970 2006 1124 2052 aetatis

224 2083 395 2112 annum
426 2067 575 2125 agenti
608 2075 652 2109 et
681 2064 907 2111 carnificis
939 2074 1123 2123 aspectu

224 2124 409 2168 territae
464 2123 568 2167 satis
618 2121 908 2170 conveniant.
998 2123 1122 2167 Licet

222 2181 359 2226 etiam
396 2180 612 2239 suspicari
646 2181 764 2224 hanc
803 2179 1124 2224 narratiuncu-

223 2240 334 2291 lam,
376 2239 439 2281 uti
476 2238 549 2287 fit,
591 2238 857 2281 credulitate
892 2245 1040 2281 ortam
1079 2246 1124 2281 et

225 2295 483 2340 ornamenti
527 2310 660 2338 causa
701 2295 916 2337 additam.
998 2294 1125 2339 Talia

223 2352 344 2396 enim
365 2368 467 2409 non..
477 2352 524 2395 in
541 2360 637 2396 acta
653 2350 927 2395 referuntur.
963 2350 1123 2394 Hausit

221 2405 530 2455 haee'Tacitus
555 2409 826 2476 epscriptore
858 2406 1015 2465 aliquo
1047 2407 1123 2453 vel

223 2483 247 2510 e
275 2465 614 2511 commentariis
637 2466 822 2524 prlvatis
848 2464 968 2508 illius
999 2473 1121 2509 aeta-

221 2524 294 2568 tis.
354 2525 478 2569 Licet
511 2523 645 2567 etiam
675 2522 892 2581 suspicari
922 2521 1122 2570 Dionem

223 2581 253 2625 l.
279 2582 309 2624 l.
337 2597 506 2626 errasse
530 2589 573 2623 et
597 2581 824 2625 minorem
853 2579 993 2623 filiam
1027 2595 1120 2622 esse

220 2639 574 2698 intelligendam.

280 2697 394 2753 quia
414 2728 426 2739 .
451 2728 461 2738 .
488 2727 500 2739 .
527 2697 802 2738 inauditum
840 2696 1118 2738 habebatur.

222 2754 293 2796 De
314 2753 471 2797 eadem
495 2770 544 2796 re
567 2754 692 2797 Suet.
715 2753 815 2796 Tib.
847 2769 888 2796 6.
908 2753 979 2796 61.
1009 2754 1120 2808 quia

222 2813 557 2854 more'tradito
590 2811 730 2866 nefas
759 2819 882 2853 esset
915 2813 1120 2864 vzrgines

219 2870 526 2922 strangulari.
600 2869 688 2911 Dio
723 2868 791 2917 58,
828 2869 895 2911 11.
937 2865 999 2917 ὠς
1033 2865 1119 2924 οὐχ

222 2923 353 2970 ὅσιον
378 2922 457 2981 ὅν,
496 2927 906 2985 παρθενευομένην
933 2924 1035 2969 τινὰ
1069 2926 1120 2969 ἐν

219 2986 284 3040 τῷ
315 2984 618 3043 δεσμωτηρίῳ
645 2982 920 3028 ἀπολέσθαι.
980 2982 1117 3027 Unde

220 3041 515 3098 cognoscitur
538 3040 818 3099 triumvirale
845 3040 1117 3100 supplicium

219 3097 409 3155 intelligi
433 3099 828 3156 strangulationem
853 3113 1041 3156 eamque
1069 3098 1116 3140 in

220 3170 402 3203 carcere
440 3155 538 3198 fieri
582 3157 774 3200 solitam.
795 3182 801 3185 -
824 3180 844 3185 --
868 3157 1117 3209 Virginem

219 3213 392 3270 Lipsius
416 3227 511 3254 non
535 3212 797 3272 simpliciter
822 3213 1006 3270 accipit,
1040 3213 1116 3256 sed

218 3270 452 3327 impubem
511 3269 850 3329 investemque.
946 3269 1116 3314 Contra

219 3327 377 3369 dicunt
402 3326 501 3370 loca
522 3343 546 3370 e
567 3327 689 3371 Suet.
717 3338 758 3371 et
779 3328 932 3371 Dione
954 3327 1112 3372 adlata.

217 3384 333 3426 Sine
355 3383 448 3426 ulla
478 3384 763 3428 restrictione
794 3386 881 3436 ibi,
913 3393 961 3427 ut
993 3383 1113 3443 apud

216 3440 457 3491 Nostrum,
494 3444 604 3485 'sunt
639 3443 859 3486 vocabula
898 3443 1113 3496 virgines,

216 3501 610 3556 παρθειέυομένη.
630 3499 841 3544 Ceterum
854 3502 1114 3541 habebatur

217 3564 262 3598 ut
284 3555 323 3606 3,
349 3555 418 3598 55.
453 3558 494 3606 6,
514 3558 585 3598 48.
613 3563 653 3598 et
683 3555 787 3598 alibi
810 3565 873 3600 est
896 3573 981 3614 pro
1005 3564 1112 3600 erac

1195 1548 1238 1591 h.
1272 1563 1311 1590 e.
1355 1558 1450 1588 non
1490 1543 1853 1602 qualemcunque
1892 1543 2087 1603 exprimit

1196 1603 1478 1662 opinionem,
1521 1600 1597 1644 sed
1631 1609 1799 1644 certam
1831 1601 2092 1658 persuasio-

1194 1676 1298 1707 nem
1343 1659 1439 1704 sive
1477 1659 1681 1702 habitum
1723 1657 1999 1704 animorum.
2034 1685 2095 1696 --·

1195 1719 1314 1764 Cum
1346 1715 1523 1774 Ryckio
1565 1715 1845 1759 censeo'hic
1877 1715 1916 1758 A
1952 1715 2092 1759 icatae

1193 1777 1283 1820 sata
1301 1775 1508 1833 periisse,
1540 1773 1594 1816 de
1616 1773 1778 1831 quibus
1800 1774 1888 1816 vid.
1908 1732 1999 1817 lgio
2023 1773 2092 1822 58,

1199 1837 1268 1877 11.
1330 1833 1447 1876 Nam
1479 1846 1594 1890 quae
1624 1847 1746 1888 supr.
1769 1828 1811 1882 4,
1830 1831 1857 1874 8
1892 1832 1960 1886 (ut
1991 1839 2093 1874 octo

1190 1899 1299 1948 post
1318 1903 1474 1932 annos
1491 1890 1738 1946 cognitum
1767 1891 1852 1945 est)
1884 1896 1927 1932 et
1959 1904 1998 1932 6.
2022 1890 2090 1933 11.

1197 1953 1336 2006 (ordo
1364 1979 1376 1991 .
1400 1980 1413 1991 .
1437 1979 1448 1990 .
1475 1946 1742 2004 patefactus
1773 1949 1861 2004 est)
1897 1945 2094 1989 breviter

1194 2003 1472 2066 significavit,
1500 2004 1616 2048 haud
1639 2003 1774 2049 dubie.
1798 2003 1988 2063 amplius
2011 2003 2090 2048 de-

1195 2065 1292 2108 buit
1314 2063 1387 2107 hic
1410 2078 1644 2122 exponere.
1735 2106 1738 2109 A
1982 2101 1983 2106 ,
2080 2108 2086 2119 ,

1253 2121 1369 2167 CAP.
1402 2122 1472 2164 10.
1551 2119 1770 2163 Drusum
1821 2119 2096 2166 Germanici

1181 2181 1359 2238 filium.
1447 2177 1542 2234 Qui
1582 2185 1680 2220 tum
1721 2178 1768 2221 in
1807 2178 1896 2234 ima
1938 2176 2091 2237 palatii

1194 2247 1319 2338 partg
1341 2235 1692 2283 custodiebatur.
1753 2236 1813 2280 cf.
1835 2233 1964 2293 Suet.
1990 2234 2091 2281 Tib.

1195 2313 1235 2340 6.
1260 2298 1284 2339 5
1319 2326 1330 2337 .

1250 2354 1375 2396 velut
1417 2351 1621 2406 agnitus.
1700 2349 1934 2395 Ernestius
1976 2366 2090 2395 con-

1181 2411 1462 2454 iectaverat:
1495 2410 1624 2451 velut
1647 2410 1876 2463 agnitum,
1906 2416 1956 2453 ut
1978 2424 2089 2466 pen-

1195 2468 1320 2509 deret
1346 2481 1371 2508 e
1400 2466 1747 2509 comitantibus.
1807 2467 1923 2510 Nam
1957 2466 2090 2509 intel-

1195 2523 1359 2581 ligere,
1389 2526 1517 2565 velut
1533 2524 1726 2575 agnitus
1743 2531 1863 2573 esset
1881 2541 1914 2567 a
1935 2539 2012 2575 se,
2042 2522 2091 2565 in

1194 2581 1283 2624 hoc
1322 2579 1474 2640 positu
1519 2579 1681 2622 durum
1717 2580 1801 2638 ipsi
1835 2580 2090 2624 videbatur.

1193 2637 1378 2681 Durum
1401 2652 1532 2680 sane:
1555 2637 1632 2680 sed
1655 2636 1754 2694 quis
1777 2637 1960 2681 tandem
1981 2637 2093 2682 haec

1193 2692 1263 2739 ita'
1293 2694 1552 2753 supplebit?
1625 2693 1899 2746 Oberlinus,
1946 2710 2090 2754 quum
2136 2700 2142 2705 '

1192 2754 1541 2811 Lampugnanus
1573 2766 1596 2792 e
1632 2752 1734 2796 cod.
1769 2751 1971 2796 Mirand.
2007 2766 2091 2795 suo

1192 2812 1405 2864 agnitum
1452 2809 1732 2866 protulisset,
1788 2825 1954 2868 magno
2005 2810 2086 2853 ad-

1190 2869 1348 2928 plausu
1377 2866 1570 2909 Ernestii
1615 2867 1974 2911 emendationem
2014 2883 2086 2909 ex—

1191 2927 1334 2983 cepit,
1382 2940 1529 2981 neque
1567 2933 1719 2967 tamen
1764 2926 1952 2983 recepit.
2035 2923 2088 2967 Id

1189 2991 1341 3042 postea
1369 2982 1577 3026 fecerunt
1595 2981 1839 3038 Rupertius
1867 2991 1912 3026 et
1934 2981 2090 3024 Li'me-

1189 3056 1397 3084 mannus.
1456 3038 1547 3082 Sed
1565 3040 1716 3083 turbat
1741 3037 1903 3097 copula
1927 3039 2012 3095 que'
2036 3039 2085 3080 iri
2154 3045 2157 3049 '

1189 3101 1456 3153 dolumque.
1507 3096 1631 3151 Quid
1654 3097 1822 3154 igitur?
1864 3097 1986 3139 Num
2012 3096 2084 3138 de-

1188 3155 1381 3198 lebimus
1407 3154 1616 3212 copulam
1641 3170 1727 3210 que
1748 3170 1853 3198 cum
1865 3154 2084 3197 Mureto?

1188 3229 1245 3255 an
1278 3228 1382 3254 cum
1410 3211 1616 3254 Acidalio
1650 3212 1848 3268 legemus
1882 3211 2084 3253 comita-

1188 3272 1298 3312 tus?
1351 3269 1582 3312 Traditam
1614 3270 1764 3324 potius
1794 3284 1981 3326 eamque
2007 3285 2083 3311 sa-

1187 3343 1289 3370 nam
1309 3326 1576 3383 scripturam
1597 3325 1907 3369 retinebimus.
1939 3327 2081 3380 Agni-

1187 3393 1264 3426 tus
1285 3383 1451 3441 pendet
1474 3400 1497 3426 e
1523 3383 1703 3424 iuvenis
1731 3384 1965 3442 poscitque
1999 3384 2079 3426 da-

1186 3442 1328 3483 tivum
1374 3442 1650 3495 quibusdam
1692 3443 1877 3483 libertis.
1960 3440 2079 3483 Dein

1186 3498 1391 3548 Tacitus,
1445 3498 1510 3540 uti
1560 3498 1698 3548 solet,
1744 3514 1826 3555 per
1867 3498 2077 3556 copulam

1186 3556 1419 3611 coniungit
1436 3556 1677 3601 ablativum
1704 3555 1955 3599 absolutum
1968 3571 2076 3599 cum
