2222 4030
1851 161 1900 195 A.
1917 161 1971 195 U.
1994 161 2080 197 779.

1850 205 1901 238 A.
1922 203 1970 238 C.
2015 205 2087 256 263

306 169 430 227 338
969 158 1479 259 ANNALIUM

308 296 551 374 propius
575 293 912 349 incedentes
936 290 1244 366 eruptione
1275 289 1468 344 subita
1494 289 1717 346 turbati
1751 303 1888 348 sunt
1926 295 2175 370 recepti-

311 401 425 458 que
492 377 752 436 subsidio
819 375 1177 450 Sugambrae
1245 369 1542 442 cohortis,
1619 395 1799 450 quam
1863 375 2171 437 Romanus

310 476 645 542 promptam
683 463 758 518 ad
792 461 1050 538 pericula
1083 480 1190 515 nec
1222 459 1421 514 minus
1460 469 1743 515 cantuum
1783 473 1839 518 et
1872 481 2171 521 armorum

312 550 571 608 tumultu
591 559 818 605 trucem
841 542 1002 603 haud
1028 543 1234 619 procul
1255 543 1627 604 instruxerat.

481 630 761 692 XLVIII.
847 630 1159 688 Translata
1195 624 1410 684 dehinc
1444 640 1631 684 castra
1667 625 1898 686 hostem
1933 643 2173 708 propter

311 719 532 777 relictis
569 719 725 793 apud
756 717 955 792 priora
992 713 1362 770 munimenta
1395 712 1448 769 T
1453 709 1766 784 hracihUS,
1816 737 1966 791 quos
2000 719 2174 773 nobis

314 805 569 862 adfuisse
611 801 951 858 memoravi.
1049 798 1240 873 iisque
1285 799 1637 873 permissum
1675 813 1925 871 vastare,
1983 822 2175 872 urere,

314 885 547 947 trahere
591 889 863 963 praeda5‚
919 885 1063 939 dum
1103 884 1408 958 populatio
1455 884 1647 940 lucem
1682 885 1838 941 intra
1877 887 2176 944 sisteretur

313 987 660 1050 noctemque
695 974 760 1028 in
802 968 1002 1026 castris
1031 980 1219 1025 tutam
1257 979 1314 1024 et
1344 968 1586 1041 vigilem
1621 981 2000 1043 capesserent.
2109 973 2173 1028 id

310 1053 502 1136 primo
529 1070 846 1115 servatum:
890 1074 1027 1110 mox
1065 1053 1221 1109 versi
1259 1054 1324 1108 in
1362 1054 1568 1110 luxum
1605 1065 1662 1110 et
1693 1056 1876 1130 raptis
1909 1055 2176 1131 opulenti

313 1145 581 1203 omittere
606 1141 914 1208 stationeS‚
956 1138 1195 1195 lascivia
1217 1139 1526 1214 epularum
1559 1150 1661 1196 aut
1695 1158 1906 1197 somno
1945 1153 2002 1198 et
2034 1142 2174 1199 vino

311 1230 715 1307 procumbere.
804 1223 991 1298 Igitur
1014 1219 1210 1280 hostes
1235 1224 1464 1280 incuria
1493 1244 1698 1293 eorum
1725 1234 2021 1300 comperta
2057 1229 2175 1283 duo

190 1340 191 1344 ¹
217 1362 229 1370 ,.
310 1315 544 1390 *agmina
568 1322 804 1387 parant,
851 1330 1105 1386 quorum
1132 1310 1314 1365 altero
1340 1310 1716 1384 populatores
1741 1311 2180 1383 invaderentur,

314 1401 420 1458 alii
446 1411 627 1456 castra
650 1395 926 1455 Romana
952 1397 1389 1470 adpugnarent,
1433 1415 1558 1451 non
1594 1415 1694 1470 spe
1730 1396 2031 1471 capiendi,
2075 1400 2175 1454 sed

312 1497 381 1543 ut
416 1486 700 1552 clamore,
741 1481 905 1550 telis,
948 1500 1052 1540 suo
1093 1481 1340 1556 quisque
1380 1480 1644 1556 periculo
1689 1481 1951 1539 intentus
1999 1503 2179 1539 sono-

313 1591 438 1627 rem
462 1567 703 1626 alterius
726 1566 938 1642 proelii
966 1586 1091 1622 non
1112 1567 1415 1641 acciperet.
1501 1566 1775 1622 tenebrae
1803 1567 2044 1643 insuper
2075 1570 2179 1626 de-
2204 1620 2212 1633 ,

313 1656 493 1712 lectae
519 1654 848 1727 augendam
871 1654 946 1708 ad
967 1650 1368 1710 formidinem.
1456 1650 1575 1708 Sed
1611 1652 1714 1726 qui
1744 1652 1967 1709 vallum
1994 1655 2178 1728 legio-

313 1761 461 1797 num
495 1739 829 1807 tentabant,
877 1737 1047 1793 facile
1086 1737 1418 1812 pelluntur:
1476 1731 1781 1793 Thracum
1825 1739 2041 1796 auxilia
2080 1760 2177 1796 re-

313 1826 559 1901 pentino
595 1824 838 1880 incursu
873 1823 1105 1891 territa,
1147 1842 1281 1878 cum
1308 1841 1444 1896 pars
1478 1821 1914 1879 munitionibus
1948 1825 2179 1882 adiace-

316 1922 476 1981 rent,
537 1910 736 1985 plures
795 1920 955 1966 extra
1009 1908 1383 1983 palarentur,
1444 1917 1608 1963 tanto
1666 1907 1953 1965 infensius
2012 1911 2181 1979 caesi,

315 2007 535 2073 quanto
582 1995 859 2071 perfugae
902 2005 959 2050 et
993 1993 1325 2067 proditores
1360 1993 1513 2049 ferre
1550 2013 1713 2050 arma
1749 1994 1825 2050 ad
1863 2013 2037 2051 suum
2072 2016 2179 2071 pa-

316 2082 575 2156 triaeque
602 2079 908 2136 servitium
930 2079 1371 2137 incusabantur.

485 2163 703 2223 XLIX.
788 2163 1032 2219 Postera
1058 2163 1152 2219 die
1177 2162 1435 2221 Sabinus
1476 2162 1794 2221 exercitum
1827 2184 2014 2241 aequo
2047 2165 2178 2222 loco

317 2249 605 2319 ostendit,
670 2249 720 2304 si
767 2249 1008 2306 barbari
1051 2268 1317 2306 successu
1374 2248 1566 2306 noctis
1622 2249 1840 2307 alacres
1887 2251 2179 2325 proelium

319 2467 555 2526 Ryckiana·
597 2466 798 2524 aliaeque
838 2465 1003 2508 habent
1043 2467 1214 2515 multa,
1287 2465 1370 2507 tia.
1412 2465 1481 2506 ,In
1519 2464 1733 2523 Lipsianis
1769 2466 2022 2523 prioribust
2056 2470 2183 2522 capti

319 2539 559 2583 operarum
581 2521 706 2580 lapsu
723 2522 922 2581 primum
947 2530 1101 2564 ortum
1120 2538 1213 2564 esse
1286 2522 1545 2576 opulentia.

320 2583 516 2630 videtur.

375 2651 688 2706 Sugambrae.
747 2649 860 2692 Edd.
877 2649 977 2692 Ber.
992 2648 1086 2692 Alc.
1099 2648 1214 2692 Rhe-

319 2726 424 2753 nan.
447 2708 551 2752 Ald.
582 2707 759 2765 Micyll.
792 2708 1093 2763 Sycambrae.
1153 2706 1211 2749 cf.

320 2776 416 2810 not.
455 2766 509 2809 ad
539 2766 591 2816 2,
619 2764 691 2807 26.
773 2764 1069 2820 Sugambrae
1109 2764 1211 2807 edd.

320 2824 441 2882 Lips.
469 2839 566 2881 sqq.

380 2906 490 2951 CAP.
524 2905 598 2949 48.
666 2906 947 2949 memoravi.
1017 2904 1103 2948 Res
1137 2904 1215 2948 icit

322 2963 377 3008 ad
406 2980 445 3007 c.
465 2963 559 3015 47„
592 2963 670 3011 ubi
691 2980 843 3022 regem
864 2921 1213 3006 Rhoemetalcen

322 3037 428 3064 cum
451 3020 623 3063 auxiliis
644 3021 949 3079 popularium,
981 3021 1055 3078 qui
1076 3020 1212 3063 fidem

321 3093 417 3121 non
469 3087 747 3122 mutaverant
764 3111 777 3130 ‚
839 3079 1031 3121 adfuisse
1087 3077 1208 3120 dixit.

320 3135 430 3179 Mox
455 3135 524 3178 ed.
548 3134 655 3177 Ald.
692 3143 985 3191 capescerent
1017 3151 1099 3192 pro
1131 3151 1209 3176 ca-

315 3200 575 3248 pesserent.
627 3192 731 3236 Vid.
758 3200 853 3236 not.
877 3193 932 3236 ad
957 3195 1022 3244 11,
1044 3190 1115 3234 34.
1144 3193 1211 3241 12,

323 3251 393 3295 11.
420 3258 461 3292 et
485 3248 606 3293 alibi.

376 3309 530 3372 radiis
560 3319 784 3373 opulenti.

319 3385 414 3421 test.
428 3375 622 3420 Pichena
642 3383 684 3418 et
706 3376 809 3419 inde
831 3378 930 3419 edd.
948 3376 1072 3420 Pieh.
1091 3376 1139 3419 Li
1175 3394 1212 3421 s.

321 3434 446 3478 1607.
472 3431 604 3476 Grut.
629 3448 725 3491 sqq.
749 3461 808 3469 —
860 3434 973 3478 Edd.
999 3394 1207 3479 Beroald.

278 3498 281 3500 ’
319 3491 421 3537 Ale.
467 3490 671 3536 Rhenan.
704 3506 802 3549 sqq.
844 3495 976 3545 rapti
1013 3494 1210 3545 opulen-

859 3319 937 3364 Sic
972 3320 1071 3363 eod.
1108 3319 1208 3362 MS.
1239 3311 1241 3317 ⁸

1344 2605 1546 2648 incursu.
1606 2602 1682 2647 Sic
1703 2622 1726 2647 e
1748 2604 1849 2649 eod.
1865 2606 1966 2650 MS.
1983 2607 2180 2652 Pichena

1286 2662 1503 2714 restituit;
1541 2661 1644 2705 edd.
1673 2662 1884 2711 Beroald.
1907 2665 2007 2708 Ale.
2037 2665 2180 2710 Rheu.

1286 2735 1386 2778 sqq·
1412 2734 1649 2763 concursu.

1715 2820 1771 2862 Et
1807 2820 1894 2865 hoc
1927 2822 2121 2866 Pichena
2156 2842 2177 2866 e

1287 2878 1392 2921 cod.
1419 2877 1520 2921 MS.
1543 2878 1751 2921 restituit.
1780 2907 1838 2914 -
1879 2879 2180 2925 Ed.Beroald.

1286 2935 1386 2979 Alc.
1408 2936 1552 2978 Rhen.
1577 2952 1673 2993 sqq.
1695 2938 2050 2990 pabularentur.

1338 2823 1635 2875 palarentur.

1346 3034 1456 3078 CAP.
1487 3035 1559 3078 49.
1622 3041 1668 3080 si
1690 3038 1895 3079 barbari.
1956 3036 2020 3081 Ut
2049 3054 2177 3095 grae-

1285 3110 1389 3136 cum
1434 3096 1474 3135 εἰ
1519 3109 1622 3134 eum
1667 3095 1883 3151 optativo,
1960 3095 2018 3138 cf.
2060 3096 2175 3138 Her-

1284 3166 1435 3193 mann.
1473 3150 1526 3192 ad
1558 3151 1708 3206 Viger.
1747 3159 1839 3192 not.
1878 3151 1971 3195 190.
2003 3161 2044 3195 et
2077 3153 2174 3197 303.

1284 3206 1494 3264 Optantis
1539 3215 1619 3249 est.
1714 3207 1823 3249 Tac.
1860 3208 1948 3252 An.
1988 3211 2062 3262 12,
2104 3211 2175 3254 28.

1281 3266 1324 3307 si
1355 3265 1483 3307 Cotti
1502 3297 1512 3307 .
1530 3295 1566 3306 ..
1588 3266 1891 3318 praeberent;
1941 3268 2008 3316 15,
2037 3266 2102 3311 13.
2136 3270 2181 3311 si

1284 3354 1293 3364 .
1309 3353 1320 3364 .
1337 3353 1349 3365 .
1378 3324 1575 3364 eliceret.
1637 3321 1749 3364 Hist.
1782 3325 1818 3374 1,
1841 3323 1909 3365 31.
1934 3327 1981 3367 si
2001 3358 2011 3367 .
2027 3358 2036 3367 .
2053 3325 2177 3379 ‚fle-

1282 3386 1506 3430 etet-etum
1535 3378 1575 3427 3,
1600 3377 1669 3421 30.
1696 3381 1743 3420 si
1764 3410 1774 3421 .
1790 3410 1823 3422 ..
1845 3385 2152 3424 traherentur
2164 3402 2178 3433 ,-

1280 3435 1321 3486 3,
1345 3435 1413 3479 52.
1435 3437 1478 3480 si
1496 3467 1532 3481 ..
1547 3471 1556 3482 .
1586 3437 1851 3483 adirentur.
1913 3437 2036 3483 Caes.
2051 3439 2102 3483 B.
2120 3439 2174 3483 G.
