2222 4030
1859 209 1910 244 A.
1930 211 1981 247 U.
2000 212 2080 249 795.

1858 252 1907 287 A.
1929 254 1974 290 C.
2022 257 2083 295 32,

315 208 442 268 380
976 203 1493 267 ‚ANNALIUM

316 338 560 407 invasit,
626 355 732 393 cur
771 346 977 394 mutua
1015 335 1383 393 accusatione
1420 336 1647 394 intenta
1689 357 1849 399 nunc
1886 345 2166 404 silerent?

313 434 538 480 metum
580 440 821 497 prorsus
863 432 918 480 et
958 421 1196 479 noxiam
1229 421 1618 490 conscientiae
1647 443 1757 499 pro
1791 427 2026 488 foedere
2057 429 2164 489 ha—

313 509 470 566 beri:
515 519 575 564 at
600 511 726 563 non
747 506 1012 582 patribus
1037 505 1363 575 reticenda,
1405 527 1555 583 quae
1582 510 1960 575 audivissent.
2041 515 2165 575 Re-

313 595 486 668 gulus
514 612 752 650 manere
777 603 1005 668 tempus
1036 590 1284 646 ultionis
1317 610 1493 668 seque
1528 613 1726 650 coram
1761 599 2030 676 principe
2065 623 2165 658 ex.

311 691 679 736 secuturum:
724 675 871 734 Trio
896 675 1350 734 aemulationem
1371 677 1528 735 inter
1549 679 1824 754 collegaS‚
1867 695 1924 741 et
1963 687 2012 742 si
2048 709 2163 763 qua

311 764 611 821 discordes
662 762 956 830 iecissent,
1016 759 1230 817 melius
1276 762 1603 820 oblitterari
1645 770 1964 842 respondit.

309 861 480 923 gente
505 846 769 925 Agrippa
798 845 1162 921 Sanquinius
1182 844 1482 920 Marcimus
1518 869 1548 904 e
1585 853 2162 921 eons11larihus,0ra-

2058 792 2163 828 ur-
2219 844 2222 847 ·

2218 399 2222 407 ι

2209 433 2222 690 3

2215 898 2222 924 l

308 935 396 992 vit
431 946 727 1001 senatum,
790 951 864 987 ne
899 950 1069 987 curas
1112 931 1485 1005 imperatoris
1533 936 1880 1010 conquisitis
1921 940 2162 1016 insuper
2218 947 2222 999 Ξ

307 1019 725 1081 acerbitatibus
763 1027 1068 1090 augerent:
1114 1016 1376 1072 sufficere
1401 1018 1595 1093 ipsum
1621 1024 1948 1079 statuendis
1972 1045 2160 1082 reme-
2217 1046 2222 1094 ῑ

525 1103 623 1163 Sic
653 1101 884 1175 Regulo
922 1101 1078 1157 salus
1111 1112 1169 1158 et
1192 1100 1408 1157 Trioni
1445 1103 1650 1160 dilatio
1689 1106 1851 1163 exitii
1885 1111 2158 1184 quaesita.
2219 1131 2222 1163 t

306 1105 439 1165 diis.

303 1189 580 1249 Haterius
617 1186 867 1243 invisior
898 1185 1043 1255 fuit,
1085 1186 1223 1263 quia
1258 1206 1466 1245 somno
1499 1200 1599 1246 aut
1636 1189 1974 1249 libidinosis
2008 1196 2158 1270 Vigi—
2219 1185 2222 1204 ι

234 1298 242 1303 ,
304 1277 402 1348 liis
424 1266 719 1331 marcidus
751 1283 807 1329 et
844 1272 922 1328 ob
959 1272 1266 1345 segnitiam
1307 1273 1576 1350 quamvis
1608 1277 1904 1334 crudelem
1934 1280 2159 1356 princi*
2219 1288 2222 1334 3

301 1374 439 1439 pem
471 1379 596 1416 non
631 1370 900 1416 metuens
935 1356 1288 1414 inlustribus
1322 1358 1467 1416 viris
1503 1361 1825 1437 perniciem
1862 1364 2018 1423 inter
2058 1386 2159 1441 ga-
2216 1359 2222 1423 ’ἶ

303 1467 476 1504 neam
500 1465 566 1501 ac
592 1442 1228 1518 stupra-meditabatur.

472 1541 546 1602 V.
605 1539 764 1598 Exin
814 1540 988 1599 Cotta
1019 1536 1418 1599 'Messallinus
1462 1544 1829 1602 saevissimae
1875 1549 2156 1626 cuiusque
2215 1547 2222 1598 ἐ

301 1628 624 1686 sententiae
659 1638 864 1684 auctor
899 1646 1086 1703 eoque
1122 1626 1444 1684 inveterata
1465 1628 1722 1701 invidia,
1762 1632 1868 1688 ubi
1897 1634 2157 1708 primum

298 1715 544 1772 facultas
598 1714 762 1782 data,
829 1712 1098 1787 arguitur
1147 1712 1457 1790 pleraque:
1522 1711 1590 1775 C.
1632 1713 1939 1774 Caesarem
1989 1721 2156 1797 quasi

1318 1960 1503 1989 somno.
1571 1946 1631 1991 cf.
1665 1946 1777 1992 Hist.
1810 1949 1852 1998 2,
1885 1951 1957 1994 90.
1988 1965 2154 1993 somno

1259 2011 1304 2046 et
1337 2006 1456 2046 luxu
1484 2008 1731 2059 pudendus
1760 2007 1957 2051 incessit.
2038 2010 2153 2052 luer-

328 1947 544 1989 *amenta
624 1943 892 2002 Metaphora
923 1941 1135 1987 translata
1166 1960 1190 1986 a

294 2003 474 2063 sagitta,
501 2019 614 2062 quae
636 2001 884 2046 intenditur
903 2001 950 2044 in
975 2000 1189 2060 aliquem.

294 2061 374 2105 Sic
403 2059 588 2104 Sueton.
621 2060 763 2103 Dom.
807 2076 846 2103 c.
873 2060 915 2103 8.
945 2059 1024 2102 cui
1052 2057 1188 2102 adul-

293 2120 406 2162 terti
420 2119 592 2161 crimen
623 2118 905 2160 intenderat.
966 2115 1006 2158 T
1008 2132 1075 2174 ac.
1098 2117 1188 2161 An.

294 2179 335 2228 1,
356 2175 429 2219 39.
460 2176 642 2218 intento
667 2175 830 2218 mortis
852 2183 996 2218 metu.

350 2233 553 2275 noxiam
582 2233 898 2275 conscientiae.
975 2231 1053 2276 Sic
1085 2232 1186 2276 cod.

291 2290 395 2334 MS.
414 2289 514 2333 edd.
528 2287 736 2333 Beroald.
759 2289 920 2332 Alciat.
944 2305 1127 2332 noxam
1149 2306 1186 2332 c.

199 2375 217 2385 ν
291 2347 394 2393 edd.
425 2345 629 2391 Rhenan.
663 2345 768 2390 Ald.
796 2346 916 2404 Lips.
942 2346 1074 2390 Grut.
1114 2347 1187 2389 Pi-

291 2406 433 2450 chena
454 2421 480 2448 e
503 2404 612 2449 cod.
635 2401 738 2447 MS.
771 2411 966 2447 veterem
995 2404 1186 2461 seriptu-

289 2479 389 2508 ram
418 2459 627 2507 restituit.
700 2461 816 2504 Sunt
846 2462 925 2518 qui
955 2460 1021 2505 nil
1048 2461 1185 2504 inter-

291 2535 387 2564 esse
407 2526 582 2578 putent.
638 2517 730 2562 Alii
751 2521 953 2562 noxiam
972 2533 1067 2563 esse
1090 2517 1184 2562 cul-

288 2594 418 2637 pam,
455 2591 642 2621 noxam
662 2591 774 2622 vero
798 2576 1038 2627 damnum,
1079 2591 1183 2633 poe-

288 2651 410 2681 nam.
488 2633 675 2679 Tacitus
711 2650 818 2678 sane
857 2634 904 2678 id
939 2631 1182 2677 discrimen

288 2693 552 2739 observasse
573 2692 765 2735 videtur.
810 2691 869 2736 cf.
883 2692 931 2743 ν2,
949 2691 991 2734 6.
1013 2697 1065 2732 ut
1082 2691 1184 2732 sine

285 2766 420 2794 noxa
438 2751 644 2795 siderent
667 2750 848 2806 (naves).
901 2749 1086 2792 Frustra
1109 2763 1183 2790 au-

287 2816 381 2851 tem
408 2807 679 2852 coniecturis
703 2806 941 2850 indulsisse
969 2805 1183 2853 videntur

286 2866 567 2923 interpretes.
670 2864 957 2908 Groslotius:
1021 2877 1182 2905 noxae

286 2924 612 2966 conscientiam
627 2941 642 2976 ,·
701 2922 920 2966 Pichena:
980 2922 1180 2964 noxiam

288 2982 645 3034 conscz'entiarn3
720 2980 976 3023 Ernestius:
1038 2980 1179 3020 ohno-

285 3039 421 3082 xiam
444 3039 798 3089 conscientiam,·
825 3037 1060 3081 Heinsius:
1089 3049 1181 3076 no-

287 3095 377 3138 xia
416 3097 733 3139 conscientiae.
818 3095 993 3155 Lipsius
1043 3092 1177 3137 etiam

288 3153 469 3199 volebat
503 3155 675 3197 habere
715 3170 800 3221 pro
833 3154 1011 3197 haberi.
1091 3148 1179 3193 Sed

286 3211 453 3254 haberi
485 3213 536 3253 ut
565 3227 694 3271 saepe
727 3220 787 3254 ita
821 3218 864 3254 et
893 3209 966 3254 hic
1000 3215 1066 3252 est
1095 3223 1179 3266 pro

290 3283 409 3312 esse.
469 3266 531 3312 cf.
553 3275 648 3311 not.
673 3269 729 3313 ad
759 3268 799 3316 5,
817 3268 862 3311 9.
921 3267 1001 3310 Est
1031 3263 1179 3309 crimi-

289 3325 413 3369 natio
445 3334 489 3369 et
517 3325 788 3369 adseveratio
809 3326 857 3368 in
880 3325 1046 3372 verbis,
1085 3337 1179 3365 non

288 3383 562 3428 coniectura.
650 3381 942 3427 Germanice:
989 3382 1178 3427 Furem,

288 3443 564 3491 behauptete
578 3455 628 3484 er
643 3442 866 3496 (prorsus)
882 3443 981 3482 und
990 3439 1178 3485 Schuld-

289 3496 580 3556 bewusstsein
605 3505 808 3543 vertrete
828 3499 925 3542 hier
944 3497 1020 3540 die
1037 3497 1179 3542 Stelte

292 3555 420 3598 eines
441 3556 494 3598 V
485 3563 677 3611 ertrags.

1259 2069 1374 2114 tem,
1411 2062 1650 2107 socordem
1675 2063 1823 2107 innuit
1843 2064 2087 2110 hominem.

1321 2175 1433 2223 CAP.
1448 2176 1486 2220 5.
1526 2178 1740 2230 arguitur
1750 2180 1984 2234 pleraque.
2037 2181 2153 2225 Sunt

1260 2235 1338 2292 qui
1381 2237 1605 2290 pleraque
1654 2235 1832 2293 virgula
1891 2238 2150 2296 interposita

1260 2292 1496 2350 seiungant
1529 2309 1552 2335 a
1586 2293 1722 2335 verbo
1762 2297 1977 2349 arguitur
2018 2305 2150 2354 atque

1257 2349 1436 2392 trahant
1466 2349 1520 2392 ad
1547 2351 1777 2407 sequentia
1800 2352 1944 2395 addita
1965 2369 2149 2411 praepo-

1261 2407 1421 2449 sitione
1450 2409 1521 2456 in,
1561 2415 1611 2449 ut
1631 2408 1761 2452 Cotta
1788 2411 2009 2465 pleraque
2029 2412 2075 2453 in
2100 2411 2147 2453 C.

1258 2463 1517 2505 Caesarem
1560 2465 1735 2507 dixisse
1787 2465 1978 2509 dicatur.
2058 2467 2147 2510 Sed

1255 2519 1436 2564 Tacitus
1468 2528 1618 2578 aperte
1653 2522 1735 2564 sibi
1766 2523 1885 2571 vult,
1938 2523 2146 2582 pleraque

1253 2577 1298 2620 h.
1325 2593 1364 2621 e.
1388 2578 1528 2620 multa
1553 2576 1712 2630 fuisse,
1744 2595 1855 2637 quae
1883 2579 2042 2624 Cottae
2070 2583 2146 2624 ob-

1254 2635 1524 2683 iicerentur,
1577 2635 1714 2693 idque
1756 2637 1922 2680 docent
1958 2653 2146 2697 sequen-

1254 2692 1330 2735 tia.
1412 2691 1508 2734 Iam
1545 2707 1652 2735 vero
1691 2693 1757 2736 nil
1789 2693 2003 2750 impedit,
2053 2712 2144 2754 quo

1253 2749 1403 2792 minus
1432 2749 1632 2807 legamus
1665 2752 1886 2806 arguitur
1901 2755 2142 2809 pleraque.

1254 2806 1313 2851 cf.
1342 2806 1383 2858 4,
1404 2806 1474 2849 28.
1491 2806 1634 2862 falsa
1660 2810 1956 2851 exterritum.
2019 2809 2144 2854 Infra

1251 2879 1400 2921 neque
1431 2872 1596 2907 cuncta
1633 2867 1964 2910 revincebatur.
2042 2867 2141 2913 Liv.

1254 2925 1302 2971 1,
1335 2920 1406 2965 35.
1471 2922 1627 2964 virum
1683 2930 1838 2965 cetera
1892 2926 2140 2978 egregium.

1249 2979 1448 3023 Deinde'
1472 2979 1658 3036 exempli
1698 2996 1827 3024 causa
1868 2981 2143 3034 referuntur,

1250 3053 1363 3096 quae
1417 3036 1522 3080 dixit
1574 3038 1629 3080 de
1672 3037 1781 3082 Caio
1825 3036 2031 3090 Caesare,
2085 3041 2140 3082 de

1250 3111 1391 3139 coena
1414 3094 1510 3144 illa,
1541 3094 1595 3137 de
1614 3094 1844 3137 Tiberiolo
1869 3111 1966 3138 suo.
2029 3096 2139 3139 Ver-

1251 3154 1330 3196 ba:
1394 3151 1442 3194 C.
1480 3151 1732 3194 Caesarem
1771 3154 1906 3207 quasi
1940 3156 2139 3197 incestae

1250 3208 1514 3252 virilitatis.
1531 3242 1542 3252 .
1557 3242 1565 3251 .
1581 3210 1784 3259 dixisse,
1812 3218 2036 3254 structura
2061 3228 2138 3255 sua

1249 3283 1344 3310 non
1368 3267 1513 3310 minus
1543 3268 1658 3309 bene
1689 3282 1734 3308 se
1755 3265 1916 3309 habent
1939 3284 2073 3326 quam
2101 3269 2137 3312 si

1249 3324 1431 3382 legeris:
1473 3326 1697 3380 pleraque
1729 3325 1776 3365 in
1810 3325 1857 3368 C.
1887 3326 2135 3369 Caesarem

1249 3413 1261 3424 .
1285 3413 1297 3424 .
1314 3412 1325 3424 .
1349 3383 1542 3424 dl'xt'sse.
1610 3379 1724 3424 Nam
1753 3383 1903 3424 dicere
1928 3385 2136 3439 aliquem

1249 3441 1388 3495 quasi
1412 3440 1615 3482 incestae
1640 3439 1880 3482 virilitatis
1904 3440 2136 3497 significat,

1248 3498 1308 3540 ita
1335 3497 1460 3554 loqui
1478 3496 1533 3540 de
1550 3496 1699 3555 aliquo
1718 3496 1842 3555 quasi
1862 3497 1919 3541 sit
1940 3498 2133 3543 incestae

1250 3553 1488 3602 virilitatis.

2215 2753 2222 2798 „-,
2212 2073 2222 2718 mas-a.-..o-..‚-.-—.—.„.—.„-..-.s-..-—
2216 1939 2222 2048 A..-.„⁴
2215 1835 2222 1918 -a-.-2
2217 1778 2222 1815 ⁴⁴.
2217 1724 2222 1760 ..-
2218 1615 2222 1698 ..-Α-

2212 3021 2222 3284 2

2210 3565 2222 4030 Σ
