2222 4030
1789 205 1840 244 A.
1860 206 1915 246 U.
1931 207 2015 245 ⁸173.

1789 251 1846 291 Δ.
1865 250 1911 290 C.
1953 253 2017 292 20.

912 206 1426 272 ANNALIUM

414 342 548 404 VII.
593 341 755 401 Tum
779 353 948 401 exuto
975 342 1198 400 iustitio
1225 340 1484 397 reditum
1506 340 1581 396 ad
1601 340 1837 412 munia,
1872 346 1928 401 et
1938 341 2100 401 Dru-

246 450 344 490 sus
365 429 636 508 Illyricos
667 430 743 485 ad
779 429 1061 489 exercitus
1093 426 1397 502 profectus¹
1427 435 1538 495 est,
1593 427 1797 483 erectis
1829 429 2098 486 omnium

245 517 458 575 animis
480 515 766 590 petendae
792 534 821 571 e
842 513 1056 571 Pisone
1081 510 1328 567 ultionis
1350 521 1407 566 et
1429 511 1630 567 crebro
1659 523 1866 587 questu
1878 531 1899 582 ‚·
1937 516 2098 589 quod

243 621 426 678 vagus
453 601 691 657 interim
714 619 820 675 per
843 617 1089 655 amoena
1110 594 1286 651 Asiae
1315 608 1488 672 atque
1509 591 1766 652 Achaiae
1791 598 2100 671 adroganti

246 699 304 745 et
326 687 575 744 subdola
599 705 764 742 mora
789 685 1070 742 scelerum
1091 681 1469 755 probationes
1491 683 1871 741 subverteret.
1945 682 2099 739 Nam

241 774 549 846 vulgatum
586 782 710 828 erat
742 770 1010 835 missam,
1063 777 1131 821 ut
1166 765 1317 835 dixi,
1369 786 1402 821 a
1433 764 1542 824 Cn.
1576 765 1779 823 Sentio
1814 769 2101 824 famosam

241 857 537 915 veneficiis
546 854 871 914 Martinam
894 851 1083 908 subita
1103 863 1292 906 morte
1303 848 1613 907 Brundisii
1636 853 1976 909 exstinctam
1997 874 2100 910 ve-

244 962 583 1019 nenumque
608 942 767 998 nodo
793 937 1048 995 crinium
1072 935 1196 991 eius
1222 936 1579 993 occultatum
1600 956 1708 993 nec
1732 938 1857 994 ulla
1879 938 1945 1002 in
1970 960 2100 995 cor-

237 1048 389 1115 *pore
415 1027 578 1102 signa
606 1025 824 1100 sumpti
848 1020 1011 1079 exitii
1034 1031 1283 1096 reperta.

245 219 391 280 220‘

415 1163 581 1224 VIII.
635 1161 717 1220 At
757 1159 896 1217 Piso
943 1159 1264 1235 praemisso
1308 1157 1374 1213 in
1416 1157 1627 1215 urbem
1669 1158 1792 1216 filio
1836 1161 2101 1238 datisque

243 1251 563 1319 mandatiS‚
603 1268 710 1324 per
733 1266 881 1323 quae
907 1245 1239 1321 principem
1257 1243 1548 1314 molliret,
1591 1245 1665 1300 ad
1678 1244 1939 1302 Drusum
1965 1267 2102 1323 per-

244 1337 356 1412 git:
396 1356 576 1413 quem
603 1330 767 1389 haud
789 1331 987 1387 fratris
1009 1330 1254 1387 interitu
1281 1341 1507 1386 trucem
1537 1350 1714 1406 quam
1743 1343 1967 1388 remoto
2004 1353 2102 1389 ae-

243 1422 408 1479 mulo
433 1419 770 1496 aequiorem
794 1416 909 1473 sibi
929 1416 1217 1492 sperabat.
1305 1414 1611 1485 Tiberirm,
1657 1437 1774 1492 quo
1807 1417 2103 1492 integrum

244 1507 535 1565 iudicium
567 1513 925 1571 {ostentaret‚
989 1512 1293 1576 exceptum
1340 1500 1583 1556 comiter
1626 1501 1899 1558 iuvenem
1942 1515 2102 1561 sueta

244 1611 379 1667 erga
414 1591 567 1647 filios
591 1589 954 1646 familiarum
973 1586 1203 1644 nobiles
1225 1585 1575 1643 liberalitate
1599 1599 1788 1662 auget.
1870 1585 2103 1647 Drusus

1210 1813 1307 1850 tum
1330 1804 1619 1851 scribendum
1642 1815 1738 1851 erat
1770 1823 1864 1851 non
1897 1823 1999 1865 spe,
2027 1811 2104 1854 sed

1211 1869 1276 1908 ad
1305 1881 1455 1921 spem,
1506 1873 1556 1907 ut
1589 1881 1712 1923 supr.
1749 1866 1792 1914 2,
1820 1865 1891 1910 71.
1929 1878 2106 1913 erectus

1213 1926 1278 1966 ad
1309 1939 1456 1978 spem.
1516 1921 1661 1966 Etiam
1697 1922 1992 1983 Kiesslingius
2028 1944 2107 1970 ve-

302 1813 416 1859 CAP.
440 1813 485 1857 7.
527 1812 691 1856 erectis
725 1811 938 1853 omnium
967 1809 1140 1851 animis

237 1875 472 1930 petendae
513 1886 538 1914 e
572 1868 746 1912 Pisone
786 1866 994 1910 ultionis.
1062 1864 1141 1908 Sic

244 1931 348 1976 cod.
389 1928 504 1973 MS..
534 1927 635 1970 edd.
681 1925 889 1970 Beroald.
934 1923 1138 1967 Rhenan-

239 2003 340 2047 sqq.
401 1984 691 2030 Recentiores
714 1981 1011 2027 Freinshemii
1033 1997 1141 2024 con·

242 2046 462 2089 iecturam
482 2060 583 2087 rece
619 2058 716 2085 ere:
745 2041 918 2084 animis
937 2055 1017 2094 spe
1042 2053 1140 2092 pe-

243 2105 477 2147 tendae.
562 2059 760 2143 Pxiustra.
841 2094 955 2142 Nam
1000 2095 1147 2138 erecti

243 2160 402 2204 animi
420 2158 494 2203 hie
513 2174 607 2201 non
631 2166 736 2200 sunt
759 2155 918 2201 solatio
942 2152 1140 2202 deleniti,

244 2226 295 2261 ut
317 2217 428 2260 Hist.
449 2217 491 2269 2,
513 2215 583 2258 48.
615 2223 766 2258 erecto
791 2215 952 2257 animo
975 2226 1138 2266 capes-

241 2281 369 2320 seret
394 2275 543 2316 vitam
554 2290 568 2324 ;
607 2288 754 2330 neque
777 2271 940 2314 intenti
972 2270 1020 2312 in
1053 2269 1137 2312 ali-

244 2345 379 2393 quam
418 2348 514 2375 rem
551 2330 617 2374 vel
654 2329 805 2387 cupidi
839 2327 1026 2372 alieuius
1059 2327 1140 2376 rei,

243 2400 295 2435 ut
326 2389 438 2433 Hist.
467 2390 510 2441 2,
539 2389 606 2431 11.
637 2393 791 2430 erecta
823 2387 874 2427 in
906 2384 1141 2427 Othonem

243 2448 427 2499 studim
470 2445 549 2490 sed
582 2443 760 2493 attenti,
796 2452 845 2486 ut
867 2442 981 2486 Hist.
1005 2442 1045 2492 8,
1070 2441 1141 2484 65.

244 2507 374 2550 haud
402 2518 642 2562 quaquam
677 2509 827 2544 erecto
859 2501 1023 2542 animo
1063 2513 1143 2541 eas

242 2577 378 2606 voces
401 2561 661 2615 accipiebat.
703 2559 816 2602 Hist.
831 2558 959 2606 4‚81.
985 2564 1144 2600 erecta

245 2635 363 2679 quae
398 2620 620 2662 adstabat
644 2616 958 2660 multitudine.
1020 2613 1139 2657 Plin.

246 2694 346 2738 epp.
376 2679 419 2727 4,
449 2678 491 2720 9.
524 2676 688 2719 inveni
722 2675 793 2717 ita
824 2681 998 2716 erectos
1033 2672 1143 2713 ani-

245 2751 352 2780 mos
366 2742 570 2783 senatus,
593 2735 659 2776 ita
675 2739 901 2782 recentes,
921 2738 970 2772 ut
981 2732 1143 2788 priore

245 2794 432 2838 actione
450 2791 632 2839 incitati
652 2790 804 2845 magis
853 2804 964 2830 uam
982 2788 1148 2832 satiati

246 2853 536 2894 viderentur.
618 2847 714 2891 Cic.
751 2847 797 2890 in
823 2805 956 2889 istut.
998 2862 1039 2890 c.
1069 2843 1140 2887 54.

246 2917 425 2952 erectos
447 2909 675 2950 intuentes
699 2905 882 2947 iudices.
933 2904 1027 2946 lam
1049 2918 1143 2946 non

248 2965 403 3017 video,
444 2963 551 3022 quid
580 2962 819 3021 impediat,
867 2977 957 3019 quo
993 2961 1143 3003 minus

247 3022 337 3067 hoc
355 3039 486 3066 sensu
511 3020 650 3064 animi
675 3019 881 3063 dicantur
902 3019 1047 3062 erecti
1064 3032 1142 3074 pe-

252 3083 422 3123 tendae
448 3078 636 3120 ultionis
657 3094 717 3120 se.
741 3079 895 3129 eausa,
925 3076 1047 3134 quod
1079 3075 1145 3119 sie

254 3137 400 3180 omitti
429 3136 622 3178 vidimus
656 3135 711 3178 ad
737 3135 779 3182 2,
812 3134 882 3177 59.
957 3133 1143 3177 Freins-

250 3193 390 3239 hemii
413 3192 671 3237 coniectura
692 3191 1033 3258 detorquetloci
1050 3207 1146 3233 sen-

253 3268 368 3296 sum.
439 3248 693 3306 Significat,
735 3265 939 3292 omnium
972 3248 1148 3292 animos

254 3309 360 3353 inde
393 3307 599 3351 solatium
629 3307 817 3365 cepisse,
850 3307 972 3363 qnod
997 3322 1142 3364 spera-

256 3375 360 3410 rent
380 3364 502 3415 fore,
532 3372 582 3406 ut
604 3363 822 3407 ultionem
845 3380 867 3406 e
886 3364 1048 3407 Pisone
1072 3379 1147 3420 pe-

1212 1990 1354 2024 terem
1385 1980 1656 2038 scripturam
1684 1981 1890 2026 restituit.
1951 1983 1996 2027 Is
2027 2000 2106 2028 ex-

1213 2038 1370 2097 plicat:
1409 2054 1555 2091 „cum
1586 2039 1723 2081 animi
1756 2050 1897 2084 essent
1921 2041 2105 2087 ultionis

1210 2097 1451 2154 petendae,
1510 2094 1606 2147 vel,
1659 2112 1765 2140 cum
1819 2113 1977 2142 omnes
2026 2115 2106 2143 ex-

1211 2162 1489 2213 spectarent,
1519 2153 1741 2197 ultionem
1762 2156 1951 2213 petitum
1973 2156 2073 2201 iri.’'

1268 2224 1478 2267 interim.
1579 2224 1750 2269 Heinsii
1800 2227 2106 2273 coniecturam

1212 2283 1436 2382 itinerum
1477 2282 1647 2327 nemini
1697 2299 1830 2344 spero
1876 2296 2106 2345 acceptam

1236 2356 1330 2383 ore.

1273 2405 1327 2438 ut
1349 2397 1469 2441 dixi.
1531 2398 1665 2458 Supr.
1687 2401 1729 2452 2,
1749 2399 1820 2444 74.
2048 2397 2052 2407 '

1268 2468 1536 2514 Brundisii.
1606 2470 1684 2515 Sic
1713 2472 1814 2514 edd.
1853 2471 1970 2530 Lips.
2005 2491 2025 2517 s
2093 2508 2103 2519 .

1214 2526 1482 2591 Brundusii
1515 2527 1614 2573 edd.
1643 2528 1749 2573 Ber.
1774 2529 1976 2576 Rhenan.
1998 2490 2106 2578 ΑἩ.

1212 2582 1390 2641 Micyll.

1269 2657 1396 2696 nodo
1431 2655 1638 2698 crinium
1674 2659 1775 2700 eius
1807 2662 2106 2706 occultatum.

1213 2709 1272 2755 cf.
1298 2711 1526 2770 B’ottiger,
1556 2716 1751 2763 ,Sabina
1782 2715 1827 2768 I,
1856 2734 1900 2776 p.
1930 2719 2028 2762 147.

1272 2782 1386 2827 CAP.
1413 2783 1455 2826 8.
1522 2787 1805 2839 praemisso.
1877 2789 1963 2833 Ed.
1998 2790 2105 2835 Ber.

1207 2841 1475 2895 praemisa,
1513 2843 1638 2902 quod
1659 2843 1890 2890 Victorius
1919 2847 1967 2890 in
1995 2865 2032 2893 s.
2065 2865 2105 2894 e.

1215 2913 1314 2941 cor.
1337 2906 1626 2952 praemisso.

1216 3010 1226 3021 .
1272 2970 1431 3010 quam.
1505 2957 1687 3001 Omisso
1727 2968 1854 3003 antea
1889 2969 2016 3014 tam,
2057 2973 2108 3008 ut

1214 3012 1321 3056 1nfr.
1359 3013 1410 3066 5,
1441 3015 1483 3057 6.
1524 3031 1584 3059 ne
1625 3020 1911 3060 memoriam
1951 3023 2113 3064 nostri

1210 3085 1300 3124 per
1335 3087 1602 3116 maerorem
1645 3089 1786 3129 quam
1830 3070 1948 3119 Ia'eti
1987 3081 2106 3121 reti-

1215 3131 1383 3171 neatis.

1261 3187 1396 3242 filios
1407 3187 1732 3242 familiarum.
1794 3189 1868 3234 Sic
1886 3192 1988 3235 cod.
2004 3193 2107 3238 MS.

1218 3251 1318 3286 test.
1367 3245 1399 3286 Ι.
1449 3243 1713 3297 Gronovio,
1761 3247 1867 3292 edd.
1914 3249 2107 3294 Pichena

1216 3316 1342 3358 seqq.
1390 3303 1524 3357 filios
1529 3304 1856 3359 familiarium
1881 3307 1979 3350 edd.
2002 3308 2105 3352 Ber.

1218 3366 1260 3400 et
1291 3358 1434 3402 Rhen.
1471 3376 1569 3418 sqq.
1650 3361 1708 3404 cf.
1750 3362 1936 3407 Sueton.
1973 3367 2107 3423 Vesp.

257 3431 420 3468 terent.
482 3419 621 3477 Quod
655 3438 679 3464 a
711 3431 919 3465 contextu
950 3420 1147 3464 alienum
1217 3430 1257 3457 c.
1296 3419 1364 3460 11.
1407 3433 1524 3460 neve
1554 3419 1772 3475 filiorum
1804 3422 2108 3475 familiarum

258 3490 339 3525 est.
399 3479 479 3523 Sin
505 3486 653 3522 autem
676 3477 797 3527 velis,
826 3479 1029 3521 omnium
1048 3478 1146 3521 ani·
1205 3471 1558 3529 feneratoribus
1595 3478 1816 3532 exigendi
1844 3481 2008 3523 crediti
2035 3482 2108 3524 ius

258 3553 359 3583 mos
377 3553 501 3596 spem
522 3535 739 3595 petendae
758 3535 942 3581 ultionis
969 3535 1150 3595 cepisse,

1220 3548 1430 3590 unquam
1454 3542 1585 3578 esset.
