2222 4030
174 259 391 373 2:32⁷}
564 290 737 353 ΜΒ.
777 288 855 351 11.
937 284 1134 350 CAP.
1176 290 1469 353 10-12,
1829 280 1950 358 129

90 425 392 484 nuntians,
478 441 619 478 nam
657 421 938 497 pleraque
973 417 1192 476 Latino
1230 437 1500 478 sermone
1538 422 1958 497 interiaciebat,

91 524 158 571 ut
199 510 303 589 qui
343 507 636 568 Romanis
677 505 744 561 in
784 504 988 562 castris
1030 504 1242 562 ductor
1281 505 1659 580 popularium
1701 511 1956 570 meruis-

90 610 195 659 set.
1714 664 1718 666 a

261 690 368 752 XI.
452 689 697 748 Postero
732 688 829 746 die
873 686 1314 744 Germanorum
1353 686 1506 744 acies
1540 700 1703 747 trans
1737 690 1954 752 visura

90 780 211 855 gim
237 778 411 835 stetit.
495 774 712 833 Caesar
745 774 861 830 nisi
897 773 1179 849 pontibus
1209 772 1634 850 praesidiisque
1665 771 1957 854 impositis

89 868 230 923 dare
287 863 352 919 in
408 861 725 918 discrimen
778 858 1038 933 legiones
1089 853 1250 929 haud
1301 857 1750 934 imperatorium
1792 876 1956 923 ratus

90 950 348 1028 equitem
388 947 541 1003 vado
587 945 878 1004 tramittit.
975 937 1280 1020 praefuere
1310 942 1629 1002 Stertinius
1673 959 1731 1004 et
1765 968 1799 1004 e
1837 970 1955 1008 nu-

88 1056 253 1107 mero
281 1031 747 1110 primipilarium
771 1027 1094 1100 Aemilius,
1138 1027 1495 1086 distantibus
1531 1031 1678 1088 locis
1713 1032 1956 1107 invecti,

87 1133 156 1180 ut
194 1116 433 1178 hostem
481 1118 843 1176 diducerent.
930 1136 1047 1193 qua
1095 1113 1433 1172 celerrimus
1467 1116 1689 1187 amnis,
1744 1115 1957 1177 Cario-

88 1207 262 1264 valda
300 1206 420 1262 dux
452 1202 813 1261 Batavorum
856 1202 1074 1276 erupit:
1139 1219 1275 1257 eum
1313 1196 1598 1260 Cherusci
1634 1203 1835 1276 fugam
1873 1205 1957 1261 si·-

3 1311 4 1314 ’
88 1293 383 1349 mulantes
434 1289 500 1345 in
551 1288 860 1365 planitiem
913 1286 1161 1344 saltibus
1213 1286 1648 1355 circumiectam
1703 1299 1955 1348 traxere:

3 1383 5 1385 ’
89 1377 231 1435 dein
264 1374 453 1432 coorti
481 1386 539 1431 et
577 1373 845 1449 undique
885 1371 1056 1428 effusi
1094 1372 1346 1429 trudunt
1382 1374 1690 1444 adversoS,
1731 1374 1960 1434 instant

88 1461 435 1521 cedentibus
474 1458 866 1534 collectosque
911 1457 975 1513 in
1014 1457 1219 1513 orbem
1254 1477 1389 1532 pars
1429 1459 1756 1532 congressi,
1823 1461 1960 1537 qui*

88 1550 226 1605 dam
264 1547 496 1604 eminus
527 1544 900 1621 proturbant.
986 1540 1340 1599 Cariovalda
1364 1543 1470 1601 diu
1496 1556 1818 1603 sustentata
1843 1542 1959 1605 ho-

88 1634 266 1691 stium
321 1630 561 1688 saevitia
619 1626 889 1686 hortatus
940 1647 1106 1697 suoS,
1174 1639 1242 1686 ut
1299 1628 1639 1702 ingruentes
1695 1642 1959 1690 catervas

87 1720 263 1794 globo
298 1718 667 1790 frangerent,
707 1726 885 1791 atque
922 1714 1050 1789 ipse
1088 1712 1152 1769 in
1193 1714 1573 1772 densissimos
1600 1714 1961 1793 ¹,inrumpens

87 1804 376 1879 congestis
404 1802 538 1860 telis
559 1812 617 1859 et
638 1800 887 1858 suffosso
922 1819 1074 1876 equo
1104 1799 1327 1857 labitur
1343 1821 1416 1857 rac
1451 1801 1630 1858 multi
1663 1802 1964 1871 nobilium

87 1891 269 1948 circa:
315 1900 541 1946 ceteros
562 1885 652 1943 vis
678 1906 782 1943 sua
811 1896 914 1942 aut
946 1886 1171 1962 equites
1194 1905 1329 1942 cum
1355 1885 1645 1953 Stertinio
1666 1882 1964 1945 Aemilio-

87 1996 203 2054 que
230 1962 646 2031 subvenientes
669 1971 934 2048 periculo
964 1990 1245 2031 exemere.

256 2071 396 2132 XII.
478 2069 695 2129 Caesar
731 2082 1127 2144 transgressus
1155 2068 1460 2143 Visurgim
1498 2071 1722 2128 indicio
1760 2072 1962 2148 perfu-

87 2180 192 2237 gae
219 2157 519 2234 cognoscit
546 2156 838 2213 delectum
861 2157 936 2212 ab
961 2152 1239 2212 Arminio
1280 2155 1480 2211 locum
1513 2172 1772 2230 pugnae:
1818 2178 1965 2215 con-

86 2242 316 2303 <venisse
355 2255 414 2301 et
452 2242 598 2299 alias
632 2240 905 2298 nationes
950 2240 1015 2296 in
1058 2241 1270 2297 silvam
1310 2238 1560 2297 Herculi
1596 2261 1821 2299 sacram
1857 2263 1966 2300 aua

87 2350 375 2408 surasque
403 2338 758 2385 nocturnam
788 2338 1114 2384 castrorum
1146 2325 1671 2402 oppugnationem.
1759 2323 1965 2387 habita

89 2417 272 2475 indici
313 2417 475 2474 fides,
576 2424 634 2471 et
678 2413 1074 2472 cernebantur
1110 2411 1304 2485 ignes:
1365 2413 1773 2490 suggressique
1819 2434 1964 2491 pro-

145 2634 261 2683 ΟΜ».
289 2636 355 2680 11.
417 2634 792 2689 inperator-tum.
841 2645 982 2692 στρα-

86 2691 303 2755 τηγικόν,
340 2688 638 2753 ἡγεμονικόν.

143 2768 427 2810 diaueerent.
487 2763 602 2808 Edd.
631 2760 842 2807 Beroald.
872 2760 986 2806 Rhe-

89 2822 313 2870 num-AM.
338 2826 639 2866 deducerent.
692 2820 741 2863 ln
766 2819 872 2863 casti
908 2828 984 2862 att.

86 2882 287 2926 Rhenan.
312 2879 517 2924 emendat
533 2880 824 2922 diducet-ent.
867 2876 883 2918 l
912 2876 986 2919 inc

87 2947 208 2984 recte
237 2936 356 2994 Lips.
388 2952 513 2996 seqq.
552 2935 654 2979 edd.
699 2934 984 2976 diducet-ent.

86 2997 144 3043 cs.
170 2998 208 3047 1,
229 2996 303 3039 60.
340 2995 590 3038 Caecinam
622 3016 679 3026 —
709 2992 983 3034 distrahen-

85 3059 147 3099 ά..
165 3054 294 3096 hosti
321 3078 380 3089 -
408 3052 571 3094 mittit.
634 3049 692 3093 τί.
713 3046 825 3092 liin.
849 3048 891 3099 4,
911 3047 982 3090 46.

85 3112 180 3156 Eos
200 3110 449 3154 Mucianus
480 3109 639 3151 diduci
670 3108 805 3149 iubet.
873 3103 982 3160 Quo

87 3169 132 3213 in
161 3169 262 3212 loco
292 3165 407 3212 male
436 3166 535 3210 libri
566 3164 748 3223 quidam
775 3171 883 3206 vett.
910 3162 982 3207 ba·

85 3228 192 3272 beni
225 3226 399 3268 deduci.
464 3224 578 3267 Vide
615 3221 748 3266 etiam
780 3217 979 3276 Quintil.

86 3283 230 3327 lnutit.
260 3282 302 3334 4,
322 3283 367 3334 2,
388 3283 458 3326 82.
492 3290 534 3325 et
569 3281 607 3327 5.
632 3279 701 3328 13,
729 3278 793 3324 13.
874 3277 981 3320 Mox

87 3340 188 3386 cod.
215 3339 316 3383 MS.
341 3339 676 3383 Chariovalda.

144 3412 449 3465 collectosque
474 3410 523 3451 ίη
548 3410 726 3451 orbem.
788 3408 875 3450 Ros
903 3423 981 3448 no·

87 3468 267 3514 tissima.
334 3469 392 3510 cs.
410 3467 536 3511 Cae-³.
556 3467 606 3510 B.
622 3466 678 3509 G.
700 3466 740 3515 5,
761 3465 831 3508 83.
853 3465 894 3516 4,
911 3464 980 3507 37;

85 3527 179 3571 Liv.
203 3526 247 3577 4,
267 3527 339 3568 28.
361 3525 430 3570 89.
465 3524 534 3576 28,
555 3524 627 3569 22.

140 3583 356 3628 saevitia.
416 3581 705 3639 χαλεπότης,
753 3576 977 3634 δεινότης.

86 3641 143 3687 cs.
170 3643 207 3692 l,
230 3641 301 3684 67.
336 3648 376 3682 et
401 3649 496 3684 not.
521 3641 574 3684 ad
598 3642 639 3691 2,
662 3642 704 3685 5.

167 3707 411 3760 Tam-rus
453 3704 492 3758 Ι.

1102 2631 1408 2688 frangerent.
1469 2600 1547 2674 Sic
1569 2630 1670 2674 edd.
1696 2630 1746 2674 Li
1781 2629 1958 2677 s.Pieh.

1056 2687 1202 2790 ἓξὲξ.
1226 2703 1334 2789 ffiq.
1396 2686 1675 2743 sn‘ngerent
1718 2704 1740 2732 e
1777 2687 1820 2733 d.
1853 2688 1959 2734 Ber.

1116 2829 1230 2873 (ΞΜ).
1247 2827 1313 2871 12.
1349 2829 1521 2871 savam
1536 2828 1733 2871 Herculi
1747 2843 1971 2876 sacram.-

1059 2887 1127 2930 De
1148 2885 1343 2930 Hercule
1365 2885 1705 2929 Germanorum
1735 2885 1830 2931 vid.
1847 2885 1959 2935 Tac,

1058 2943 1216 2988 Germ.
1242 2959 1280 2987 c.
1306 2942 1350 2985 9.
1383 2951 1426 2985 et
1463 2951 1560 2987 not.
1588 2942 1643 2986 ad
1669 2941 1827 2989 Germ.
1862 2960 1903 2990 c.
1925 2945 1959 2993 8,

1057 3010 1097 3043 et
1132 3000 1201 3044 84.
1283 2999 1524 3043 Novissimi
1566 2998 1834 3060 interpretes
1875 3002 1954 3058 (cf.

1056 3056 1255 3102 llickless
1286 3065 1327 3100 et
1361 3056 1632 3101 liert-mann.
1657 3057 1711 3101 ad
1737 3055 1781 3102 h·
1807 3057 1855 3117 l.)
1887 3059 1954 3104 in-

1057 3116 1264 3174 telligunt
1289 3123 1479 3165 montes,
1507 3113 1585 3175 qui
1609 3113 1741 3159 bodie
1763 3116 1955 3167 audiunt

1055 3174 1428 3226 Sumelgebirge,
1480 3173 1526 3215 in
1577 3186 1773 3231 quorum
1821 3190 1952 3220 cacu-

1057 3231 1176 3274 mine
1201 3232 1304 3284 (der
1317 3229 1598 3287 Holemtet‘n)
1622 3238 1862 3288 supersunt
1883 3248 1954 3278 ve·

1055 3289 1158 3333 teris
1194 3303 1295 3331 arae
1331 3285 1571 3347 reliquiae,
1608 3287 1796 3332 nomine
1826 3287 1959 3334 Tm·-

1054 3349 1284 3389 dmstein.
1365 3342 1652 3389 Vocabulum
1682 3342 1852 3389 Sume!
1884 3346 1951 3391 in·

1055 3410 1356 3463 terpretantur
1404 3402 1673 3453 Saltatha,-
1740 3401 1951 3450 Herculia

1054 3462 1332 3507 mentionem
1361 3458 1566 3504 referunt
1598 3458 1651 3503 ad
1685 3473 1843 3504 vocem
1865 3470 1952 3508 ‘an-

1053 3522 1223 3577 tiquam
1248 3516 1435 3569 Heark,
1467 3516 1609 3561 lucus.
1669 3514 1770 3560 Hoc
1799 3511 1950 3564 tamen

1054 3591 1212 3636 parurn
1254 3573 1357 3620 fidei
1397 3572 1529 3619 habet
1569 3582 1754 3633 propter
1790 3571 1953 3621 Germo

1055 3652 1093 3679 c.
1114 3633 1155 3679 8.
1178 3634 1221 3677 9.
1243 3629 1313 3678 84.
1465 3693 1490 3750 l
