2222 4030
561 859 629 920 C.
714 851 1342 917 CORNELII
1429 850 1874 913 TACITI

1171 994 1271 1032 AB

750 1100 1093 1148 EXCESSU
1141 1100 1313 1146 D1V1
1360 1099 1712 1146 AUGUSTI

382 1213 481 1286 A
635 1208 710 1285 N
863 1204 940 1284 N
1101 1205 1174 1279 A
1329 1206 1398 1279 L
1550 1205 1590 1280 1
1746 1205 1817 1294 U
1955 1208 2080 1321 M,

835 1362 1096 1418 LIBER
1159 1363 1606 1419 SECUNDUS.

754 1636 1354 1681 BREVIARIUM
1427 1636 1701 1681 LIBRI.

1573 1718 1585 1735 Ι
2158 1731 2163 1734 .

449 1749 560 1792 CAP.
595 1748 634 1791 1.
677 1739 808 1788 Initia
839 1743 946 1788 belli
982 1744 1196 1788 Parthici.
1268 1743 1478 1787 Phraates
1521 1743 1730 1787 Vononis
1767 1752 1909 1801 pater.
1979 1747 2024 1790 2.
2063 1748 2159 1791 Vo-

300 1824 444 1854 nones
477 1804 772 1866 popularibus
803 1802 984 1845 invisus.
1043 1802 1084 1844 3.
1117 1803 1189 1845 Ab
1215 1801 1445 1844 Artabano
1481 1801 1660 1859 pulsus,
1697 1801 1752 1843 ad
1773 1802 2018 1846 Armenios
2050 1822 2159 1862 pro·
2216 1851 2219 1854 Α

298 1868 449 1925 fugus.
507 1866 550 1906 4.
583 1863 634 1904 In
669 1859 887 1903 Armenia
919 1860 1107 1902 mutatio
1145 1875 1314 1917 regum.
1376 1859 1417 1901 5.
1455 1858 1753 1902 Germanicus
1785 1859 1955 1903 invidia
1989 1859 2160 1905 Tiberii
2220 1879 2222 1881 ’

298 1930 531 1968 revocatus
560 1919 811 1962 Germanos
846 1916 1086 1960 confestim
1116 1916 1296 1972 adgredi
1327 1924 1466 1975 parat.
1535 1916 1576 1960 6.
1605 1914 1768 1960 Classis
1798 1918 1906 1961 eius.
1962 1917 2162 1963 Rhenus.
2210 1909 2222 1922 ⁶

300 1983 343 2026 7.
366 1977 572 2036 Inruptio
596 1978 643 2018 in
658 1975 825 2019 Cattos.
884 1974 978 2016 Ara
997 1973 1135 2016 Drusi
1166 1973 1385 2017 restituta.
1445 1975 1487 2017 8.
1520 1974 1661 2017 Fossa
1681 1973 1920 2018 Drusiana.
1977 1976 2161 2020 Amisia.

301 2039 355 2082 In
383 2036 572 2079 rebelles
603 2030 896 2092 Angrivarios
926 2031 1304 2074 animadversum.
1390 2031 1431 2074 9.
1478 2030 1674 2075 Arminii
1710 2047 1815 2073 cum
1846 2031 1983 2075 fratre
2014 2033 2163 2077 collo-

335 2094 484 2138 uium:
546 2095 615 2135 10.
657 2090 759 2133 inde
806 2089 872 2130 ira
915 2097 958 2130 et
997 2088 1212 2145 iurgium.
1299 2090 1364 2131 11.
1406 2088 1638 2146 Visurgim
1680 2096 1914 2131 transeunt
1956 2090 2163 2135 Romani.

301 2112 577 2196 {atavorum
618 2147 877 2190 discrimen.
958 2144 1222 2188 Cariovalda
1262 2162 1430 2189 caesuS.
1515 2147 1583 2189 12.
1629 2143 1926 2190 Germanicus
1967 2147 2163 2192 militum

303 2210 477 2254 animos
511 2206 724 2262 explorat.
800 2202 866 2245 13.
908 2202 1168 2258 Transfugis
1200 2203 1451 2258 praemium
1485 2203 1828 2262 pronuntiatum
1859 2219 1882 2245 a
1910 2203 2164 2254 Germanis,

304 2282 410 2310 mox
435 2264 590 2307 castris
613 2262 745 2304 Rom.
769 2259 1056 2302 adsultatum.
1118 2261 1187 2301 14.
1223 2259 1483 2304 Germanici
1508 2260 1751 2304 somnium.
1808 2259 2004 2318 Eiusque
2030 2262 2097 2306 15.
2123 2272 2164 2306 et

303 2321 503 2369 Arminii
522 2321 746 2364 orationes
768 2318 822 2360 ad
845 2333 964 2360 suos.
1027 2318 1094 2359 16.
1125 2317 1272 2359 Locus
1292 2333 1466 2375 pugnae
1494 2334 1679 2375 campus
1706 2317 1975 2362 Idistavisus.
2027 2321 2162 2363 Acie-

305 2397 412 2426 rum
436 2375 690 2421 instructio.
755 2374 820 2416 17.
851 2375 1066 2417 Faustum
1100 2375 1354 2430 augurium.
1417 2375 1540 2433 Fuga
1563 2375 1901 2418 Germanorum
1935 2386 1978 2420 et
2004 2376 2165 2422 clades.

308 2439 377 2483 18.
405 2436 662 2493 Tropaeum
691 2432 902 2490 positum.
974 2432 1041 2474 19.
1078 2430 1185 2486 Quo
1219 2431 1439 2476 dedecore
1473 2449 1660 2476 accensa
1696 2449 1804 2489 gens
1838 2432 2006 2476 bellum
2035 2451 2165 2478 resu-

307 2495 406 2540 mit.
475 2494 548 2535 20.
578 2490 757 2534 Acriter
788 2496 1051 2547 pugnatum.
1119 2490 1187 2531 21.
1220 2489 1424 2531 Vincunt
1455 2491 1635 2533 tandem
1660 2489 1876 2538 Romani,
1911 2507 2167 2548 quanquam

307 2551 520 2608 ambiguo
544 2549 745 2607 equitum
766 2547 1021 2590 certamine.
1089 2547 1160 2589 22.
1191 2546 1528 2590 Monimentum
1553 2556 1595 2590 et
1623 2548 1776 2589 titulus
1796 2562 1958 2590 *rerum
1991 2548 2166 2606 magni-

308 2610 436 2654 fieus.
508 2607 580 2652 23.
609 2604 782 2648 Milites
805 2602 942 2646 classe
966 2603 1150 2648 revecti.
1216 2603 1287 2646 24.
1318 2604 1381 2645 Ex
1406 2605 1663 2662 tempestate
1695 2604 1922 2647 calamitas
1954 2613 1996 2647 et
2027 2622 2167 2662 paene

309 2666 508 2710 exitium.
565 2661 812 2706 Recollecti
836 2659 1056 2718 naufragi.
1113 2659 1185 2704 25.
1215 2660 1311 2703 Hac
1334 2660 1515 2704 fortuna
1543 2671 1717 2705 erectos
1741 2661 1890 2704 denuo
1916 2660 2168 2707 Germanos

309 2723 574 2783 adgreditur
622 2717 921 2763 Germanicus
970 2718 1227 2775 caeditque,
1278 2718 1412 2760 simul
1463 2720 1659 2775 aquilam
1701 2717 1941 2762 Varianam
1991 2721 2165 2778 recipit.

309 2782 382 2824 26.
415 2780 536 2823 Tum
564 2777 698 2820 rebus
730 2774 908 2818 insectis
933 2784 1149 2818 avocatur
1175 2791 1198 2817 a
1220 2774 1417 2819 Tiberio.
1477 2777 1549 2820 27.
1578 2776 1691 2819 Libo
1725 2775 1900 2819 Drusus
1933 2777 1986 2819 ab
2022 2778 2169 2821 amico
2219 2803 2222 2825 e

311 2839 500 2882 delatus.
552 2836 640 2878 ·28.
674 2835 919 2876 Accusatus
950 2832 998 2874 in
1032 2840 1209 2883 senatu,
1257 2833 1328 2875 29.
1361 2848 1502 2890 quum
1542 2843 1758 2892 patronos
1799 2849 1891 2875 non
1934 2836 2168 2892 reperiret,
2216 2879 2220 2887 ,

311 2895 382 2939 30.
417 2911 502 2938 nec
531 2901 625 2936 tam
656 2889 832 2933 sceleris
853 2905 987 2946 quam
1006 2889 1245 2935 vecordiae
1282 2890 1491 2934 convinci
1524 2899 1695 2949 posset,
1740 2905 1859 2932 novo
1894 2890 1991 2934 iure
2019 2908 2170 2937 servos
2217 2888 2222 2908 ²

311 2952 515 3009 torqueri
546 2952 592 2992 in
623 2964 755 2991 suum
787 2955 921 3003 caput
949 2947 1077 2991 vidit.
1152 2947 1222 2990 31.
1256 2947 1348 2989 lam
1382 2947 1547 2991 frustra
1578 2957 1706 2991 orato
1739 2947 1943 3005 principe
1979 2948 2091 2992 Libo
2123 2966 2169 2993 se

311 3010 407 3068 ipse
436 3006 648 3052 confecit.
695 3003 798 3047 .32.
836 3004 886 3046 In
917 3003 1182 3047 defunctum
1224 3007 1467 3048 sententiae
1507 3014 1784 3048 senatorum.
1868 3005 2095 3062 Astrologi
2127 3015 2172 3049 et

313 3066 433 3123 magi
466 3082 516 3108 ex
550 3062 676 3108 Italia
736 3060 836 3104 ulsi.
897 3061 968 3105 33.
1001 3062 1148 3105 Luxus
1171 3061 1376 3119 publicus
1399 3061 1555 3106 leviter
1574 3063 1824 3112 coercitus,
1855 3076 1988 3119 quem
2011 3063 2169 3105 desen-

276 3159 292 3176 ,
315 3122 379 3166 dit
414 3121 612 3164 Asinius‘.
671 3078 741 3162 ΞΣ.
779 3118 959 3162 Pisonis
996 3117 1203 3168 libertas,
1246 3118 1517 3176 Urgulaniae
1548 3122 1764 3177 potentia.
1826 3118 1896 3162 35.
1931 3120 1999 3161 De
2035 3121 2171 3163 rebus

345 3178 596 3230 roserendis
628 3185 857 3220 certamen
889 3175 935 3218 in
968 3184 1139 3218 senatu.
1206 3175 1278 3218 36.
1313 3176 1456 3218 Asinii
1478 3177 1698 3219 sententia
1735 3176 1788 3217 de
1824 3176 2015 3219 comitiis
2046 3194 2068 3219 a
2090 3177 2170 3220 Ti-

309 3195 442 3280 vEerio
471 3234 651 3278 reiecta.
711 3234 780 3276 37.
811 3232 988 3276 Hortali
1021 3232 1317 3276 levamentum
1342 3233 1521 3289 inopiae
1546 3249 1648 3276 suae
1702 3233 1891 3275 oscentis
1922 3235 2170 3277 orationem

316 3293 386 3338 38.
408 3306 559 3350 aspere
583 3290 984 3347 excipitTiberiust
1016 3299 1165 3332 tamen
1190 3290 1338 3332 liberis
1363 3289 1456 3333 eius
1481 3291 1667 3332 nonnibi
1711 3289 1908 3346 largitur.
1969 3290 2038 3333 39.
2063 3291 2169 3335 Cle-

316 3350 481 3395 mentis
512 3345 625 3391 servi
657 3346 844 3388 facinus.
902 3348 943 3389 Is
964 3346 1232 3390 Postumum
1255 3347 1503 3406 Agrippam
1535 3364 1579 3389 se
1612 3348 1825 3390 mentitus
1855 3347 2048 3405 principi
2087 3366 2168 3393 cu-

318 3423 414 3452 ram
447 3404 615 3455 inficit,
653 3403 731 3445 sed
766 3403 834 3445 40.
863 3403 1063 3447 Sallustii
1097 3403 1242 3463 Crispi
1277 3405 1382 3448 dolo
1415 3413 1568 3463 captus
1602 3405 1836 3448 occiditur.
1896 3407 1964 3447 41.
2000 3406 2171 3449 Romae

319 3464 589 3508 dedicantur
610 3475 732 3504 nova
755 3476 903 3517 opera.
2084 3479 2092 3483 ⁸

463 3520 601 3563 Anno
634 3517 838 3575 proximo
873 3516 1114 3576 triumphat
1139 3517 1450 3562 Germanicus.
1508 3518 1580 3563 42.
1614 3517 1861 3562 Archelaus
1895 3536 1967 3561 rex
2001 3519 2170 3578 Cappa·

257 3598 262 3603 ·
320 3578 486 3624 docum
513 3575 751 3632 ini—urbem
784 3573 950 3620 accitus
983 3575 1109 3633 perit.
1191 3576 1261 3621 43.
1299 3575 1464 3620 Oriens
1499 3577 1698 3621 turbatus
1727 3575 2022 3621 committitur
2051 3577 2168 3619 Ger-
