2222 4030
1787 245 1840 279 A.
1867 243 1917 281 U.
1931 244 2016 282 769.

1793 285 1846 324 A.
1864 287 1911 324 C.
1953 290 2015 323 16.

240 251 362 311 120
906 242 1447 306 ANNALIUM.

239 399 354 458 que
401 375 653 434 feminae
697 374 978 449 imperio,
1041 375 1137 431 cui
1175 394 1395 431 nomen
1427 370 1641 446 Eram,
1708 395 1891 454 eaque
1930 383 2103 440 brevi

240 465 411 541 p'ulsa
454 460 666 517 incerti
715 460 1009 536 solutique
1052 471 1110 516 et
1148 460 1334 533 magis
1369 459 1494 515 sine
1528 459 1772 518 domino
1817 485 1995 540 quam
2025 468 2101 525 jn

240 551 510 606 libertate
535 547 851 621 profugum
874 544 1191 601 Vononem
1220 545 1286 599 in
1307 564 1556 618 regnum
1583 546 1896 621 accipiunt.
1982 551 2101 609 Sed

242 634 351 691 ubi
389 631 658 704 minitari
694 627 1035 688 Artabanus
1069 641 1124 684 et
1154 649 1366 703 parum
1398 631 1647 687 subsidii
1683 631 1748 687 in
1781 627 2102 706 ArmeniiS‚

242 719 368 788 vel,
413 718 462 773 si
489 728 688 774 nostra
720 717 783 772 vi
812 715 1249 783 defenderetur,
1292 715 1518 771 bellum
1552 718 1830 774 adversus
1851 716 2103 776 Parthos

245 804 598 861 sumendum
637 812 783 857 erat:
827 812 1017 856 rector
1047 798 1252 875 Syriae
1289 798 1553 858 Creticus
1581 802 1820 860 Silanus
1853 805 2105 862 excitum

246 889 512 946 custodia
566 887 916 954 circumdat,
983 896 1259 940 manente
1315 886 1460 943 luxu
1515 898 1572 944 et
1625 888 1786 962 regio
1842 890 2102 950 nomine.

245 975 406 1052 quod
433 973 763 1031 ludibrium
794 982 861 1027 ut
899 969 1153 1042 effugere
1189 970 1496 1043 agitaverit
1519 970 1828 1044 Vonones,
1871 974 1938 1031 in
1971 977 2102 1032 loco

244 1059 578 1117 reddemUS.

415 1143 490 1203 V.
543 1140 819 1200 Ceterum
843 1138 1091 1196 Tiberio
1112 1135 1275 1196 haud
1302 1140 1601 1214 ingratum
1632 1141 1844 1198 accidit
1875 1144 2108 1200 turbari

242 1249 336 1287 res
365 1226 659 1296 OrientiS‚
700 1239 767 1283 ut
792 1245 856 1280 ea
882 1225 1070 1300 specie
1098 1223 1523 1301 Germanicum
1560 1227 1738 1283 suetis
1773 1227 2108 1300 legionibus

243 1310 606 1374 abstraheret
631 1311 918 1387 novisque
945 1311 1270 1385 provinciis
1296 1311 1639 1387 impositum
1670 1312 1808 1369 dolo
1844 1313 2021 1370 simul
2050 1326 2108 1372 et

245 1401 474 1458 casibus
511 1398 842 1455 obiectaret.
890 1411 894 1417 '
931 1391 1014 1452 At
1042 1397 1170 1465 ille,
1218 1409 1439 1472 quanto
1470 1397 1698 1454 acriora
1718 1397 1791 1453 *in
1818 1418 1951 1454 eum
1983 1410 2108 1455 stu-

242 1486 339 1542 dia
366 1485 621 1540 militum
653 1495 707 1539 et
735 1501 935 1537 aversa
967 1482 1166 1556 patrui
1198 1482 1501 1552 voluntaS‚
1546 1483 1885 1539 celerandae
1919 1483 2110 1542 victo-

241 1571 364 1638 riae
395 1569 680 1626 intentior
719 1577 965 1625 tractare
998 1568 1365 1642 proeliorum
1401 1569 1528 1624 vias
1565 1579 1621 1624 et
1657 1588 1805 1644 quae
1841 1568 1955 1625 sibi
1989 1580 2109 1625 ter-

241 1655 392 1713 tium
416 1655 535 1710 iam
564 1657 789 1709 annum
816 1652 1189 1726 belligeranti
1224 1672 1394 1709 saeva
1428 1653 1526 1709 vel
1561 1673 1842 1729 prospera
1879 1654 2110 1711 evenis-

301 1805 561 1847 Vononem.
638 1803 752 1847 cod.
787 1801 890 1846 MS.
934 1801 1004 1846 ed.
1045 1802 1138 1846 Iac.

1208 1819 1305 1846 non
1327 1811 1474 1861 potest
1504 1802 1758 1862 significare
1779 1803 1891 1849 nisi:
1927 1805 1975 1849 in
2006 1807 2106 1848 ani-

243 1861 466 1913 Gronovii
491 1862 544 1905 V
538 1875 741 1904 ononen.

297 1967 381 2007 sed
403 1965 482 2005 ubi
498 1963 710 2006 minitari
727 1961 1016 2005 Artabanus.
1077 1957 1137 2002 cf.

240 2021 414 2080 Ioseph.
441 2021 506 2073 18,
527 2021 570 2064 4.

299 2123 348 2164 in
371 2124 470 2163 loco
490 2123 753 2164 reddemus.
788 2116 847 2160 cf.
872 2134 909 2160 c.
922 2118 994 2160 68.
1038 2116 1136 2161 An-

241 2188 286 2223 te
307 2179 518 2222 Sillanus
546 2178 646 2220 edd.
672 2184 777 2218 vett.
793 2174 950 2218 e.Ald.
1010 2174 1138 2217 Sila-

241 2251 334 2279 nus
367 2237 468 2279 edd.
503 2241 690 2279 recentt.
721 2232 824 2274 inde
858 2249 881 2274 a
911 2231 1061 2291 Lipsio
1096 2240 1139 2275 et

241 2293 441 2337 Pichena
472 2302 513 2336 et
544 2293 608 2336 sic
629 2290 732 2333 MS.
755 2290 881 2333 Flor.
910 2289 993 2332 litt.
1017 2289 1137 2332 Lan-

243 2352 345 2410 gob.
368 2368 456 2395 scr.
484 2350 550 2398 13,
575 2353 613 2392 1.
675 2347 791 2389 Vide
820 2347 881 2390 ibi
903 2355 1000 2389 not.
1025 2347 1137 2390 Sul-

242 2408 384 2452 lan‘us
405 2409 473 2452 ed.
495 2408 613 2466 Lips.
639 2405 765 2449 1574.
1126 2407 1133 2416 ’

302 2521 418 2565 CAP.
441 2522 482 2565 5.
545 2521 815 2563 obiectaret.
871 2518 997 2576 Virg.
1020 2519 1138 2564 Aen.

242 2580 285 2634 2,
309 2581 410 2624 751.
434 2585 572 2635 caput
594 2579 826 2621 obiectare
844 2578 1055 2632 periclis.

302 2687 480 2737 quanto
510 2687 596 2723 etc.
674 2677 747 2722 De
798 2685 1027 2722 structura
1076 2677 1138 2722 cf.

244 2749 343 2784 not.
376 2738 433 2782 ad
467 2739 506 2789 1,
529 2738 597 2780 57.

302 2846 506 2882 tractare
534 2838 829 2891 proeliorum
859 2837 981 2891 uias.
1052 2836 1140 2879 Er-

244 2898 412 2942 nestius
451 2896 767 2951 interpretatur
798 2899 1014 2943 modum,
1054 2910 1139 2937 ra-

247 2957 426 2997 tionem
458 2954 568 2997 belli
592 2953 799 3008 gerendi.
863 2952 941 2995 Sic
962 2951 1056 2996 Cic.
1086 2951 1142 2995 ad

248 3011 412 3067 Quint.
443 3010 519 3052 Fr.
552 3012 590 3062 1,
618 3014 654 3061 1,
675 3009 716 3054 5.
751 3011 946 3066 quidam
978 3023 1142 3052 omnes

244 3070 348 3111 vias
365 3069 588 3120 pecuniae
606 3077 799 3110 norunt.
830 3067 1141 3111 Lallemandus

248 3136 293 3171 et
329 3124 543 3168 Wolfius
593 3127 699 3167 vias
746 3124 930 3183 proprie
971 3123 1141 3166 intell-i-

281 3192 382 3234 unt,
427 3189 476 3222 ut
506 3181 563 3224 ita
597 3182 895 3225 Germanicus
927 3181 1143 3238 cogitasse

248 3200 451 3290 iiicatur,
516 3239 676 3295 quibus
727 3241 807 3282 viis
858 3239 1032 3294 hostem
1089 3237 1144 3279 ad

248 3299 447 3358 pugnarn
482 3294 677 3338 eliceret.
756 3299 814 3339 At
847 3297 1027 3353 utrique
1068 3311 1143 3336 ex-

246 3352 482 3415 plicationi
516 3353 692 3395 obstant
724 3354 983 3412 sequentia:
1024 3368 1142 3409 quae

249 3414 341 3457 sibi
364 3443 376 3456 .
393 3445 404 3456 .
423 3445 434 3454 .
469 3411 741 3453 evenissent.
803 3411 925 3455 Haec
949 3410 1067 3454 enim
1087 3409 1142 3452 ad

247 3471 372 3515 idem
414 3469 603 3512 verbum
645 3474 853 3511 tractare
901 3468 1143 3527 pertinere,

250 3543 346 3571 non
375 3535 441 3570 est
470 3525 594 3584 quod
623 3541 853 3569 moneam.
910 3526 1005 3568 Iam
1039 3533 1146 3567 tra-

252 3593 405 3636 ctare,
455 3598 573 3640 quae
612 3582 704 3626 sibi
742 3613 755 3625 .
779 3614 790 3626 .
815 3613 828 3626 .
870 3584 1144 3632 evenissent,

1167 2640 1170 2642 v
1209 2609 1357 2651 ranti.

1208 1878 1335 1904 mum
1355 1876 1592 1909 revocare,
1626 1870 1858 1916 reputare,
1889 1878 2002 1921 quae
2023 1872 2110 1907 ete.

1208 1919 1330 1962 Hinc
1364 1918 1525 1961 eodem
1559 1919 1807 1976 significatu
1839 1919 1886 1963 id
1925 1921 2111 1964 verbum

1210 1977 1265 2019 ad
1318 1977 1443 2034 prius
1493 1976 1753 2019 membrum
1794 1977 2109 2036 accipiendum

1211 2033 1320 2084 erit,
1366 2041 1655 2076 ut-tractare
1680 2036 1978 2089 proeliorum
2009 2037 2111 2079 vias

1211 2091 1268 2134 sit
1307 2091 1355 2132 in
1393 2091 1594 2133 animum
1633 2106 1854 2136 revocare
1885 2101 1929 2134 et
1968 2108 2106 2151 repu-

1210 2157 1306 2191 tare
1328 2146 1442 2199 vias,
1474 2163 1582 2205 quas
1605 2147 1835 2207 hucusque
1860 2158 1955 2192 erat
1975 2165 2109 2193 secu-

1210 2214 1282 2248 tus
1314 2205 1361 2247 in
1394 2205 1750 2261 expeditionibus
1795 2214 1955 2250 contra
1988 2205 2107 2251 Ger-

1210 2277 1384 2307 manos.
1455 2262 1596 2305 Plane
1627 2262 1804 2306 inutilia
1827 2271 1954 2315 sunt,
1993 2279 2109 2323 quae

1211 2321 1449 2364 coniecere
1511 2319 1750 2363 Heinsius:
1813 2322 2108 2376 proeliorum

1210 2379 1377 2430 dubia,
1424 2385 1467 2419 et
1502 2377 1759 2422 Ernestius:
1809 2380 2109 2434 proeliorum

1209 2450 1342 2479 vzces.

1270 2551 1466 2593 tertium
1516 2550 1616 2592 iam
1673 2565 1859 2594 annum
1918 2553 2107 2608 bellige-

1424 2607 1491 2650 M.
1524 2607 1694 2666 Lepido
1738 2617 1782 2653 et
1813 2609 1922 2654 Stat.
1954 2609 2108 2655 Tauro

1212 2680 1328 2708 coss.
1355 2666 1444 2720 (an.
1465 2680 1511 2707 u.
1532 2665 1650 2720 764.)
1679 2663 1980 2710 Germanicus
2009 2667 2110 2727 pri-

1211 2738 1340 2764 mum
1388 2738 1493 2764 cum
1535 2722 1726 2779 imperio
1766 2724 1998 2781 profectus
2044 2734 2109 2769 est

1214 2788 1373 2822 contra
1428 2778 1697 2822 Germanos.
1785 2780 1876 2823 Dio
1919 2782 1998 2833 56,
2036 2783 2109 2826 25.

1212 2837 1406 2879 Romam
1447 2852 1653 2882 reversus
1694 2853 1813 2880 anno
1851 2838 2109 2896 insequenti

1214 2894 1346 2951 (765.)
1369 2892 1654 2936 consulatum
1677 2895 1822 2952 gessit,
1851 2895 2106 2942 bellofier-

1212 2953 1391 2995 manico
1435 2952 1521 2993 dux
1561 2951 1650 2994 iam
1686 2962 1780 2995 tum
1818 2953 1872 2995 ab
1900 2953 2108 3013 Augusto

1215 3009 1474 3052 destinatus.
1520 3008 1611 3051 Dio
1633 3008 1693 3052 ib.
1717 3027 1756 3053 c.
1778 3011 1848 3052 26.
1892 3010 1961 3053 Ad
1985 3011 2109 3069 quod

1214 3066 1384 3109 bellum
1425 3083 1496 3108 an.
1538 3066 1636 3109 766.
1682 3067 1912 3125 profectus
1960 3077 2024 3111 est
2066 3076 2110 3122 et

1214 3124 1320 3166 inde
1367 3132 1457 3167 tres
1504 3124 1610 3167 anni
1657 3133 1760 3167 sunt
1800 3125 2107 3180 computandi.

1214 3181 1328 3223 Nam
1367 3189 1467 3222 ante
1517 3181 1800 3224 consulatum
1839 3197 1931 3223 non
1970 3183 2109 3234 solus,

1215 3238 1292 3281 sed
1338 3236 1508 3279 Tiberii
1557 3238 1764 3294 auspiciis
1815 3237 2108 3297 belligeravit,

1215 3311 1301 3338 nec
1323 3293 1421 3336 ullo
1445 3303 1542 3337 tum
1576 3296 1749 3353 proelio
1783 3295 1957 3338 bostem
1987 3296 2109 3341 viee-

1213 3359 1345 3403 runt,
1404 3367 1491 3395 nec
1549 3352 1795 3411 quidquam
1851 3363 2108 3398 memoratu

1217 3409 1405 3467 dignum
1425 3407 1650 3454 fecerunt.
1706 3411 1798 3454 Dio
1821 3411 1888 3462 56,
1909 3412 1981 3455 25.

1272 3539 1435 3567 saeva.
1498 3523 1671 3568 Graece
1692 3523 1748 3568 τὰ
1761 3522 1962 3583 χαλεπά.
2013 3526 2108 3569 X-e-

1217 3582 1357 3642 noph.
1393 3582 1562 3640 Cyrop.
1597 3582 1639 3635 4,
1672 3584 1711 3633 1,
1742 3584 1783 3628 8.
1828 3580 1982 3628 πάντα
2020 3583 2110 3642 μὲν
