2222 4030
1781 177 1834 216 A.
1847 182 1899 218 U.
1919 184 2003 218 789.

1785 224 1835 259 A·-
1857 225 1903 262 C.
1942 229 2004 264 36.

238 185 361 245 424
894 138 1417 243 ANNALIUM

237 316 396 371 diem
419 335 486 371 ex
513 314 608 370 die
633 313 1038 388 prolatabant,
1078 314 1282 370 multis
1311 328 1508 368 coram
1548 324 1606 370 et
1636 305 2101 391 adprobantibus

240 399 468 459 Surena
497 398 687 475 patrio
712 419 879 456 more
901 398 1231 456 Tiridatem
1257 398 1480 471 insigni
1500 398 1661 472 regio
1691 401 1930 460 evinxit.

410 525 632 586 XLIII.
719 522 808 584 Ac
835 527 884 583 si
909 528 1106 586 statim
1138 526 1422 583 interiora
1458 537 1790 604 ceterasque
1827 529 2097 598 nationes

235 613 561 689 petivisset,
618 633 891 687 oppressa
931 612 1333 669 cunctantium
1369 612 1659 668 dubitatio
1700 625 1756 670 et
1790 635 1994 670 omnes
2034 616 2099 678 in

236 720 427 756 unum
470 699 776 759 cedebant:
831 696 1155 755 adsidendo
1206 698 1537 767 castellum,
1603 697 1668 753 in
1716 700 1877 774 quod
1917 720 2102 775 pecu<

236 784 400 840 niam
443 795 503 840 ‘et
548 783 785 858 pellices
827 779 1166 840 Artabanus
1213 783 1568 852 contulerat,
1630 784 1794 840 dedit
1844 785 2098 859 spatium

237 869 491 925 exuendi
522 881 709 944 pacta.
794 867 947 924 Nam
980 863 1263 923 Phraates
1299 877 1355 923 et
1390 865 1607 936 HierO,
1663 880 1720 924 et
1759 869 1809 924 si
1851 863 1956 945 qui
1994 870 2099 925 alii

236 955 530 1019 delectum
568 954 849 1029 capiendo
886 951 1206 1008 diademati
1247 952 1404 1008 diem
1442 948 1604 1008 haud
1650 953 2099 1024 concelebrave—

234 1051 415 1109 rant‚*
451 1058 586 1114 pars
625 1051 811 1107 mem,
868 1037 1110 1114 quidam
1162 1037 1390 1093 invidia
1436 1037 1502 1092 in
1545 1033 1940 1110 Abdagesem,
1994 1039 2101 1115 qui

231 1135 362 1182 tum
398 1125 531 1183 aula
572 1135 629 1181 et
660 1145 824 1179 novo.
853 1142 988 1197 rege
1020 1122 1389 1198 potiebatur,
1444 1123 1519 1178 ad
1554 1119 1926 1191 Artabanum
1965 1144 2101 1194 ver-

231 1221 385 1270 tere.
461 1207 632 1286 Isque
668 1210 733 1264 in
765 1205 1062 1285 Hyrcanis
1099 1219 1366 1283 repertus
1402 1218 1486 1264 est
1518 1207 1743 1264 inluvie
1782 1207 2019 1265 obsitus
2042 1220 2100 1267 et

231 1296 510 1360 alimenta
534 1315 672 1351 arcu
698 1295 1028 1370 expediens,
1116 1314 1182 1349 ac
1204 1293 1428 1368 primo,
1471 1303 1755 1368 tanquam
1793 1294 1965 1350 dolus
1993 1315 2099 1370 pa->

231 1392 492 1449 raretur,
523 1375 804 1437 territus:
846 1379 956 1436 ubi
985 1380 1119 1435 data
1151 1378 1298 1436 fides
1330 1379 1666 1434 reddendae
1703 1369 2099 1452 dominationi

231 1465 489 1534 venisse,
533 1466 839 1535 adlevatur
859 1465 1139 1543 ‘animum
1165 1475 1220 1520 et
1237 1510 1255 1534 ‚
1299 1483 1448 1541 quae
1474 1464 1783 1538 repentina
1808 1465 2098 1524 mutatio?

232 1551 502 1627 exquirit.
600 1562 728 1607 tum
764 1548 948 1607 Hiero
982 1549 1299 1626 pueritiam
1324 1548 1608 1606 Tiridatis
1643 1548 1939 1628 increpat,
1992 1547 2098 1607 1‘1e—

1203 1796 1524 1845 misericordia
1555 1795 1633 1838 sui
1654 1794 1893 1850 gloriaque
1916 1795 2098 1839 animos

229 1809 384 1838 nexus
415 1804 538 1840 erat.
601 1796 731 1852 Quae
753 1796 955 1846 adfinitas
978 1813 1129 1840 nonne

1201 1856 1497 1898 audientium
1529 1852 1825 1908 impleverat.

229 1859 452 1909 monstrat
475 1854 674 1898 alienam'
701 1870 724 1897 a
755 1855 878 1913 puris
901 1851 1129 1899 Arsacidis

228 1909 486 1968 originem?
548 1911 782 1967 Quantum
816 1913 952 1970 igitur
979 1912 1130 1961 video,

229 1966 291 2010 nil
317 1983 430 2025 opus
454 1977 518 2011 est
544 1969 632 2021 ulla
660 1971 906 2013 mutatione
928 1979 1003 2013 aut
1023 1985 1129 2012 eon-

228 2032 345 2068 torta
369 2026 573 2069 >Broterii
613 2028 898 2077 coniectura,
948 2044 998 2070 ex
1042 2043 1129 2084 qua

229 2090 451 2125 materna
481 2085 662 2138 origine
693 2085 958 2130 'Arsacidem
993 2085 1127 2128 dixis-

229 2142 343 2187 sent,
372 2148 422 2183 ut
443 2142 648 2198 spurium
674 2137 975 2202 ind'i‘gitarent.
1020 2142 1130 2187 Mox

228 2196 299 2240 ed.
322 2196 426 2241 Ald.
451 2208 731 2253 capesceret.

269 2279 488 2327 *Surenam
549 2274 756 2340 Dignitas
778 2299 984 2341 suprema
1009 2286 1128 2342 apud

230 2338 389 2384 Persas
432 2338 799 2397 (Grofhwessir).
858 2339 916 2384 cf.
962 2341 1126 2394 Strabo

230 2397 329 2447 16..
363 2411 409 2453 p.
446 2397 549 2444 747.
619 2396 848 2442 Plutarch.
885 2396 1125 2450 in-Crasso

225 2469 270 2510 p.
298 2453 397 2498 561.
456 2454 686 2500 Ammian.
705 2454 841 2506 24,.2.
872 2453 945 2506 30,
964 2455 1009 2499 2.

287 2537 410 2582 CAP.
431 2538 502 2582 43.
580 2538 821 2584 dubz'tatz'n-
860 2546 906 2581 et
938 2537 1123 2582 omnes.

227 2593 334 2638 Noli
372 2611 478 2640 cum
518 2594 825 2641 Freinshemi'o
867 2605 1041 2640 mutare
1077 2598 1125 2639 in

228 2653 548 2705 dubitatione,
592 2660 774 2704 omnes,
825 2670 971 2712 neque
1021 2670 1126 2697 cum

227 2709 439 2754 Ern‘estio
495 2711 700 2755 iudicare
756 2710 820 2754 sic
882 2711 1127 2770 elegantius

228 2767 352 2812 fore:
397 2767 541 2813 immo
572 2769 786 2813 vitiosum
818 2778 940 2827 puta.
1013 2769 1127 2811 Nam

227 2824 295 2868 sic
325 2825 620 2884 opprimenda
654 2827 964 2870 cunctantium
998 2827 1126 2870 dubi-

228 2883 340 2939 tatio
362 2884 548 2940 ponitur
565 2892 615 2926 ut
639 2884 955 2941 n'on'pen‘dens
981 2900 1028 2927 ex
1055 2885 1127 2927 illa

230 2940 517 2986 conditione:
578 2942 621 2984 si
648 2971 659 2982 .
686 2948 699 2983 “.
728 2972 737 2982 .
766 2944 1024 2994 petivisset,
1084 2950 1127 2983 et

229 2997 356 3056 q'uasi
376 3014 456 3057 per
479 3016 525 3042 se
547 3006 772 3042 constans.
834 2999 1005 3041 Verum
1036 2999 1126 3042 duo

229 3054 304 3098 hie
332 3055 691 3115 distinguuntur,
736 3072 847 3113 quae
882 3057 986 3098 inde
1022 3072 1127 3111 pen-

231 3112 411 3156 debant.
507 3114 579 3157 Ad
641 3129 867 3168 oppressa
929 3112 1126 3169 intellige

232 3178 353 3214 erat.
432 3170 549 3213 Nam
583 3170 697 3214 fals‘o‘
732 3171 1125 3228 Freinshprodi-

230 3227 309 3271 dit*
327 3242 419 3270 non
440 3227 817 3284 ‘'facilereperiri‘
836 3229 883 3271 in
920 3228 997 3271 tali
1028 3243 1125 3271 ora-

230 3284 357 3328 tione
373 3284 709 3329 subiunctivum
725 3287 789 3329 vel
813 3285 1128 3344 imperfectum

233 3344 611 3395 subaudiendum.
673 3344 778 3385 vid.
803 3348 904 3391 not.
922 3345 974 3386 ad
1003 3360 1040 3386 c.
1059 3343 1127 3386 35.

234 3409 277 3444 et
300 3402 355 3444 ad
378 3399 421 3453 2,
440 3401 511 3444 60.
576 3399 788 3451 Ceterum
814 3401 932 3444 id'e'tn
962 3402 1035 3444 fiic
1065 3403 1130 3443 est

233 3457 397 3502 modus
422 3458 614 3509 dicendi,
644 3461 779 3516 ‘quem
797 3458 989 3506 vidim'us
1007 3474 1132 3515 supr.

233 3516 275 3567 4,
294 3517 344 3558 94
375 3517 422 3558 si
440 3519 634 3559 modum
647 3516 873 3558 'orationi
884 3514 1128 3570 posui-sset,

1259 1914 1514 1954 adsidendo
1550 1913 1811 1953 castellum.
1873 1908 1933 1952 cf.
1963 1909 2004 1962 4,
2027 1910 2096 1955 58.

1202 1969 1391 2012 moenia
1416 1967 1544 2011 urbis
1564 1969 1798 2011 adsidens.
1856 1966 1933 2010 Sic
1948 1983 2095 2022 prae-

1200 2029 1354 2070 sidere
1389 2027 1431 2075 4,
1453 2027 1525 2069 72.
1564 2025 1604 2076 3,
1626 2025 1696 2068 39.
1778 2024 1982 2068 Kritzius
2012 2024 2090 2082 (cf.

1201 2087 1401 2137 Allgem.
1437 2084 1686 2126 Sclmlzeit'.
1740 2081 1865 2125 1830.
1918 2086 2094 2128 rin-16.

1200 2159 1245 2201 p.
1278 2142 1394 2198 127.)
1438 2142 1644 2184 adfirmat
1684 2141 1944 2182 adsidendo
1991 2152 2097 2199 pro-

1199 2199 1371 2243 miscue
1437 2198 1609 2241 dictu'm
1650 2205 1759 2256 'pro
1822 2199 2091 2241 obsidendo.

1202 2257 1342 2312 Quod
1372 2255 1567 2298 mul-tum
1599 2271 1622 2297 a
1650 2271 1755 2297 vero
1784 2255 1922 2298 abest.
1987 2252 2095 2299 Ver-

1201 2317 1306 2358 bum
1351 2315 1569 2356 adsidere
1612 2312 1916 2370 significanter
1954 2316 2095 2372 expri-

1199 2372 1282 2413 mit
1305 2371 1498 2415 inertem
1520 2370 1796 2428 inritamque
1824 2385 2019 2413 moram.

1255 2431 1387 2469 haud
1442 2430 1888 2470 concelebraverant.
1964 2427 2094 2474 Cod‘.

1198 2483 1298 2526 MS.
1334 2485 1433 2526 edd.
1464 2482 1673 2534 Bero'ald.
1708 2484 1809 2527 Ale.
1846 2487 1957 2538 haei
1984 2486 2096 2528 cori*-

1197 2543 1564 2583 celebra‘verant.
1613 2540 2094 2595 ‘Edd.1Rhe⁴na·n.>A1d.

1200 2614 1295 2655 sqq.
1318 2611 1413 2639 non
1437 2600 1599 2649 cancel.
1659 2598 1775 2651 Edd.
1790 2597 1978 2642 Pichen.
1996 2613 2094 2658 sqq.

1201 2658 1326 2696 haud
1365 2668 1488 2707 conc.
1570 2653 1779 2696 Heinsius
1826 2655 2094 2712 scripturam¹

1203 2712 1303 2754 cod.
1318 2711 1423 2754 MS.
1447 2712 1698 2755 accuratius
1719 2715 1933 2769 perpendi
1956 2716 2094 2759 iubet.

1203 2770 1484 2819 consideres,
1511 2786 1566 2812 an
1590 2769 1646 2811 sit
1669 2768 1933 2827 legendumz
1959 2777 2099 2827 gnari

1199 2841 1298 2869 non
1339 2830 1706 2869 celebraverant.
1789 2827 1905 2870 Nam
1948 2824 2092 2874 verbo

1201 2884 1458 2941 composi-to
1502 2899 1597 2927 non
1653 2885 1806 2941 utique
1855 2898 1967 2943 opus
2012 2898 2090 2931 est.

1203 2942 1360 2983 Gnori
1392 2950 1519 2992 sunt,
1563 2941 1665 2999 quis
1696 2943 1954 2986 nuntiatum
1985 2956 2092 2995 erat,

1198 2999 1329 3040 illum
1363 2999 1483 3041 diem
1516 2999 1734 3056 capiendo
1761 3000 1998 3044 diademati
2021 3005 2094 3046 de-

1199 3057 1361 3098 lectum
1376 3089 1386 3107 ‚
1416 3064 1465 3097 ut
1486 3065 1661 3112 praesto
1684 3058 1900 3100 adesse-nt.
1937 3086 1941 3091 ·
1962 3061 2092 3103 Faer-

1199 3125 1283 3155 nus
1309 3113 1527 3156 coniecit:
1558 3116 1673 3155 navi
1688 3129 1783 3156 non
1807 3130 1937 3158 conc.
1963 3130 1967 3150 ὲ
2009 3140 2012 3144 v
2036 3128 2038 3147 1
2083 3115 2086 3119 ’

1256 3173 1565 3224 Abdogesem.
1639 3171 1715 3214 Sic
1752 3173 1850 3214 edd.
1889 3172 2092 3218 Rhenan.

1199 3242 1297 3286 sqq.
1359 3230 1631 3278 Abdacesen
1656 3228 1754 3270 edd.
1769 3229 2092 3275 Beroald.·Aic.

1198 3286 1448 3343 Sed-supr.
1487 3297 1526 3329 c'.
1555 3286 1615 3328 36
1645 3293 1687 3326 et
1714 3285 1784 3329 37.
1824 3286 1959 3330 iidem
1991 3289 2093 3332 libri

1204 3354 1351 3401 yeranr
1379 3342 1647 3401 scripturam
1676 3353 1952 3401 sequuntur3
1985 3346 2091 3389 item

1201 3402 1374 3452 mog-in
1396 3400 1602 3458 hoc²ipso
1624 3401 1781 3458 capite.
2080 3418 2084 3425 ἴ

1236 3461 1489 3512 ¹'alimenta
1510 3466 1634 3500 arcu>
1646 3459 1912 3512 expediens.
1966 3460 2089 3503 Suet.

1201 3514 1284 3558 lul.
1299 3522 1364 3558 ‘'ci
1382 3516 1424 3559 4.
1458 3517 1678 3570 expedire
1693 3518 1928 3571 pecunias.
