2222 4030
1854 219 1906 254 A.
1918 218 1972 253 U.
1986 217 2072 254 767.

1854 260 1909 299 Δ.
1925 259 1971 298 C.
2012 263 2073 299 14.

306 222 387 280 36
974 215 1478 278 ANNALIUM

304 353 484 408 ferre:
529 367 594 404 ac
624 345 674 401 si
708 345 840 422 quis
866 355 953 403 tot
980 366 1144 406 casus
1183 347 1304 403 vita
1342 345 1736 421 superaverit,
1777 348 1935 408 trahi
1967 352 2158 411 adhuc

303 436 560 492 diversas
586 432 652 487 in
676 442 890 500 terraS,
930 431 1032 488 ubi
1066 451 1173 505 per
1209 451 1429 490 nomen
1460 451 1736 504 agrorum
1768 436 2019 509 uligines
2051 460 2157 514 pa—

304 521 514 576 ludum
535 518 632 574 vel
659 517 880 573 inculta
914 517 1208 573 montium
1246 516 1552 591 accipiant.
1636 515 1958 578 Enimvero
1995 525 2157 580 mili—
2220 533 2222 536 ⁴

300 606 445 662 tiam
476 603 663 678 ipsam
687 621 953 675 gravem,
997 601 1452 657 infructuosam:
1498 602 1666 658 denis
1708 604 1773 659 in
1816 606 1974 673 diem
2012 610 2156 665 assi-

299 692 412 746 bus
458 689 714 745 animam
758 698 814 744 et
850 705 1059 760 corpus
1101 685 1412 745 aestimari.
1497 683 1640 744 hinc
1670 701 1917 761 vestem,
1977 714 2156 761 arma,

299 773 579 843 tentoria,
621 768 762 828 hinc
796 771 1098 827 saevitiam
1131 771 1548 828 centurionum
1578 785 1635 830 et
1662 776 1995 833 vacationes
2019 800 2155 836 mu·-

298 879 510 916 nerum
545 857 776 915 redimi.
875 866 934 912 at
967 851 1204 911 hercule
1244 856 1486 915 verbera
1522 868 1579 914 et
1618 860 1898 930 vulnera,
1942 863 2153 923 duram

296 942 584 1013 hiemem,
640 940 917 998 exercitas
951 951 1224 1008 aestateS,
1276 940 1502 996 bellum
1541 953 1711 1004 atrox
1755 958 1856 1007 aut
1895 949 2152 1005 sterilem

294 1050 495 1109 pacem
533 1026 905 1102 sempiterna.
991 1046 1099 1080 nec
1126 1024 1289 1088 aliud
1318 1024 1715 1093 levamentum
1742 1050 1919 1104 quam
1948 1033 1999 1087 si
2027 1053 2151 1089 cer-

292 1115 367 1177 tis
395 1115 503 1171 sub
533 1113 760 1186 legibus
782 1109 997 1166 militia
1022 1110 1302 1179 iniretur,
1344 1121 1412 1166 ut
1436 1109 1698 1184 singulos
1726 1115 2001 1172 denarios
2028 1138 2152 1173 me-

290 1211 517 1270 rerent,
560 1208 752 1257 sextus
789 1196 1071 1254 decumus
1118 1194 1400 1270 stipendii
1439 1217 1631 1253 annus
1662 1198 1842 1256 finem
1883 1202 2153 1272 adferret,

286 1391 557 1427 temnorum
601 1377 870 1424 rarissimas
915 1375 1055 1432 ficit,
1114 1390 1180 1419 ex

283 1440 408 1484 senio
431 1444 655 1484 mortem,
700 1449 763 1476 ex
789 1441 936 1474 morte
959 1449 1178 1487 compen-

283 1500 415 1540 dium
442 1501 650 1550 captans.
712 1492 922 1534 Ceterum
947 1490 1048 1533 eod.
1074 1491 1175 1536 MS.

282 1555 509 1597 vexillum
539 1560 557 1593 t
598 1550 673 1605 (in
706 1549 793 1591 fine
825 1565 1001 1599 versus,
1040 1566 1176 1611 quem

282 1611 392 1656 alius
415 1608 574 1668 excipit
592 1607 680 1650 hoc
703 1606 851 1661 initio)
875 1614 1034 1658 tentes,
1057 1607 1178 1649 unde

282 1670 316 1712 Ι.
328 1664 738 1711 Gronov.'coniicit
755 1667 1012 1707 tendentes.
1043 1663 1178 1707 Prae·

281 1734 366 1770 stat
390 1723 634 1780 vulgatum.

335 1782 432 1826 alio
462 1781 696 1821 vocabulo.
755 1777 1000 1821 vexillarii.

338 1842 433 1882 vita
472 1837 775 1893 superaverit.
851 1834 981 1878 Caes.
1023 1833 1076 1879 Β.
1114 1833 1172 1877 G.

263 1899 320 1949 6,
355 1897 423 1940 19.
470 1902 573 1937 uter
613 1907 772 1936 eorum
814 1894 909 1934 vita
939 1895 1178 1946 superarit

282 1955 582 2010 (iiber-leben).
663 1951 846 1993 Frustra
884 1949 1014 1994 Crus.
1053 1950 1174 1992 Pro—

277 2013 381 2056 bah.
409 2009 513 2053 crit.
543 2025 586 2067 p.
610 2007 681 2050 30.
707 2010 750 2050 si
771 2009 869 2063 quis
888 2008 955 2050 vel
982 2010 1026 2050 si
1051 2009 1176 2064 queis

279 2077 345 2113 tot
370 2069 549 2112 casibus
574 2067 669 2108 vita
695 2080 860 2119 supera
868 2066 998 2107 verit.

333 2139 526 2194 uligines
546 2169 557 2180 .
572 2168 582 2178 .
597 2168 607 2179 .
625 2168 635 2179 .
658 2136 900 2177 montium.
978 2134 1172 2177 similli-

276 2213 348 2241 ma
371 2191 571 2238 invenies
590 2193 637 2235 in
659 2192 841 2235 Sallust.
866 2192 978 2234 Hist.
1004 2192 1167 2248 fragm.

277 2255 355 2299 lib.
381 2255 420 2296 1.
456 2251 608 2309 ibique
642 2250 688 2293 in
716 2250 783 2293 M.
809 2249 992 2292 Aemilii
1018 2250 1075 2292 Le
1109 2250 1170 2292 idi

275 2328 367 2357 cos.
403 2309 458 2353 a'd
487 2325 531 2368 p.
556 2308 609 2351 R.
647 2307 852 2357 oratione
882 2316 1040 2350 contra
1106 2306 1173 2349 ul·

274 2369 389 2412 lam:
420 2367 618 2422 Egregia
630 2366 797 2409 scilicet
820 2368 1042 2412 mercede,
1067 2381 1170 2421 cum

273 2426 475 2482 relegati
498 2425 547 2466 in
567 2425 768 2477 paludes
788 2430 835 2464 et
857 2423 1022 2471 silvas,
1055 2438 1166 2464 con-

274 2485 518 2528 tumeliam
558 2487 699 2536 atque
745 2479 970 2522 invidiam
1016 2495 1167 2532 suam,

189 2570 190 2573 =
268 2541 486 2597 praemia
530 2551 675 2593 penes
712 2551 887 2591 paucos
931 2538 1166 2591 intellige-

272 2600 393 2642 rent.¹
462 2595 631 2639 Eadem
664 2594 871 2636 omnium
905 2602 1165 2651 temporum

273 2653 457 2715 querela
491 2660 807 2695 veteranorum
820 2683 839 2699 ‚,
875 2667 920 2694 se
953 2668 1046 2693 non
1081 2668 1164 2708 pro

272 2729 349 2772 spe
369 2711 638 2755 meritorum
659 2709 860 2753 tractari.
916 2707 1038 2753 Suet.
1054 2709 1163 2753 Oct.

273 2787 314 2815 c.
339 2769 408 2813 13.

327 2838 566 2894 accipiant.
625 2837 798 2895 Nempe
825 2836 870 2880 in
900 2837 945 2880 si
969 2838 1067 2894 quis
1107 2836 1166 2880 la·

259 2899 335 2941 >tet
351 2895 480 2938 notio
501 2897 707 2938 omnium
731 2895 822 2951 qui.

320 2967 458 3014 ,denis
482 2968 531 3008 in
561 2968 682 3016 diem
709 2966 896 3008 assibus.
956 2964 1162 3007 Primum

256 3041 345 3075 an,
368 3040 416 3067 ιι.
433 3022 530 3067 347.
558 3023 789 3065 decretum
808 3030 897 3071 est,
929 3030 977 3064 ut
999 3023 1162 3078 stipen-

272 3082 398 3129 dium
440 3079 570 3124 miles
612 3079 666 3122 de
698 3079 880 3137 publico
926 3079 1161 3136 acciperet,

270 3155 413 3200 quum
448 3146 550 3180 ante
581 3136 625 3180 id
659 3145 835 3193 tempus
860 3136 914 3179 de
939 3152 1020 3178 suo
1046 3137 1162 3194 quis-

302 3212 357 3241 ue
384 3194 569 3238 functus
592 3209 644 3236 eo
669 3209 858 3236 munere
878 3202 1004 3236 esset.
1063 3193 1158 3236 Liv.

298 3244 402 3306 ,⁷59.
465 3250 686 3310 stipendii
711 3251 896 3292 nomine
918 3251 1085 3307 pedites
1112 3251 1157 3294 in

224 3332 226 3338 ·
270 3312 391 3355 diem
418 3308 698 3367 accipiebant
716 3306 848 3349 binos
873 3307 1033 3350 obolos
1054 3307 1097 3352 h.
1121 3325 1159 3351 e.

301 3369 468 3425 uinque
513 3382 628 3415 asses
670 3363 896 3415 unciales3
946 3365 1159 3408 ordinum

268 3386 496 3472 ductores
517 3421 730 3480 duplum;
788 3421 958 3478 equites
1003 3422 1156 3465 drach-

267 3498 401 3527 mam.
426 3480 588 3539 Polyb.
604 3480 644 3532 6,
655 3478 722 3522 37.
740 3477 891 3535 ibique
904 3477 1152 3537 Schweigh.

228 3569 231 3572 -
267 3538 408 3583 Iulius
420 3537 580 3584 Caesar
606 3535 856 3593 legionibus
878 3535 1150 3593 stipen..iu111

1251 1376 1300 1420 in
1352 1386 1622 1436 perpetuum
1674 1379 1945 1438 duplicavit.
2026 1383 2150 1429 Suet.

1252 1434 1334 1477 lul.
1371 1451 1410 1480 c.
1434 1437 1506 1479 26.

1307 1493 1412 1538 hinc
1435 1487 1606 1539 vestem
1630 1526 1640 1537 .
1655 1526 1666 1537 .
1685 1527 1696 1538 .
1713 1528 1723 1537 .
1744 1497 1928 1543 redimi.
1979 1498 2144 1558 Polyb.

1250 1550 1292 1601 6,
1323 1551 1364 1595 6.
1408 1555 1504 1601 τοῖς
1524 1548 1766 1610 Ῥωμαίοις
1806 1558 1888 1599 τοῦ
1929 1571 1978 1601 τε
2016 1562 2148 1602 σίτου

1251 1609 1329 1659 καὶ
1360 1611 1437 1663 τῆς
1477 1610 1670 1662 ἐσθῆτος
1710 1608 1798 1654 κᾶν
1839 1629 1963 1664 τινος
2000 1612 2149 1660 ὅπλου

1249 1667 1598 1724 προς-δεηθῶσι,
1662 1666 1853 1714 πάντων
1899 1669 2078 1717 τούτων
2121 1672 2146 1719 ὁ

1249 1728 1417 1782 ταμίας
1457 1724 1543 1780 τὴν
1582 1731 1867 1786 τεταγμένην
1913 1730 2051 1790 τιμὴν
2096 1734 2147 1776 ἐκ

1249 1784 1344 1825 τῶν
1381 1782 1602 1837 ὀψωνίων
1636 1781 1971 1843 ὑπολογίζεται.
2035 1789 2144 1844 Quo

1247 1848 1400 1883 tamen
1439 1841 1733 1885 incommodo
1768 1843 1935 1889 milites
1967 1845 2144 1890 liberati

1248 1906 1355 1941 sunt
1381 1913 1462 1956 per
1475 1898 1526 1942 C.
1541 1898 1735 1943 Gracchi
1758 1900 1900 1958 legem
1918 1904 1972 1946 de
1994 1904 2145 1948 militi-

1246 1955 1344 2003 bus,
1358 1971 1469 2012 quae
1482 1955 1652 1999 serebat
1666 1973 1677 2000 ε
1701 1961 1774 2001 uti
1777 1969 1966 2012 pnaeter
1975 1962 2143 2017 stipen-

1244 2014 1374 2054 dium
1397 2015 1617 2056 militibus
1644 2023 1789 2058 vestes
1819 2033 1994 2074 quoque
2025 2034 2139 2072 gra-

1245 2073 1363 2112 tuito
1395 2085 1458 2113 ex
1490 2074 1676 2113 aerario
1705 2077 1953 2118 darentur.
2014 2077 2137 2122 Plut.

1243 2127 1291 2168 in
1329 2127 1520 2172 Gracch.
1555 2145 1598 2186 p.
1623 2128 1720 2173 837.
1789 2131 1851 2173 Ex
1882 2132 1992 2176 Tac.
2037 2133 2140 2178 loco

1244 2184 1483 2234 discimus,
1517 2186 1735 2244 quaedam
1759 2189 1813 2231 de
1829 2187 2020 2233 Gracchi
2044 2190 2140 2250 lege

1244 2258 1338 2284 esse
1372 2243 1584 2299 abrogata
1617 2252 1794 2302 postea,
1826 2255 1875 2288 ut
1903 2263 1951 2290 ex
1974 2249 2138 2306 stipen-

1243 2298 1319 2341 dio
1352 2298 1520 2357 aliquid
1556 2301 1863 2347 detraheretur
1894 2321 1980 2362 pro
2010 2308 2137 2350 vesti·

1229 2356 1326 2399 bus
1353 2364 1437 2399 etc.

1297 2427 1407 2469 hinc
1435 2429 1678 2472 saevitiam
1722 2446 1759 2474 ο.
1801 2439 1848 2474 et
1882 2441 2034 2476 vacat.
2069 2449 2134 2478 m.

1238 2482 1472 2583 {lizfilocus
1493 2487 1595 2529 satis
1620 2487 1923 2546 accipit'lucis
1944 2506 1994 2533 ex
2018 2491 2131 2534 Hist.

1268 2572 1280 2589 ,
1363 2574 1372 2583 .

1293 2612 1499 2666 singulos
1561 2608 1793 2667 denarios.
1895 2617 2132 2670 Denarius‚

1238 2684 1454 2711 nummus
1475 2680 1736 2729 argenteus,
1765 2690 1936 2717 nomen
1958 2675 2086 2719 habet
2108 2693 2134 2719 a
2212 2707 2215 2709 —

1238 2724 1365 2768 denis
1393 2726 1585 2776 assibus,
1623 2731 1785 2786 quibus
1811 2731 1865 2773 ab
1891 2732 2019 2775 initio
2050 2749 2132 2792 par

1238 2790 1345 2825 erat.
1426 2784 1485 2825 At
1516 2785 1744 2830 Annibale
1780 2798 1967 2847 urgente
1998 2799 2040 2833 et
2067 2790 2129 2846 Q.

1236 2840 1375 2883 Fabio
1408 2840 1607 2884 Maximo
1632 2843 1861 2898 ,dictatore
1900 2862 2016 2890 asses
2047 2865 2129 2891 un-

1240 2896 1372 2949 ciales
1403 2896 1508 2940 facti
1541 2907 1670 2948 sunt,
1710 2901 1967 2968 placuitque
1996 2905 2127 2949 dena-

1236 2954 1357 3002 rium
1400 2955 1594 2999 sedecim
1644 2959 1814 3004 assibus
1897 2963 2127 3015 ermutari,

1236 3011 1487 3055 sestertium
1519 3017 1763 3071 quaternis.
1830 3017 1863 3059 P
1887 3017 1950 3061 in.
1983 3018 2052 3068 33,
2082 3019 2125 3064 3.

1235 3068 1439 3112 Tandem
1474 3069 1681 3113 denarius
1704 3073 1929 3117 aestimari
1958 3076 2126 3119 duode-

1233 3125 1322 3169 cim
1344 3126 1513 3168 assibus
1544 3128 1713 3186 coepit,
1753 3131 1800 3172 in
1832 3148 1975 3190 eoque
2007 3135 2127 3176 stetit

1232 3182 1422 3239 Augusti
1445 3192 1486 3226 et
1508 3187 1789 3242 sequentium
1811 3187 1983 3247 aliquot
2004 3190 2124 3247 prin-

1232 3240 1384 3297 cipum
1406 3257 1534 3286 aev0.
1595 3242 1654 3286 cf.
1673 3243 1790 3302 Lips.
1814 3244 1861 3287 in
1886 3262 2056 3291 excurs.
2074 3249 2122 3292 F.

1290 3319 1454 3353 sextus
1483 3314 1717 3355 decumus.
1786 3314 1860 3358 Sic
1891 3316 1959 3362 ed.
1985 3317 2122 3361 Bero-

1231 3365 1321 3409 ald.
1385 3370 1443 3411 At
1466 3368 1668 3412 Rhenan.
1700 3387 1798 3430 sqq.
1830 3378 2121 3418 sextusdeci-

1229 3439 1355 3475 mus,
1391 3441 1647 3483 quanquam
1674 3426 1756 3471 inf.
1782 3445 1819 3471 c.
1838 3428 1906 3486 37.
1933 3433 2121 3476 tertiam

1225 3484 1472 3525 decumam
1495 3491 1537 3524 et
1567 3491 1757 3527 sextam
1779 3489 2024 3532 decumam
2052 3507 2121 3533 re·

1224 3538 1383 3584 tinent.
1443 3539 1543 3585 MS.
1556 3540 1679 3585 Flor.
1705 3541 1785 3586 liu.
1806 3543 2007 3603 Langob.
2033 3564 2119 3593 scr.
