2222 4030
247 258 368 331 140

921 262 1424 325 ANNALIUM

1712 237 1714 242 v
1782 268 1833 303 A.
1852 267 1904 304 U.
1919 268 2000 305 769.

1783 310 1835 347 A.
1855 311 1903 348 C.
1943 315 2002 349 16.

238 395 329 457 Ac
351 398 543 474 primo
569 394 865 472 placidum
893 415 1115 473 aequor
1137 397 1301 452 mille
1334 396 1580 453 navium
1618 402 1795 457 remis
1831 417 2084 482 strepere

238 496 341 541 aut
365 483 512 539 velis
538 481 790 556 impelli:
834 502 972 537 mox
1000 493 1126 538 atro
1150 481 1402 537 nubium
1428 481 1602 555 globo
1627 485 1810 543 effusa
1836 493 2083 562 grando:

239 568 418 626 simul
437 567 618 623 variis
642 566 906 642 undique
932 566 1207 641 procellis
1229 565 1440 623 incerti
1471 568 1684 625 fluctus
1714 587 2085 649 prospectum

236 653 523 722 adimere,
586 651 846 724 regimen
888 651 1199 725 impedire:
1266 652 1551 729 milesque
1590 657 1839 728 pavidus
1886 668 1943 716 et
1989 681 2084 717 ca-

237 758 412 796 suum
465 737 646 793 maris
699 737 972 809 ignarm,
1044 735 1189 790 dum
1238 737 1439 815 turbat
1479 750 1687 795 nautas
1729 744 1826 798 vel
1868 744 2085 800 intem-

233 824 455 899 pestive
492 821 683 891 iuvat,
725 821 918 877 officia
950 819 1334 899 prudentium
1370 826 1797 900 corrumpebat.

1883 825 2083 887 Omne

233 904 451 965 dehinc
478 908 708 964 coelum
739 916 793 961 et
818 925 979 960 mare
1012 924 1189 960 omne
1215 905 1279 986 in
1309 919 1572 964 austrum
1600 912 1794 982 cessit,
1845 914 1950 990 qui
1985 927 2083 972 tu-

230 993 417 1051 midis
452 989 806 1049 Germaniae
851 989 1052 1059 terris,
1117 991 1429 1065 profundis
1473 996 1745 1053 amnibus
1790 998 2078 1057 immenso

229 1218 358 1276 Virg.
392 1217 560 1274 Georg.
597 1216 634 1267 1,
667 1213 739 1258 43.
792 1214 985 1281 Veteres
1027 1229 1117 1282 per

224 1277 408 1331 singula
448 1284 667 1328 tempora
713 1287 853 1327 anm,
906 1287 1022 1327 quae
1064 1287 1115 1314 m

223 1342 322 1376 tres
337 1347 519 1376 menses
537 1332 829 1378 dividuntur,
854 1332 1116 1378 observant,

225 1400 280 1434 ut
309 1393 371 1435 sic
405 1392 588 1433 dicant:
633 1387 846 1444 primum
888 1402 1116 1439 mensem,

223 1453 395 1492 novum
426 1462 535 1497 ver;
584 1448 840 1488 secundum
872 1447 1115 1496 adultum;

224 1508 419 1550 tertium
445 1517 683 1559 praeceps.
759 1502 838 1544 Ita
866 1506 923 1544 de
950 1504 1115 1556 hieme,

223 1571 428 1615 aestate,
458 1565 702 1604 autumno.
755 1559 815 1603 cf.
846 1559 928 1602 Iul.
954 1559 1114 1602 Pollux

221 1623 270 1666 in
305 1621 541 1664 Onomast.
581 1619 658 1661 lib.
696 1621 734 1659 1.
777 1634 817 1661 c.
851 1618 892 1668 7,
926 1618 968 1660 4.
1010 1620 1114 1673 περὶ

221 1680 318 1723 τῶν
356 1673 584 1735 τεττάρων
615 1673 781 1733 ὡρῶν,
837 1676 914 1718 ubi
948 1678 1116 1733 θέρους

221 1733 347 1795 ἀκμή
387 1735 538 1778 adulta
573 1743 637 1777 est
675 1742 828 1799 aestas.
903 1733 1114 1792 Thucyd,

215 1797 259 1848 Ξ,
283 1794 352 1839 19.
388 1793 471 1836 τοῦ
493 1794 660 1851 θέρους
685 1788 982 1848 ἀκμαζοντος.

270 1865 511 1922 placidum
554 1876 746 1918 aequor.
831 1862 956 1921 Virg.
995 1863 1109 1906 Aen.

219 1926 290 1977 10,
328 1922 424 1967 103.
458 1922 650 1977 placida
688 1934 913 1976 aequora.
994 1919 1109 1964 Ibid.

215 1983 259 2036 8,
283 1981 357 2025 96.

239 2069 243 2073 “
274 2051 465 2107 impelli.
528 2050 584 2094 cf.
612 2049 737 2106 Virg.
761 2047 927 2105 Georg.
955 2049 1108 2097 2254,

218 2110 640 2162 reml's‘it'npellere
674 2121 904 2148 marmor.
966 2106 1106 2173 Ovid.

214 2168 332 2212 Met.
363 2166 405 2218 8,
437 2165 537 2209 657.
614 2164 743 2206 Velis
786 2173 935 2206 tamen
979 2181 1106 2208 navis

213 2223 486 2284 impellitur,
538 2238 632 2266 non
679 2237 818 2263 mare.
872 2221 928 2263 cf.
970 2221 1104 2264 Ovid.

213 2283 328 2327 Met.
367 2282 408 2334 7,
442 2282 542 2324 491.
596 2282 737 2334 pleno
782 2281 882 2319 velo
927 2280 1106 2322 concita

206 2334 395 2397 puppis.
457 2338 572 2394 Ib'id.
610 2337 676 2387 15,
706 2336 803 2378 697.
849 2336 1107 2390 impulerat

208 2399 324 2442 Ievis
345 2400 657 2450 aura'ratem.

207 2455 400 2516 impulsa
424 2451 802 2510 nave“impellitur
828 2466 965 2494 mare.

230 2511 238 2514 ’
266 2514 414 2571 effusa
434 2514 632 2567 grando.
691 2509 821 2560 „Sub
845 2525 994 2567 quam,
1029 2525 1104 2553 oc·

209 2569 332 2615 culta
383 2575 538 2617 causa,
603 2583 804 2625 semper,
868 2576 917 2610 ut
963 2568 1102 2619 aiunt,

209 2628 422 2672 Oceanus
442 2625 711 2670 intumescit.
726 2623 751 2640 ’¹
791 2625 908 2680 Lips.

262 2687 379 2728 du'm
401 2685 559 2727 turbat
579 2690 768 2725 nautas.
845 2682 970 2726 Curt.
995 2681 1037 2733 7,
1057 2682 1099 2726 9.

205 2734 570 2798 vacillaiitesque
593 2740 764 2782 milites
784 2746 852 2791 et,
881 2754 940 2781 ne
961 2755 1101 2782 excu-

205 2803 434 2852 terentur,
462 2798 649 2843 solliciti
663 2800 918 2840 nautarum
950 2798 1098 2840 mini-

203 2861 351 2912 steria
360 2891 362 2895 ⁷
373 2857 581 2900 turbant.
790 2906 800 2925 ι
1033 2911 1043 2922 .

261 2916 312 2957 in
341 2911 564 2967 austriam
597 2913 742 2956 cessit.
807 2912 995 2954 Coelum
1031 2928 1098 2955 m-

203 2965 352 3030 t'el'lige
375 2980 523 3022 atrum
544 2968 731 3013 nubium
755 2971 938 3029 globum
968 2987 1096 3028 gran-

204 3031 331 3079 dines
345 3021 598 3088 imbresilue
615 3027 912 3071 effundentem
928 3044 939 3079 ;
961 3043 1097 3070 mare

202 3086 346 3132 intell.
375 3086 554 3129 fluctus.
579 3093 583 3100 “
633 3085 757 3128 Haec
788 3094 1018 3128 cesserunt
1049 3085 1095 3127 in

202 3136 405 3190 austrum
429 3139 526 3196 hse.
548 3143 674 3200 quod
691 3158 774 3185 nos
792 3142 983 3185 dicimus
1004 3158 1094 3184 an-

203 3193 494 3258 heimfalten.
550 3198 707 3243 Horat.
739 3201 830 3244 Sat.
861 3201 904 3248 2,
929 3201 972 3251 2,
1000 3200 1096 3244 134.

201 3262 333 3316 Ager
357 3255 491 3301 cedet·
505 3256 716 3301 infusum
736 3258 871 3317 mih'i.
933 3257 1095 3300 Noster

206 3321 248 3370 1,
281 3318 320 3361 1.
356 3303 523 3372 Lepiiii
545 3305 690 3370 ‘utque
723 3315 926 3358 Antonii
953 3329 1094 3357 arma

204 3378 256 3418 in
309 3372 597 3426 Augustam·
624 3386 816 3414 cessere.
921 3370 1094 3414 Graece

197 3434 427 3492 γωρεῖν
477 3431 540 3478 εἴς
578 3442 696 3472 τινα.
767 3428 965 3486 Simplex
999 3446 1094 3472 sen-

145 3515 149 3523 ,
203 3481 365 3534 {entia}
421 3486 583 3531 dehinc
612 3484 779 3528 Auster
806 3496 981 3529 exortus
1015 3495 1095 3535 est,

208 3546 336 3597 cuius
351 3545 389 3589 vi
413 3552 459 3587 et
480 3540 813 3600 tract-uiinbres
836 3544 1093 3597 grandines·

208 3593 368 3664 que-et
400 3601 535 3648 maris
559 3592 724 3650 fluctus
747 3600 1092 3644 ferebantur‘ad-

721 2392 793 2435 Nil
818 2401 972 2445 muto‚·
1001 2411 1102 2437 nani
1127 2410 1133 2418 ¹

1189 1232 1346 1260 versus
1395 1217 1672 1276 navigantes.
1763 1220 1892 1277 Quae
1936 1239 2078 1281 quum

1189 1283 1350 1317 cuncta
1395 1275 1507 1318 bene
1552 1293 1598 1319 se
1636 1277 1850 1331 babeant,
1907 1281 2078 1325 inutilis

1188 1347 1283 1374 esse
1333 1333 1510 1376 videtur
1557 1333 1756 1379 Schutzii
1811 1338 2078 1387 emendatio,

1187 1389 1262 1446 qui
1285 1397 1500 1432 austrum
1521 1392 1658 1436 vertit
1677 1393 1722 1434 in
1754 1404 1955 1438 aestum.
2015 1396 2076 1439 cf.

1186 1446 1366 1490 Sehiitz.
1390 1464 1541 1506 progr.
1575 1449 1666 1492 len.
1686 1451 1836 1501 1781„
1866 1453 2076 1497 Biblioth.

1186 1505 1286 1548 crit.
1321 1505 1511 1548 Seebod.
1545 1507 1666 1549 1820.
1709 1524 1778 1551 nr.
1812 1512 1853 1553 5.
1894 1527 1938 1569 p.
1975 1511 2074 1554 400.

1187 1561 1316 1616 Quae
1343 1562 1416 1605 hic
1440 1563 1625 1620 legimus
1652 1563 1706 1606 de
1730 1565 1830 1619 illo,
1876 1568 2076 1627 quisquis

1184 1620 1342 1667 fuerit,
1395 1620 1443 1661 in
1476 1637 1613 1677 quem
1647 1637 1784 1665 omne
1823 1624 2002 1668 coelum
2034 1635 2076 1670 et

1186 1693 1308 1719 mare
1350 1694 1483 1721 omne
1523 1679 1677 1727 cessit,
1740 1683 1909 1737 optime
1956 1693 2074 1727 certe

1188 1734 1461 1778 conveniunt
1503 1744 1670 1787 νεῖκος
1739 1755 1844 1782 nam
1885 1740 1922 1783 is
1959 1742 2075 1800 rapit

1188 1791 1438 1849 disiieiuque
1487 1810 1644 1847 naves3
1691 1795 1739 1838 in
1781 1813 1885 1840 eum
1938 1814 2075 1841 omne

1185 1848 1365 1893 coelum
1419 1851 1577 1894 cedere
1630 1862 1730 1909 apte
1775 1854 1863 1897 dici
1909 1864 2072 1912 potest.

1181 1904 1253 1949 De
1288 1916 1419 1950 aestu
1454 1924 1548 1951 non
1581 1911 1683 1954 satis
1713 1911 1829 1955 bene
1862 1911 1971 1957 haee
2004 1929 2073 1957 va·

1181 1963 1292 2007 lent.

1238 2048 1322 2104 qui
1361 2050 1550 2093 tumidis
1592 2050 1876 2096 Germaniae
1920 2057 2071 2099 terris.

1180 2105 1405 2156 Tumere,
1447 2123 1603 2164 graece
1640 2109 1812 2167 ὀργᾶν,
1857 2112 2070 2156 dicuntur

1178 2171 1351 2211 terrae,
1419 2180 1530 2221 quae
1594 2168 1734 2211 multa
1794 2168 2070 2223 humiditate,

1179 2221 1400 2273 ubertate,
1441 2223 1712 2280 pinguedine
1746 2235 1940 2283 turgent.
2009 2228 2068 2272 cf.

1179 2278 1303 2335 Virg.
1340 2277 1506 2337 Georg.
1538 2282 1581 2333 2,
1612 2282 1712 2326 324.
1751 2299 1853 2326 vere
1887 2291 2070 2328 tument

1178 2343 1346 2378 terrae.
1388 2336 1528 2393 Igitur
1544 2342 1756 2383 tumidae
1778 2348 1934 2384 terrae
1952 2351 2070 2401 sunt,

1178 2408 1290 2448 quae
1343 2393 1526 2439 Graecis
1585 2398 1799 2442 dicuntur
1855 2397 2064 2457 ὀργάδες,

1162 2449 1338 2504 secter,
1401 2457 1695 2506 grasreicher
1740 2457 1919 2501 Boden.
2009 2458 2067 2502 cf.

1173 2506 1336 2551 Pollux
1367 2509 1413 2552 in
1440 2509 1679 2556 Onomast.
1711 2514 1750 2566 5,
1772 2514 1812 2565 2,
1840 2517 1906 2558 14.
1971 2515 2014 2558 Ο
2050 2541 2064 2550 ·

1172 2577 1406 2622 ponuntur
1435 2570 1567 2613 terris
1598 2569 1680 2613 levi
1711 2571 1931 2630 aridoque
1963 2533 2064 2617 sol'o

1172 2625 1425 2674 utentibus,
1475 2642 1588 2683 quae
1621 2627 1930 2672 humiditatem
1968 2647 2062 2674 non

1170 2680 1366 2726 retinent
1387 2699 1532 2740 neque
1554 2692 1728 2728 tumere
1749 2687 1908 2730 solent.
1970 2687 2063 2731 Iam

1171 2746 1367 2788 constat,
1413 2741 1598 2785 nebulas
1632 2745 1862 2802 nubesque
1892 2746 2061 2802 potissi·

1167 2812 1291 2837 mum
1319 2797 1438 2855 gigni
1461 2797 1622 2841 talibus
1646 2803 1815 2860 campis
1841 2803 2062 2861 vastisque

1169 2860 1212 2894 et
1243 2855 1480 2911 profundis
1507 2858 1728 2901 amnibus.
1791 2858 1944 2915 Quare
1972 2860 2060 2904 No·

1167 2919 1259 2952 ster
1319 2921 1522 2955 austrum
1582 2913 1808 2960 immenso
1870 2919 2060 2961 nubium

1166 2975 1314 3012 tractu
1346 2970 1542 3012 validum
1574 2971 1706 3022 dicit,
1736 2974 1921 3018 tumidis
1949 2974 2059 3019 Ger·

1168 3025 1343 3070 maniae
1381 3028 1536 3078 terris,
1577 3030 1817 3087 profundis
1853 3033 2058 3076 amnibus

1164 3082 1209 3124 h.
1254 3099 1293 3126 e.
1343 3085 1532 3144 tumidas
1584 3084 1853 3131 Germaniae
1906 3098 2058 3143 terras,

1165 3141 1418 3197 profundos
1450 3150 1604 3187 amnes
1642 3161 1821 3188 causam
1853 3163 1947 3190 esse
1976 3148 2056 3190 im-

1165 3200 1307 3240 mensi
1337 3199 1525 3241 nubium
1556 3209 1748 3254 tractus,
1789 3220 1878 3260 quo
1910 3214 2056 3249 auster

1164 3254 1335 3298 validus
1377 3256 1549 3300 evadat.
1590 3257 1794 3302 ¹>Eadem
1831 3269 2055 3306 structura

1165 3327 1267 3354 mox
1310 3330 1348 3357 c.
1378 3314 1448 3355 24.
1493 3318 1636 3357 nullo·
1670 3318 1765 3359 illic
1813 3319 2055 3363 hominum

1165 3372 1315 3419 cultu,
1363 3371 1506 3427 same
1555 3375 1842 3428 absumptus.
1930 3377 2055 3420 Male

1165 3426 1238 3469 alii
1279 3428 1451 3486 priores
1484 3429 1698 3474 ablativos
1734 3449 1838 3475 cum
1871 3436 2055 3491 validus

1165 3486 1462 3541 coniungunt.
1552 3487 1756 3531 Rbenani
1807 3499 1849 3534 et
1891 3491 2069 3534 Faerni‘

1167 3542 1427 3586 coniectura
1474 3547 1677 3588 humidis
1728 3563 1810 3604 pro
1860 3550 2052 3598 imnidis

1165 3598 1249 3642 uti‘
1271 3600 1481 3652 facillima
1512 3603 1571 3646 ita
1605 3617 1762 3662 parum
1806 3607 2050 3651 necessaria
