2222 4030
20 1307 21 1311 ,
70 1284 194 1312 esse:

161 169 420 212 LII-780.-

160 213 281 258 cc.
322 216 385 251 22
656 159 972 237 L113.'1v.

1032 171 1230 237 CAP.
1262 175 1365 240 65.
1821 175 1948 245 353
2012 251 2016 256 ,

16 315 17 320 ’
72 308 151 365 lis
170 306 353 365 silvae
376 306 654 384 frequens
675 306 1080 384 fecundusque
1100 317 1252 363 erat:
1289 326 1428 364 mox
1448 305 1720 383 Caelium
1738 310 1944 386 appel-

73 392 311 455 litatum
343 411 378 450 a
410 388 588 450 Caele
610 389 921 462 Vibenna‚
972 391 1078 469 qui
1107 391 1230 448 ⁴dux
1265 393 1454 464 gentis
1486 389 1772 459 Etruscae
1807 399 1945 453 cum

74 476 365 535 auxilium
408 477 769 554 appellatum
817 477 1106 546 itavisset‚
1160 476 1366 534 ‘sedem
1412 498 1541 535 eam
1573 491 1874 556 acceperat
1906 501 1944 538 a

19 627 23 630 ⁴
74 560 410 640 Tarquinio
451 560 687 632 Prisco,
749 582 853 620 seu
901 562 1035 640 quis
1070 558 1223 622 alius
1268 580 1476 635 regum
1521 564 1711 623 dedit:

1798 586 1941 623 nam
1962 602 1966 610 π’

70 648 386 724 scriptores
422 648 488 704 in
526 668 596 705 eo
629 646 1003 722 dissentiunt.
1090 659 1278 708 cetera
1311 667 1438 704 non
1473 650 1747 725 ambigua
1782 663 1942 724 sunt,

71 752 443 807 magnas‘eas
477 733 673 810 copias
695 753 803 809 per
825 733 1004 810 plana
1030 728 1208 792 etiam
1227 754 1295 792 ac
1315 733 1447 790 foro
1475 737 1813 814 propinqua
1833 733 1944 794 ha-

71 819 315 889 bitasse,
370 818 532 876 unde
583 816 850 877 Tuscum
902 819 1101 877 vicum
1156 840 1190 878 e
1239 819 1530 878 vocabulo
1578 816 1943 882 advenarum

70 903 313 963 dictum.

129 1095 246 1140 CAP-
270 1095 343 1139 65.
375 1111 482 1139 cum
504 1098 735 1141 auximum
755 1099 971 1153 appella-

72 1162 172 1197 tum
203 1154 429 1201 itavisset.
490 1153 542 1198 In
564 1163 794 1214 postremo
828 1154 972 1201 verbo

71 1210 176 1255 cod.
202 1211 305 1254 MS.
331 1210 520 1255 mutilus
550 1221 642 1265 est;
680 1213 881 1272 produnt
908 1211 972 1256 ibi

270 1271 563 1324 appellatum
626 1302 640 1314 .
681 1302 693 1315 .
756 1274 971 1317 iuvisset.

73 1326 229 1382 Quare
282 1327 328 1369 in
381 1326 470 1371 hoc
522 1326 626 1371 loco
684 1327 971 1372 emendando

20 1416 21 1419 η
69 1383 201 1428 multi
231 1383 523 1429 desudarunt.
578 1385 824 1430 Rhenanus
854 1400 969 1429 con-

22 1454 23 1460 *
70 1441 202 1486 iecitz
228 1458 336 1485 cum
357 1457 475 1486 aux.
505 1445 870 1498 appellatavazeset
893 1441 967 1485 id-

70 1514 158 1558 que
203 1499 343 1544 edidit
377 1499 539 1547 Aldus.
571 1548 580 1555 ,
613 1501 667 1544 Li
700 1501 818 1545 sius:
860 1514 968 1544 cum

68 1558 308 1601 auxilium
348 1559 550 1602 tulisset.
680 1559 843 1603 erbum
882 1574 975 1613 op-

66 1618 300 1670 pellatum
321 1615 383 1660 illi
410 1616 610 1669 detetur,
650 1616 818 1677 quippe
849 1615 974 1674 quod

70 1691 95 1718 e
128 1672 271 1731 priori
303 1672 420 1719 linea
446 1673 538 1719 buc
565 1674 797 1720 deciderit.
856 1675 895 1719 F
897 1690 976 1718 er-

68 1740 193 1776 retus
213 1740 257 1775 et
280 1731 548 1776 Vertranius
563 1749 576 1776 2
612 1749 733 1777 aux.
759 1735 975 1790 appella-

70 1797 171 1832 tum
194 1790 507 1846 ductavisset,
538 1791 663 1849 quod
689 1807 817 1837 nunc
838 1791 973 1848 vulgo

70 1846 237 1894 editur.
321 1847 544 1900 Picbena:
595 1864 714 1893 aux.
749 1854 820 1894 ad
851 1852 974 1894 bella

71 1913 172 1947 tum
206 1907 504 1949 daecanus-et.
581 1906 773 1967 Recepit
806 1909 973 1952 Brote-

22 1978 26 1996 ⁴
68 1962 165 2006 rius
179 1962 343 2007 omissa
359 1964 578 2020 particula
596 1973 712 2008 tum.
751 1964 976 2025 Ryckius:

68 2036 188 2064 aux.
210 2025 278 2065 ad
297 2022 422 2063 bella
445 2028 548 2067 tum
573 2023 774 2067 tulisset.
835 2022 978 2068 Crol'-

69 2077 156 2122 lius
179 2093 192 2122 z
262 2081 623 2133 adportamsset.
725 2081 937 2127 Heinsius
961 2095 973 2124 ε

25 2164 26 2167 =
68 2152 177 2180 cum
203 2151 322 2180 aux.
342 2139 976 2195 popular-iamludductom's-

66 2202 157 2239 set.
258 2193 474 2251 Quorum
534 2196 646 2241 nihil
717 2198 975 2256 receptione

69 2252 255 2311 dignum
279 2268 374 2296 esse
399 2251 547 2298 video.
610 2254 724 2299 Nam
749 2257 848 2315 quis
882 2272 975 2301 un-

67 2326 205 2369 quam
244 2310 445 2368 scripsit:
496 2314 735 2356 uuxilium
776 2318 973 2358 ductare

69 2370 138 2412 vel
173 2371 463 2424 adducente,
516 2379 565 2413 ut
597 2369 654 2414 sit
696 2372 842 2424 serre,
883 2373 972 2417 ‘ad-

68 2425 226 2472 serre?
284 2425 403 2469 Dein
438 2427 626 2471 minime
651 2437 716 2472 est
741 2430 972 2482 credibile,

66 2500 220 2543 regem
251 2481 553 2541 Tarquinium
586 2484 798 2530 Priscum
843 2487 969 2532 auxi-

69 2540 179 2586 lium
202 2541 259 2585 ab
279 2539 485 2585 Etruscis
517 2558 579 2585 un
615 2560 718 2587 uam
747 2544 972 2603 petivisse,

66 2608 112 2643 et
136 2599 300 2643 diserte
319 2598 574 2657 Dionysius
671 2602 698 2646 l.
719 2603 762 2651 2,
784 2602 854 2646 36.
875 2612 971 2647 tra-

28 2691 29 2694 *
68 2658 158 2709 «tit,
190 2654 356 2701 Caelen
388 2666 548 2714 sponte
579 2674 667 2702 nec
691 2675 746 2716 ap
781 2659 972 2704 ellatum

67 2714 259 2759 venisse.
318 2713 531 2773 Denique
550 2715 631 2774 qui
653 2718 749 2759 auxi
775 2716 868 2759 ium
898 2733 972 2775 pe-

67 2771 180 2816 tenti
206 2770 378 2823 adfert,
417 2787 512 2815 uon
543 2773 659 2817 solet
690 2775 839 2817 sedem
866 2790 972 2818 cum

67 2829 158 2874 suis
180 2830 387 2896 accipere
413 2845 437 2873 a
463 2830 680 2887 petitore3
722 2830 865 2875 immo
892 2848 968 2876 se-

68 2889 171 2932 dem
199 2886 388 2945 accipit.
421 2886 498 2945 qui
522 2888 626 2933 sede
651 2898 800 2940 caret,
832 2889 969 2942 exsul,

67 2945 208 3005 patria
231 2943 465 3003 profugus.
525 2945 670 2990 Nemo
693 2954 840 2991 autem
863 2947 970 2991 mihi

67 3001 353 3062 persuadebit
400 3010 494 3046 tum
546 3005 761 3063 temporis
805 3005 969 3050 ducent

50 3060 303 3127 ,copiarum
328 3059 507 3119 publice
526 3060 583 3105 ab
606 3061 807 3106 Etruscis
830 3063 874 3107 in
896 3078 971 3107 au-

66 3118 222 3162 xit-um
262 3116 580 3163 Romanorum
624 3120 811 3163 missum
865 3137 970 3164 cum

68 3176 262 3220 exercitu
296 3191 379 3219 suo
408 3175 580 3220 Rornae
620 3177 761 3220 fixisse
801 3179 972 3225 aedem.

70 3233 227 3288 Quare
272 3231 336 3276 nil
382 3233 540 3277 dubito
585 3235 826 3294 legendum
870 3252 964 3279 esse

66 3291 359 3345 appellatum
386 3291 595 3337 ieamssee
609 3326 620 3345 ,
661 3293 816 3337 eaden·
843 3301 964 3338 stru-

68 3358 223 3396 ctura,
257 3364 344 3404 qua
368 3357 473 3391 sunt
494 3351 631 3394 verba
658 3368 698 3395 c.
722 3352 795 3395 66.
828 3367 969 3395 suum
994 3391 1001 3396 .

876 3410 968 3453 lam

34 3503 36 3506 ,
72 3480 183 3507 vero
213 3468 316 3506 dux
338 3467 491 3515 gentis
517 3466 746 3510 Etruscae
772 3483 862 3510 non
889 3475 970 3518 est,

8 3546 12 3555 »
71 3522 146 3579 qui
169 3520 407 3579 imperium
429 3523 661 3581 copiarum
680 3525 970 3568 Etruscarum

156 3588 400 3639 'l'Acrrrs
446 3587 482 3637 l.

67 3408 346 3461 sangumem
393 3410 635 3460 perditum
686 3412 795 3453 ibat.

1043 1097 1227 1141 haberet
1278 1097 1399 1153 (Hee
1535 1112 1592 1149 er
1641 1101 1727 1143 des·
1763 1098 1970 1145 Etrus-m·

1046 1154 1194 1199 Volks
1208 1187 1222 1210 ,
1254 1156 1320 1200 uti
1341 1171 1398 1200 vo
1419 1157 1546 1214 uut);v
1573 1155 1663 1201 'sed
1685 1156 1774 1199 dux
1793 1156 1948 1201 homi·

1043 1229 1155 1257 num
1183 1212 1238 1255 ad
1259 1229 1396 1258 unam
1449 1210 1599 1259 ente'm
1622 1214 1948 1284 pertinentium

1047 1270 1332 1326 (Anfiihrer,
1435 1278 1551 1326 nupt
1592 1287 1719 1316 emes
1755 1273 1944 1316 Etrusc-

1046 1328 1377 1385 Geschlechts).
1438 1329 1482 1372 Is
1504 1345 1609 1374 cum
1633 1329 1763 1387 copia
1787 1328 1947 1389 gentili

1042 1386 1101 1428 ob
1122 1386 1218 1431 vim
1237 1387 1600 1433 adversariorum
1619 1387 1760 1455 patria
1781 1385 1946 1448 profu-

1040 1459 1122 1502 gus
1160 1459 1301 1502 quum
1341 1443 1557 1488 auxilium
1598 1445 1836 1491 civitatum
1875 1445 1946 1493 vi-

1045 1502 1252 1546 cinarum
1288 1501 1600 1560 implorasset,
1653 1502 1699 1547 h.
1729 1519 1770 1549 e.
1805 1519 1950 1563 quum

1045 1558 1257 1604 auxilium
1295 1559 1572 1618 appellatum
1603 1559 1828 1615 itavisset,
1872 1576 1951 1605 se-

1049 1617 1155 1661 dem
1199 1618 1373 1676 accepit
1412 1633 1436 1661 a
1476 1616 1754 1677 Tarquinios
1871 1634 1950 1664 aec

1049 1690 1150 1718 mea
1184 1674 1341 1733 opinio
1404 1675 1504 1719 lane
1537 1675 1836 1720 confirmatur
1864 1692 1951 1743 per

1047 1748 1233 1775 aeneam
1258 1734 1365 1776 tabu
1387 1749 1461 1775 am
1482 1742 1704 1792 repertam
1723 1734 1790 1778 Lu
1824 1734 1951 1787 dum,
2011 1750 2018 1757 ‘

1047 1806 1160 1848 quae
1186 1789 1359 1834 exhibet
1389 1789 1646 1834 orationem
1668 1788 1784 1836 Clau
1819 1793 1848 1836 ii
1875 1807 1949 1835 an.

1045 1864 1090 1891 u.
1112 1848 1213 1892 801.
1236 1849 1282 1892 in
1307 1856 1463 1893 senatu
1484 1847 1700 1895 habitam.
1748 1849 1810 1896 cf.
1835 1849 1948 1894 infr.

1049 1907 1117 1956 11,
1162 1906 1234 1948 24.
1278 1915 1322 1950 et
1363 1906 1625 1950 Broterium
1673 1907 1722 1951 in
1761 1915 1860 1951 not.
1906 1915 1949 1951 et

1047 1963 1291 2007 emendatt.
1313 1963 1368 2007 ad
1390 1963 1524 2007 illum
1548 1964 1721 2008 locum.
1780 1965 1848 2009 lbi
1877 1965 1948 2008 le-

1048 2021 1190 2079 gitur:
1226 2022 1426 2066 Servius
1446 2021 1654 2078 Tullius,
1691 2023 1741 2066 si
1757 2030 1951 2067 nostros

1046 2082 1310 2136 sequimur,
1351 2081 1536 2134 captiva
1565 2087 1714 2124 natus
1738 2079 1949 2137 Ocresia,

1044 2138 1092 2181 si
1112 2137 1307 2186 Tuscos,
1344 2137 1479 2181 Caeli
1506 2139 1746 2194 quondam
1771 2138 1951 2181 Viven-

1044 2209 1136 2239 nae
1166 2197 1347 2239 sodalis
1363 2196 1682 2252 fidelissimus
1706 2196 1951 2252 omnisque

1047 2254 1148 2297 cius
1169 2267 1304 2297 casus
1323 2262 1505 2304 comes,
1538 2260 1793 2310 postquam
1814 2255 1950 2298 varia

1029 2310 1237 2367 fortuna
1260 2316 1460 2353 exactus·
1482 2325 1590 2353 cum
1612 2312 1825 2354 omnibus
1843 2314 1949 2355 reli·

1044 2370 1165 2425 quiis
1214 2369 1429 2413 Caeliani
1475 2369 1714 2411 exercitus
1754 2370 1951 2413 Etruria

1043 2427 1245 2469 excessit
1258 2461 1269 2479 ,
1303 2433 1510 2469 montem
1530 2426 1738 2469 Caelium
1760 2442 1949 2483 occupa-

1042 2483 1123 2526 vit.
1181 2484 1404 2527 Itavisset
1438 2482 1701 2527 de·crel›ris
1730 2483 1950 2528 itionibus

1044 2540 1179 2585 etiam
1203 2541 1323 2599 apud
1345 2539 1615 2585 Ciceronem
1641 2539 1842 2600 aliosque
1866 2541 1946 2586 ob·

1044 2599 1172 2643 vium
1210 2607 1301 2648 est,
1344 2598 1510 2642 dicitur
1542 2598 1597 2641 de
1628 2595 1785 2651 Caele,
1825 2615 1945 2658 quo-

1046 2656 1166 2700 niam
1194 2657 1271 2714 qui
1295 2655 1507 2699 auxilium
1538 2663 1614 2699 aut
1638 2655 1792 2700 sedem
1813 2673 1945 2716 quae·

1044 2714 1131 2764 rit,
1158 2713 1215 2756 ab
1241 2729 1329 2757 una
1353 2714 1527 2757 civitate
1548 2712 1603 2755 ad
1623 2712 1807 2757 alteram
1841 2731 1947 2774 sup·
2018 2719 2024 2725 “

1045 2769 1143 2829 plex
1168 2770 1491 2840 proficiscitur.
1554 2768 1786 2815 Chissetius
1807 2773 1854 2817 in
1876 2788 1947 2832 ep.

1043 2828 1098 2871 ad
1131 2827 1332 2896 ansium
1370 2827 1460 2871 iam
1500 2826 1677 2887 pridem
1713 2830 1945 2875 coniecta·

1041 2894 1168 2931 verat
1190 2902 1238 2929 m
1265 2888 1478 2941 lavasset,
1526 2885 1649 2944 quod
1678 2886 1812 2931 habet
1840 2888 1945 2933 cod.

1046 2944 1169 2995 MS„
1202 2943 1338 2987 latere
1363 2945 1601 2994 itavisse&
1627 2943 1764 2989 sedis
1788 2943 1950 2990 locuni

1044 3002 1343 3046 constituebat
1372 3000 1460 3045 sic:
1505 3016 1612 3045 cum
1633 3001 1686 3043 in
1710 3003 1946 3047 auxuu’um

1043 3063 1309 3116 appellatus
1337 3059 1570 3111 immiscet,
1611 3058 1736 3117 quod
1768 3061 1943 3106 nemini

1045 3117 1254 3175 placebit.
1317 3116 1427 3161 Mox
1460 3117 1529 3161 ed.
1561 3116 1668 3187 AJd.
1701 3131 1785 3161 seu
1814 3120 1944 3175 queis
1974 3132 1977 3134 ·

1046 3178 1194 3235 inepte
1217 3190 1301 3234 pro
1322 3190 1406 3219 seu
1426 3176 1543 3232 quis.
1659 3181 1663 3187 '

1099 3294 1219 3335 unde
1243 3290 1449 3335 Tuscum
1476 3291 1652 3340 vicum.
1711 3291 1783 3335 De
1809 3307 1941 3337 causa

1043 3348 1242 3393 nominis
1287 3348 1624 3409 quodammodo
1673 3347 1946 3394 dissentiunt-

1041 3408 1133 3450 Liv.
1158 3408 1200 3456 2,
1226 3407 1292 3451 14.
1314 3416 1356 3451 et
1381 3406 1529 3451 Varro
1550 3407 1657 3461 4‚8;
1691 3406 1932 3476 loquuntuz

1026 3475 1191 3509 ¹tamen
1214 3473 1256 3509 et
1279 3460 1322 3509 bi
1343 3465 1399 3510 de
1422 3464 1622 3510 Etruscis
1649 3481 1796 3525 speeie
1829 3481 1938 3526 sup-

1046 3522 1216 3582 plicum
1236 3521 1427 3566 nomam
1450 3522 1623 3567 delatis.

1438 3583 1483 3641 Z
