2222 4030
217 259 257 296 Α
289 256 449 295 ητα.
625 300 635 311 ,
682 257 857 321 LIB,
890 255 938 321 Ι.
969 254 1187 321 CAP.
1220 257 1325 322 57.
1365 258 1470 323 58.
1918 263 2000 323 85

215 303 272 339 A.
289 301 341 340 C.
385 302 444 337 15.

129 406 246 454 tur.
332 388 666 450 Addiderat
690 388 955 462 Segestes
980 387 1185 462 legatis
1211 388 1402 446 filium
1421 391 1665 448 nomine
1678 389 1996 466 Segimun-

129 480 298 537 dum:
344 479 446 535 sed
475 475 705 535 iuvenis
728 474 1086 532 conscientia
1107 475 1512 535 cunctabatur.
1567 477 1785 554 quippe
1809 497 1992 548 anne,

127 586 244 641 quo
272 562 629 620 Germaniae
657 559 976 630 descivere,
1015 561 1285 616 sacerdos
1310 561 1467 634 apud
1484 556 1670 618 Aram
1694 561 1992 638 Ubiorum

127 661 354 707 creatus
376 658 616 723 ruperat
633 645 835 714 vittas,
871 646 1155 720 profugus
1174 645 1251 702 ad
1278 645 1543 704 rebelles,
1587 649 1875 706 adductus
1898 659 1991 706 ta-
2021 710 2037 724 κ

126 755 267 791 men
303 735 368 790 in
405 752 569 807 spem
604 728 1281 788 clementiae-Romanae
1316 730 1562 804 pertulit
1597 734 1781 806 patris
1815 754 1989 791 man-

124 822 286 877 data:
330 808 702 893 benigneque
726 826 996 890 exceptus
1021 836 1155 872 cum
1176 815 1468 891 praesidio
1497 813 1790 873 Gallicam
1815 819 1879 874 in
1904 818 1990 877 ri-

123 925 260 979 pam
301 903 516 959 missus
561 913 663 960 est.
773 898 1132 958 Germanico
1186 900 1445 976 pretium
1484 900 1600 957 fuit
1647 915 1987 961 convertere

122 1009 359 1063 agmen:
412 998 858 1064 pugnatumque
896 987 962 1042 in
995 986 1320 1043 obsidentis
1362 997 1419 1043 et
1453 998 1688 1062 ereptus
1724 987 1986 1062 Segestes
2027 1034 2030 1043 ,

121 1094 334 1148 magna
370 1094 506 1130 cum
538 1071 1017 1148 propinquorum
1042 1083 1099 1129 et
1122 1072 1428 1130 clientium
1451 1092 1652 1132 manu.
1741 1070 1986 1132 Inerant

119 1161 374 1216 feminae
397 1158 659 1227 nobileS,
700 1157 856 1214 inter
880 1177 1026 1234 quas
1048 1178 1199 1215 uxor
1223 1154 1492 1215 Arminii
1519 1158 1838 1235 eademque
1863 1159 1984 1216 filia

119 1244 402 1319 Segestis,
435 1243 635 1300 mariti
657 1243 846 1316 magis
870 1264 1049 1319 quam
1071 1243 1333 1317 parentis
1356 1242 1587 1313 animo,
1612 1263 1805 1322 neque
1827 1243 1984 1317 victa

118 1330 183 1386 in
217 1329 488 1386 lacrimas
525 1348 717 1404 neque
750 1348 894 1385 voce
932 1328 1176 1402 supplex
1213 1328 1561 1404 compressis
1594 1329 1752 1386 intra
1785 1330 1985 1387 sinum

115 1415 393 1471 manibus
418 1413 728 1487 gravidum
750 1424 988 1469 uterum
1011 1414 1269 1473 intuens.
1356 1412 1726 1472 Ferebantur
1763 1426 1820 1472 et
1844 1435 1983 1491 spo-

115 1500 196 1557 lia
219 1499 515 1558 Varianae
541 1497 723 1554 cladis
745 1498 1040 1574 plerisque
1066 1518 1302 1569 eorum,
1346 1499 1452 1577 qui
1476 1511 1606 1559 tum
1629 1500 1694 1558 in
1721 1501 1982 1564 deditio-

113 1606 252 1643 nem
275 1585 622 1652 veniebant,
662 1584 915 1659 praedae
940 1584 1095 1643 data.

280 1667 507 1730 LVIII.
538 1668 747 1727 'Simul
782 1667 1044 1742 Segestes
1080 1669 1204 1745 ipse
1249 1669 1457 1743 ingens
1491 1671 1624 1729 visu
1660 1682 1718 1729 et
1752 1692 1981 1728 memo-

114 1756 201 1814 ria
225 1757 419 1814 bonae
444 1754 735 1813 societatis
760 1754 1114 1830 impavidus.
1201 1753 1401 1817 Verba
1428 1756 1552 1814 eius
1576 1757 1642 1813 in
1663 1753 1826 1814 hunc
1848 1777 1980 1815 mo-

111 1844 258 1900 dum
282 1844 477 1900 fuere:
521 1839 708 1910 „Non
732 1835 831 1896 hic
854 1835 1006 1896 mihi
1029 1841 1259 1916 primus
1287 1861 1421 1915 erga
1445 1843 1735 1918 populum
1751 1840 1982 1901 Roma-

110 1948 306 1998 „num
342 1926 482 1983 fidei
518 1937 575 1983 et
609 1925 971 1983 constantiae
1010 1926 1150 1985 dies.
1207 1946 1276 1983 ex
1314 1948 1432 2004 quo
1469 1948 1502 1985 a
1540 1928 1679 1985 divo
1707 1923 1976 2003 Augusto

108 2013 388 2083 „civitate
414 2013 667 2068 donatus
692 2031 840 2080 sum,
873 2011 1093 2068 amicos
1119 2011 1510 2089 inimicosque
1536 2033 1603 2069 ex
1626 2014 1834 2072 vestris
1858 2013 1979 2093 uti-
2102 2004 2117 2012 ⁵

107 2099 417 2168 „litatibus
465 2097 680 2169 delegi:
767 2115 960 2173 neque
1009 2097 1147 2152 odio
1195 2098 1420 2172 patriae
1479 2095 1725 2174 (quippe
1770 2099 1978 2173 prodi-

106 2194 314 2254 „tores
362 2181 539 2240 etiam
586 2181 687 2251 iis,
744 2202 894 2258 quos
941 2193 1341 2257 anteponunt,
1394 2181 1575 2239 invisi
1622 2181 1817 2262 sunt),
1874 2204 1977 2240 ve-

106 2290 288 2340 „rum
324 2268 461 2346 quia
497 2266 790 2326 Romanis
826 2264 1259 2345 Germanisque
1295 2267 1456 2348 idem
1492 2269 1852 2338 conducere,
1920 2281 1977 2326 et

104 2433 268 2479 animis
311 2432 665 2491 adfectibmque.
735 2432 798 2479 cf.
839 2434 879 2486 l,
924 2432 1001 2479 28.
1131 2435 1404 2501 eademque.
1476 2433 1562 2479 Ed.
1606 2433 1861 2491 Weikerti·
1890 2425 1973 2479 ιιι-’-

105 2494 175 2544 14,
195 2491 265 2536 31.
302 2493 369 2543 15,
395 2491 465 2539 17.
1074 2494 1182 2536 dem
1201 2523 1214 2540 ‚
1245 2489 1424 2537 vitiose.

1133 2547 1333 2593 Cap-58.
1361 2552 1511 2594 bonae
1533 2549 1789 2596 societatis.
1823 2549 1973 2593 Bona

101 2649 149 2695 P·
180 2633 284 2678 291·
1072 2608 1270 2674 societas
1305 2608 1372 2663 (ut
1407 2610 1532 2652 bona
1551 2609 1695 2666 fides)
1721 2616 1811 2706 cist,
1834 2623 1971 2708 hquae

163 2717 448 2785 Germanico
465 2717 672 2774 pretium
682 2716 799 2784 [uic.
821 2716 999 2762 Freins-
1071 2681 1394 2774 ggii-³3:⁸31eli:
1399 2677 1468 2768 ceita
1473 2683 1569 2782 2¹:¹2
1591 2681 1778 2767 §zittani
1801 2680 1966 2766 Ro'mssl

103 2774 279 2820 hemum
323 2776 533 2833 explicata
591 2783 736 2827 „satus
779 2791 997 2842 magnum
1069 2797 1153 2824 nos
1191 2780 1373 2823 meruit.
1433 2781 1667 2824 Memoria
1700 2779 1744 2823 h.
1775 2797 1812 2824 e.
1849 2795 1967 2823 eon-

103 2849 265 2891 operae
289 2832 542 2891 lahorisque
564 2832 758 2891 prelium
780 2833 909 2882 tuln.
931 2849 995 2877 ³0·
1068 2836 1267 2882 seientia.
1318 2836 1377 2881 cf.
1401 2854 1443 2883 c.
1469 2838 1541 2881 44.
1572 2838 1758 2882 sceleris
1777 2852 1965 2880 mema-

104 2888 463 2948 ereptoSegeste,
486 2899 612 2948 capta
626 2889 821 2934 Arminii
843 2906 997 2939 uxore.
1067 2895 1160 2938 ria.
1231 2893 1462 2939 Ernestius
1497 2912 1591 2940 uon
1629 2894 1734 2940 satis
1775 2893 1965 2940 feliciter

101 2948 293 3006 receptis
328 2945 535 2991 Varianis
567 2946 723 3013 spoliis
752 2946 876 2992 etc.”
936 2948 973 2990 Α
1067 2950 1263 2997 coniecit
1303 2959 1500 3010 nostrae
1543 2969 1626 3013 pro
1668 2955 1834 2998 bonae.
1897 2952 1995 2998 οἱ..

102 3021 206 3049 eum
249 3019 429 3049 tensum
480 3002 632 3048 verbu
678 3003 823 3048 inesse
871 3011 994 3048 vetat
1068 3008 1136 3060 18,
1164 3007 1232 3050 54.
1269 3009 1393 3051 bona
1417 3012 1747 3056 aemulatione.

102 3071 334 3108 contextu·
362 3069 405 3104 et
426 3060 711 3120 potissimum
747 3061 912 3120 copula
947 3061 994 3105 iu
1138 3066 1232 3108 ndei
1249 3074 1295 3108 et
1315 3069 1622 3115 constantiae.
1653 3067 1705 3116 ἓν
1723 3066 1803 3115 διὰ
1825 3069 1960 3117 δυοῖν

94 3128 467 3177 pugnatumque.
528 3118 646 3163 Hinc
689 3120 812 3163 varie
852 3118 995 3163 inter-
1113 3155 1125 3168 .
1151 3122 1287 3168 Roth.
1311 3140 1354 3184 p.
1380 3124 1454 3171 24.

100 3187 333 3238 putantur
359 3178 443 3221 viri
475 3174 614 3220 docti.
674 3173 891 3220 wolfius
921 3176 994 3220 lo·
1123 3181 1247 3224 idem
1298 3185 1564 3229 conducere.
1644 3181 1766 3241 Quia
1812 3184 1956 3230 verbo

98 3235 330 3280 cntionem
350 3234 470 3278 illam
497 3242 729 3292 comparat
750 3250 855 3280 cum
880 3250 994 3278 voce
1058 3240 1319 3296 probabam
1345 3257 1436 3286 non
1459 3240 1564 3286 satin
1585 3239 1745 3287 idonea
1773 3242 1956 3287 videba-

99 3292 674 3394 Ξξὶἲῗωῖῗόἷῗηὼὲῗῖῒὲ,
694 3294 990 3394 ’ξ”ζῖἕῖῗῗ
1063 3296 1833 3402 ἑῗῖεἶὲἴηᾚῖῗῖῗὲῗῗὲἔηὲἓῗυῗά
1851 3298 1954 3402 &ff

100 3415 362 3451 tenuante
403 3405 568 3451 Sathe-
627 3406 688 3452 cs.
720 3405 833 3452 nist.
867 3407 909 3461 3,
939 3408 988 3467 ,8.
1061 3413 1217 3470 rigum
1278 3429 1402 3459 nunc
1461 3417 1736 3460 conduceret
1758 3448 1771 3468 ,
1810 3389 1822 3407 ’
1853 3413 1950 3470 ῥα·-

99 3467 150 3509 in
172 3465 510 3509 Veronensibus
523 3464 856 3521 preu’umsuie.
897 3467 988 3510 An·
1061 3485 1191 3525 cem,
1218 3484 1342 3516 nunc
1372 3475 1626 3517 conducere
1646 3475 1800 3517 rebar.
1860 3470 1950 3516 sed

97 3524 141 3574 2.
159 3522 230 3567 35.
262 3522 676 3580 m’pretiumsoree
702 3551 761 3560 —
786 3539 989 3571 noscere.
1061 3527 1176 3572 bene
1187 3524 1417 3574 Ernestius
1441 3530 1642 3582 monuit,
1698 3529 1790 3574 rius
1811 3546 1950 3575 mem·

100 3579 259 3626 Germ.
280 3597 323 3627 c.
344 3579 415 3626 31.
441 3581 602 3637 precia
618 3581 863 3628 nascendi.
1062 3583 1199 3630 hrum
1229 3586 1427 3647 pendere
1457 3604 1482 3633 e
1503 3588 1655 3633 1⁰uda'ca
1699 3603 1796 3638 tm,
1824 3589 1948 3650 quod

160 2577 516 2631 Segimundum.
609 2574 668 2620 cf.
734 2573 902 2620 Strabo
957 2576 1002 2626 7,
