2222 4030
367 777 1127 844 C.CORNEL11
1213 746 1651 868 TACIT‘I
1891 731 1937 867 ’ὅ

960 929 1063 971 ,ΑΒ

533 1026 878 1075 EXCESSU
925 1026 1098 1074 mvl
1145 1026 1511 1094 AUGUSTI*

135 1119 728 1246 ‘ANN
888 1080 2012 1213 ALIU‘M'

628 1277 927 1334 LIBER
1011 1280 1390 1337 PRIMUS.

529 1553 1135 1600 BREVIARIUM
1210 1553 1488 1607 LIBRI.

249 1653 365 1698 CAP.
394 1654 433 1697 1.
464 1651 546 1696 Rei
571 1650 804 1695 Romanae
839 1659 978 1696 status
1005 1659 1108 1695 ante
1131 1651 1405 1710 Augustum.
1465 1649 1509 1694 2.
1542 1649 1650 1695 Eius
1674 1661 1790 1697 artes
1814 1660 1858 1698 et
1879 1653 1953 1700 via

75 1713 131 1757 ad
157 1712 414 1770 imperium.
478 1709 522 1754 8.
556 1710 679 1752 Varii
709 1710 762 1752 ab
789 1709 993 1766 Augusto
1018 1709 1221 1753 destinati
1252 1725 1549 1753 successores.
1596 1709 1658 1752 ¹4.
1689 1709 1842 1754 Status
1874 1728 1953 1756 re-

74 1786 176 1813 rum
205 1779 246 1813 et
273 1771 455 1812 affectus
479 1768 641 1812 civium
670 1767 752 1808 sub
775 1766 1000 1823 Angustm
1056 1767 1225 1811 Iudicia
1250 1767 1304 1809 de
1330 1768 1682 1810 successoribus.
1744 1767 1786 1814 5.
1814 1766 1965 1813 Mor-‘

75 1828 159 1871 bus
177 1827 395 1884 Augusti,
422 1835 467 1870 et
495 1842 617 1869 mors
643 1824 795 1868 celata.
851 1824 1036 1868 Accitus
1057 1825 1112 1867 ad
1135 1824 1469 1869 successionem
1493 1823 1714 1869 Tiberius.
1777 1826 1818 1869 6.
1838 1825 1953 1871 Cae-

76 1886 154 1928 des
183 1885 387 1927 Postumi
414 1885 523 1942 Agri
559 1899 653 1949 pae.
715 1881 756 1922 7.
787 1883 930 1925 Roma
959 1898 1100 1939 prona
1127 1882 1173 1925 in
1197 1882 1476 1925 servitutem.
1512 1881 1717 1925 Iuratum
1741 1880 1789 1926 in
1813 1885 1952 1929 verba

49 1939 187 1985 'novi
227 1942 456 2000 principis.
519 1900 624 1983 gius
658 1939 813 1983 callida
851 1940 1175 1996 tergiversatio.
1248 1940 1289 1982 8.
1325 1938 1520 1994 Augusti
1553 1948 1872 1984 testamentum
1908 1949 1953 1987 et

0 2018 4 2033 >
73 1999 272 2043 honores
307 2016 451 2043 esum·
488 1998 536 2042 in
570 1998 743 2041 sunere.
806 1998 847 2038 9.
882 1996 953 2040 De
978 1996 1182 2063 Augusto
1217 1997 1379 2040 iudicia
1416 1998 1462 2039 in
1494 2006 1731 2064 utramque
1757 2009 1949 2057 partem.

77 2058 145 2101 10.
179 2056 350 2101 iudicia
384 2058 605 2116 sequiora.
689 2057 758 2098 11.
791 2053 1000 2098 Tiberius
1039 2054 1278 2112 imperium
1320 2053 1508 2108 subdole
1544 2064 1719 2108 renuit,
1765 2066 1953 2115 urgent}

73 2122 255 2160 senatu«
288 2114 599 2158 Rationarinm
637 2112 830 2170 imperii.
897 2112 964 2154 12.
998 2112 1158 2155 Asinio
1182 2112 1321 2155 iratus
1345 2111 1581 2163 Tiberius,
1628 2111 1699 2157 13.
1726 2130 1829 2157 mox
1853 2114 1952 2159 Ar-

74 2171 256 2225 runtio,
296 2173 498 2217 Hateri&
512 2181 553 2215 et
578 2171 767 2214 Scauro.
845 2169 912 2214 14.
945 2169 1136 2214 Senatus
1171 2169 1368 2213 adulatio
1405 2169 1452 2214 in
1476 2169 1676 2224 Liviam,
1719 2188 1742 2216 a
1767 2171 1952 2226 Tiberio

74 2240 336 2297 temperata.
410 2230 477 2273 15.
511 2229 641 2273 Ratio
670 2228 976 2271 comitiorum.
1040 2227 1151 2270 Ludi
1176 2226 1459 2285 Augustales.
1526 2229 1592 2272 16.
1629 2228 1799 2273 Seditio
1825 2230 1952 2275 Pan-

76 2302 344 2332 nonicarum
383 2287 634 2345 legionum,
676 2286 796 2329 Vm.
837 2285 911 2329 lx.
949 2287 1049 2329 XV.
1086 2285 1305 2329 Concitor
1334 2284 1629 2330 Percennius.
1705 2287 1773 2331 17.
1807 2288 1952 2333 Huius

73 2344 307 2389 seditiosae
334 2346 597 2388 conciones.
671 2346 737 2387 18.
772 2343 898 2387 Furit
924 2344 1076 2394 miles,
1118 2359 1253 2400 quem
1281 2342 1503 2386 moderari
1532 2353 1725 2388 conatur
1750 2345 1951 2391 Blaesus.

77 2401 146 2455 19.
184 2402 363 2461 Legatio
389 2403 442 2445 ad
502 2402 736 2461 rincipem.
796 2403 868 2446 20.
902 2400 1199 2445 Recrudescit
1231 2400 1406 2444 seditio.
1471 2403 1542 2445 21.
1578 2401 1760 2446 Blaesus
1786 2403 1952 2448 frustra

76 2461 319 2512 obnititur,
348 2460 419 2504 22.
483 2461 648 2504 ibuleni
672 2458 815 2504 fallaci
843 2459 1042 2503 facinore
1068 2475 1208 2517 paene
1233 2474 1488 2517 oppressus.
1546 2458 1620 2503 23.
1637 2458 1826 2504 Tribuni
1853 2462 1951 2506 mil.

109 2518 204 2561 ulsi.
259 2519 472 2563 Lucillius
498 2533 667 2562 caesus.
728 2518 800 2561 24.
837 2517 1014 2561 Drusus
1042 2517 1250 2560 seditioni
1274 2516 1493 2560 sedandae
1517 2518 1676 2560 missus
1702 2534 1725 2560 a
1748 2517 1949 2563 Tiberio.

74 2534 150 2619 εἴ).
164 2576 341 2620 Drusus
366 2575 708 2620 litteras'l'iberii
735 2577 904 2620 recitat.
963 2574 1039 2618 26.
1065 2574 1264 2618 Militum
1291 2573 1511 2633 postulata
1537 2574 1696 2618 differt.
1748 2574 1951 2621 Clamor.

74 2633 149 2678 27.
183 2633 301 2679 Hinc
325 2633 544 2678 tumultus
566 2634 733 2678 acrior.
793 2633 970 2677 Lentuli
998 2632 1265 2691 periculum.
1327 2631 1401 2684 28.
1436 2632 1586 2692 Lunae
1612 2632 1804 2676 defectio
1829 2634 1952 2679 sedi-

76 2692 217 2735 tiosos
253 2700 414 2743 terret,
465 2704 549 2737 uec
583 2691 705 2736 deest
740 2691 968 2735 occasioni
1002 2690 1194 2734 Drusus.
1280 2690 1352 2732 29.
1388 2689 1521 2733 Miles
1556 2689 1686 2748 ponit
1717 2690 1950 2737 ferociam.

76 2747 159 2794 θῦε
183 2748 336 2808 Capita
363 2749 582 2793 tumultus
607 2765 749 2793 caesa.
798 2748 1015 2806 Legiones
1041 2747 1240 2791 hibernis
1263 2750 1353 2791 suis
1379 2746 1589 2791 redditae.
1653 2745 1725 2792 81.
1759 2746 1955 2794 Gravior

78 2806 224 2850 oritur
250 2806 407 2850 seditio
433 2807 658 2865 legionum
687 2816 794 2850 octo
809 2804 1203 2849 Germanicarum.
1264 2804 1334 2847 82.
1362 2804 1553 2849 Saevitia
1579 2804 1624 2848 in
1649 2806 1952 2853 centuriones.

78 2861 299 2909 Chaereae
324 2863 512 2908 facinus.
576 2861 648 2907 38.
682 2862 982 2907 Germanicus
1007 2861 1168 2906 Caesar
1191 2861 1247 2906 ad
1272 2862 1473 2919 'legiones
1498 2878 1522 2906 e
1546 2860 1689 2907 Gallia
1715 2875 1951 2932 properat:
2038 2902 2043 2910 ,

75 2919 148 2965 84.
179 2937 289 2977 quas
313 2920 367 2964 ad
405 2920 535 2964 fidem
564 2920 843 2964 cohortatur.
914 2919 986 2964 35.
1022 2919 1109 2963 Eae
1146 2920 1349 2977 querelas
1381 2926 1624 2978 promunt:
1646 2935 1768 3022 &ars
1804 2938 1954 2982 impe-

77 2979 197 3023 rium
223 2978 416 3022 offerunt
442 2978 605 3022 acriter
627 2977 859 3022 abnuenti.
919 2976 991 3022 86.
1026 2976 1237 3021 Remedia
1297 2978 1478 3021 uaesita.
1538 2971 1611 3023 87.
1695 2977 1811 3023 blata
1839 2982 1955 3027 mis-

75 3038 145 3081 sio
166 3043 208 3080 et
230 3035 443 3095 pecuniae
474 3036 539 3078 sic
564 3037 746 3094 paulum
771 3051 799 3079 ο
865 3051 982 3079 ressa
1009 3034 1184 3080 seditio.
1247 2995 1320 3080 ΒἮ.
1344 3034 1569 3079 vexillarii
1594 3037 1803 3082 turbant:
1837 3054 1956 3097 quos

73 3093 253 3138 sortiter
287 3101 462 3137 coercet
490 3093 720 3137 Mennius.
782 3050 866 3137 ἕξ
896 3092 1065 3140 Denuo
1101 3092 1215 3150 legg.
1244 3094 1278 3137 Ι.
1313 3101 1355 3136 et
1380 3091 1478 3160 XX'.
1514 3094 1712 3139 turbant.
1774 3096 1966 3143 Caesari-

76 3152 200 3200 vim.
231 3150 398 3197 Planco
429 3160 619 3195 mortem
647 3151 881 3195 intentant.
942 3152 1013 3193 40.
1044 3148 1366 3200 Germanicus,
1398 3149 1490 3194 fibo
1518 3160 1560 3195 et
1583 3168 1720 3195 uxore
1746 3150 1953 3208 dimissis,

76 3209 150 3253 41.
176 3207 308 3253 militi
375 3208 665 3254 oenitentism
700 3209 866 3261 iniicit,
906 3209 979 3254 42.
1004 3207 1076 3253 43.
1105 3217 1202 3251 tum
1238 3224 1342 3253 eum
1379 3205 1574 3252 facunda
1607 3210 1810 3254 oratione
1834 3211 1953 3256 allo-

109 3268 245 3312 nitur.
316 3224 389 3311 ἅ.
424 3266 587 3311 Mutati
630 3283 796 3325 poenas
834 3267 881 3311 in
923 3283 969 3324 se
1012 3269 1130 3310 ultro
1175 3265 1394 3324 pbscuut:
1436 3266 1595 3310 noxios
1625 3263 1726 3325 ipsi'
1770 3269 1948 3316 uniunt.

75 3281 377 3371 baturicum
403 3324 504 3367 novi
532 3324 721 3369 suffecti.
783 3325 855 3369 46.
894 3324 946 3368 in
973 3322 1176 3368 turbidos
1197 3322 1344 3369 adbuc
1369 3323 1437 3367 vis
1469 3332 1665 3382 paratur.
1754 3324 1798 3369 6.
1831 3325 1951 3373 Tre-

109 3383 206 3426 idae
232 3382 605 3429 urbi-,rumora
666 3382 741 3427 47.
775 3382 982 3428 Tiberius
1011 3383 1094 3426 iter
1120 3379 1317 3426 simulat.
1378 3381 1448 3425 48.
1483 3380 1746 3427 Germanici
1783 3385 1948 3431 minae.

139 3474 149 3483 .
185 3438 318 3483 Miles
340 3452 448 3483 suos
478 3440 729 3485 turbatores
752 3439 846 3502 ipse
869 3439 1031 3489 caedit.
1103 3438 1175 3483 50.
1208 3437 1420 3483 Errorem
1448 3438 1658 3498 expiaturi
1694 3438 1742 3483 in
1774 3439 1950 3488 hostem

74 3505 199 3544 eunt.
254 3496 396 3542 Marsi
421 3497 639 3556 oppressi.
699 3499 771 3543 51.
796 3496 1027 3544 Tanfanae
1053 3495 1270 3558 templum
1297 3495 1518 3542 dirutum.
1571 3495 1760 3542 Insidiae
1790 3499 1837 3544 in
1870 3518 1949 3547 re-

162 3563 408 3616 Tacmn
450 3560 490 3614 Ῑ.
1466 3554 1521 3615 Λ
