2222 4030
1802 219 1922 271 Am.
1940 231 2022 270 771.

1804 278 1854 311 A.
1875 275 1923 313 c,
1962 278 2022 313 is.

261 235 380 292 180
884 213 1440 313 jANNAmUM

255 363 481 436 origine
502 358 865 430 veneranda,
905 359 1110 433 relegit
1132 354 1337 416 Asiam
1360 359 1717 438 adpellitque
1740 361 2109 442 Colophona,

255 461 324 506 ut
358 446 544 505 Clarii
577 441 886 520 Apollinis
911 445 1149 501 oraculo
1184 457 1464 504 uteretur.
1561 445 1700 503 Non
1725 450 1948 508 femina
1982 453 2108 521 illie

254 545 322 591 ut
358 532 514 607 apud
535 526 832 605 Delphos,
890 531 992 586 sed
1035 529 1205 584 certis
1245 549 1275 584 e
1311 531 1555 586 familiis
1592 544 1649 589 et
1681 533 1863 592 ferme
1892 535 2107 595 Mileto

257 618 473 675 accitus
520 617 787 672 sacerdos
833 634 1146 671 numerum
1191 615 1369 671 modo
1409 618 1870 676 consultantium
1908 632 1963 677 et
1997 643 2111 678 no-

254 704 419 759 mina
452 701 642 758 audit:
693 713 819 758 tum
846 701 910 755 in
934 719 1170 773 specum
1195 699 1495 772 degressus
1511 748 1528 771 ,
1575 699 1783 761 hausta
1806 706 1987 762 fontis
2013 727 2111 764 ar-

258 788 391 845 cani
437 807 618 864 aqua,
669 786 907 859 ignarus
940 784 1287 859 plerumque
1324 786 1653 844 litterarum
1689 801 1745 846 et
1780 792 2112 848 carminum

256 874 376 930 edit
398 891 674 947 responsa
696 869 960 925 versibus
985 869 1320 943 compositis
1347 890 1519 945 super
1541 874 1747 944 rebrw,
1797 896 1941 952 quas
1977 877 2110 954 quis

252 969 449 1015 mente
476 956 758 1030 concepit.
805 965 861 1010 et
886 953 1183 1009 ferebatur
1196 951 1551 1012 Germanico
1575 978 1682 1031 per
1707 962 2008 1034 ambageS,
2041 974 2110 1021 ut

252 1063 382 1100 mos
406 1043 658 1100 oraculis
675 1086 690 1108 ,
726 1050 1025 1095 maturum
1045 1038 1290 1095 exitium
1314 1041 1606 1100 cecinisse.
2075 1098 2078 1103 ,

423 1126 550 1186 LV.
593 1125 675 1182 At
697 1122 804 1182 Cn.
826 1122 994 1192 Piso,
1039 1145 1156 1199 quo
1182 1126 1595 1200 properantius
1632 1126 1921 1186 destinata
1957 1129 2111 1186 inci-

251 1225 443 1291 peret,
493 1210 788 1268 civitatem
823 1203 1284 1266 Atheniensium
1316 1211 1557 1268 turbido
1594 1212 1826 1270 incessu
1869 1214 2112 1271 exterri-

251 1394 340 1436 qae
371 1380 505 1421 illam
537 1376 583 1417 in
607 1386 823 1429 regressa
847 1386 986 1416 sacra
1009 1371 1144 1417 Sam.

249 1439 395 1480 visere
417 1435 671 1484 nitentem,
706 1432 894 1486 aliaque
918 1432 981 1472 ibi
1001 1433 1146 1474 varie-

250 1502 348 1536 tate
369 1488 598 1549 fontanae
621 1498 666 1531 et
687 1490 846 1531 nostri
865 1489 1040 1544 origine
1062 1503 1143 1531 ve-

247 1553 482 1595 neranda.
563 1547 714 1601 Igitur
758 1545 925 1599 relegit
964 1548 1144 1595 Asiam,

249 1608 537 1662 adpellitque
586 1605 864 1659 Colophona.
947 1603 1144 1662 Recepta

249 1674 352 1710 sunt
383 1664 491 1707 haec
523 1663 571 1705 in
602 1677 712 1719 seqq
763 1660 866 1706 edd.
888 1660 1062 1719 Lipsius
1099 1662 1144 1704 in

246 1722 432 1782 reliquis
470 1737 575 1764 cum
615 1717 832 1762 Rhenano
875 1718 1005 1766 facit,
1060 1718 1146 1762 nisi

279 1782 368 1824 uod
404 1778 527 1824 vult:
576 1778 763 1832 aliaque
798 1790 918 1832 qaae
952 1777 1018 1818 ibi
1056 1785 1142 1819 etc.

288 1839 459 1895 lerique
494 1837 541 1879 in
575 1833 852 1878 emendanda
891 1849 1006 1878 voce
1048 1834 1145 1876 alio

247 1897 476 1946 laborant,
522 1907 707 1949 unoque
738 1907 816 1933 ore
841 1891 1143 1948 pronuntiant

245 1955 384 1998 latere
415 1952 464 1995 in
498 1967 550 1994 eo
584 1949 664 1992 Ilii
692 1963 874 1991 nomen.
937 1948 1033 1991 Iam
1065 1947 1141 1992 alii

249 2027 351 2055 cum
395 2007 600 2052 Freinsh.
645 2007 686 2049 et
719 2004 864 2064 Ryek.
909 2004 1140 2049 scribunt:

248 2068 401 2123 Igitur
447 2067 539 2108 Ilio
557 2097 570 2119 ‚
625 2078 833 2120 quaeque
880 2072 964 2106 etc.
1048 2062 1142 2105 Alii

248 2142 354 2170 cum
366 2123 576 2167 Heinsio:
609 2122 762 2176 Igitur
781 2122 841 2162 ab
853 2120 966 2173 llio,
992 2136 1139 2176 quae-

249 2199 337 2242 qae
371 2191 455 2226 ete.
492 2180 652 2224 eodem
686 2193 833 2220 sensu.
920 2176 1142 2235 Quaeque

249 2239 477 2298 accipiunt
498 2252 604 2296 pro:
630 2237 689 2278 ab
710 2236 870 2291 iisque,
893 2251 1033 2292 quae3
1058 2251 1143 2278 nec

249 2299 412 2342 desunt
449 2295 670 2354 exempla,
724 2292 886 2350 quibus
926 2292 1035 2337 haec
1071 2293 1143 2334 di-

248 2354 380 2401 cendi
403 2353 519 2398 ratio
541 2350 734 2396 excusari
758 2350 894 2408 possit
943 2350 1002 2394 cf.
1018 2361 1141 2407 supr:

251 2414 290 2465 1,
326 2412 393 2456 12.
434 2412 477 2462 2,
508 2409 563 2454 33
592 2417 634 2453 et
667 2409 739 2452 41.
784 2408 888 2450 infr.
916 2407 956 2459 3,
976 2407 1047 2451 43.
1070 2408 1141 2450 45.

252 2473 319 2520 11,
339 2470 381 2514 3.
401 2478 443 2513 et
460 2467 612 2517 multis
635 2465 729 2510 aliis
749 2465 878 2509 locis.
938 2465 1025 2508 Sed
1046 2466 1143 2523 quis

248 2522 435 2573 tandem
479 2526 655 2590 elegans
700 2523 894 2580 scriptor
942 2539 1142 2579 unquam

248 2586 370 2631 bisce
402 2583 662 2640 ambagibus
693 2587 842 2623 utetur
865 2581 918 2623 ad
942 2579 1143 2623 indican-

250 2645 358 2689 dum
406 2641 584 2691 locum,
638 2638 757 2681 unde
802 2637 994 2696 aliquem
1040 2653 1143 2695 pro-

247 2703 421 2746 fectum
455 2698 604 2741 dicat?
674 2696 719 2738 Si
755 2694 1052 2738 Germanicus
1086 2696 1139 2738 ab

247 2761 332 2804 Ilio
373 2755 604 2816 profectus
638 2754 791 2796 Asiam
835 2752 1011 2811 relegit,
1061 2768 1141 2811 per

248 2834 295 2862 se
338 2811 603 2872 intelligitur
638 2811 765 2855 illum
807 2820 850 2854 et
885 2809 1140 2868 profectum

249 2890 344 2918 esse
367 2874 421 2916 ab
449 2871 524 2922 iis,
553 2886 665 2928 quae
685 2868 749 2912 ibi
773 2900 783 2911 .
803 2899 841 2912 ..
868 2867 1139 2912 veneranda.

250 2930 472 2975 Inutiliter
513 2927 649 2986 igitur
678 2925 788 2969 haee
829 2934 934 2969 sunt
976 2925 1138 2969 addita.

252 2987 529 3047 Opponunt,
559 2984 753 3030 voluisse
774 2982 990 3026 Nostrum
1011 2983 1139 3040 plura

251 3046 304 3090 de
328 3045 406 3087 llio
428 3043 600 3095 dicere,
629 3057 716 3085 nec
735 3040 1000 3099 simpliciter
1026 3039 1140 3105 indi-

249 3119 352 3148 care
379 3102 530 3144 locum
546 3133 557 3151 ,
602 3098 721 3141 unde
745 3097 800 3141 G.
825 3097 1050 3157 profectus
1071 3105 1140 3148 sit,

249 3160 325 3204 sed
350 3158 507 3205 etiam,
550 3156 672 3215 quod
697 3165 824 3199 antea
850 3155 982 3198 Ilium
1009 3170 1138 3211 quae-

249 3233 338 3277 que
360 3215 422 3258 ibi
535 3213 789 3259 veneranda
821 3213 1002 3260 adierit,
1043 3228 1139 3270 spe-

250 3272 446 3320 ctaverit.
502 3271 655 3315 Recte.
723 3270 844 3313 Tum
888 3285 998 3315 vero
1044 3285 1137 3312 non

249 3329 550 3376 omittendum
583 3336 676 3371 erat
706 3327 1004 3378 vocabulum,
1047 3341 1136 3383 quo

247 3388 296 3433 id
331 3394 566 3433 constaret.
628 3384 780 3439 Quare
803 3384 866 3427 nil
887 3385 1035 3427 verius
1058 3391 1135 3434 est,

250 3462 386 3506 quam
413 3445 455 3488 Ι.
476 3445 632 3490 Seuer.
659 3442 710 3483 V
703 3442 830 3483 ateri
856 3442 1132 3496 (Animadv.

247 3506 300 3548 in
320 3506 446 3546 locos
471 3503 637 3558 quosd.
662 3514 724 3541 ex
746 3498 859 3540 Mid.
886 3498 1136 3542 Demostk.

248 3575 319 3605 or.
350 3560 445 3604 Ien.
470 3558 596 3614 1796)
627 3555 913 3604 coniectura,
952 3557 1026 3612 qui
1063 3555 1133 3597 lo-

1248 1374 1305 1418 it:
1347 1374 1498 1429 Igitur
1516 1377 1647 1419 adito
1667 1376 1759 1419 Ilio
1785 1393 1991 1435 quaeque
2025 1387 2110 1423 etc.

1216 1390 1415 1490 {ignaui
1447 1449 1540 1476 esse
1573 1434 1751 1485 censui,
1792 1451 1904 1493 quae
1937 1437 1983 1479 in
2011 1446 2112 1481 tex-

1215 1498 1315 1533 tum
1359 1490 1614 1548 recipiatur.
1691 1492 1798 1534 Erat
1840 1493 1887 1535 in
1933 1493 2110 1539 schedis

1214 1548 1325 1590 meis
1378 1557 1617 1606 antequam
1675 1549 1902 1593 novissem
1949 1552 2118 1594 Valeri

1214 1622 1309 1648 eam
1344 1621 1436 1647 esse
1467 1606 1791 1651 coniecturam.
1862 1606 2108 1651 Germani·

1219 1678 1298 1705 cus
1314 1662 1447 1704 llium
1471 1662 1578 1705 adiit
1602 1664 1677 1719 (cf.
1695 1681 1816 1722 supr.
1834 1680 1873 1709 c.
1886 1665 1955 1709 38.
1978 1668 2112 1709 adira

1218 1721 1486 1774 municipia)
1504 1737 1519 1771 ;
1575 1721 1624 1763 in
1676 1737 1786 1764 nave
1836 1724 1959 1766 enim
2003 1731 2110 1775 erat,

1216 1778 1336 1820 unde
1366 1777 1531 1820 .debuit
1573 1778 1839 1829 escendere,
1886 1788 1937 1823 ut
1976 1781 2110 1825 Ilium

1215 1834 1392 1877 viseret.
1460 1834 1523 1876 Ex
1561 1837 1690 1878 adito
1720 1836 1831 1886 Ilio,
1884 1838 2110 1896 corruptis

1214 1891 1374 1935 mediis
1412 1891 1606 1944 litteris,¹
1642 1892 1775 1936 facile
1844 1896 1958 1940 otuit
2000 1894 2110 1939 oriri

1212 1951 1324 1992 olio.
1384 1949 1624 1995 Diversam
1647 1967 1790 2008 nuper
1802 1912 2110 1996 l-Plerrmannus

1213 2006 1315 2049 iniit
1349 2007 1484 2050 viam.
1551 2008 1798 2066 Proponit:
1843 2011 1983 2066 igitur
2011 2011 2109 2053 alio

1213 2065 1294 2118 (se.
1320 2062 1486 2121 nitetns)
1512 2073 1556 2107 et
1591 2066 1655 2120 (in
1688 2065 1761 2109 vel
1794 2067 1849 2110 ad
1884 2070 1950 2125 ea)
1988 2082 2112 2124 quae

1213 2122 1278 2163 ibi
1298 2152 1310 2164 .
1326 2152 1336 2163 .
1353 2153 1363 2163 .
1378 2154 1387 2164 .
1412 2124 1714 2170 veneranda,
1745 2126 1909 2179 relegit
1923 2125 2106 2169 Asiam.

1214 2177 1322 2221 Vel:
1353 2178 1498 2233 igitur
1517 2183 1610 2222 alio
1633 2178 1818 2238 (nitens)
1843 2190 1889 2225 et
1912 2182 2108 2239 (visens),

1212 2250 1330 2293 quae
1360 2238 1424 2279 ibi
1455 2245 1540 2280 etc.
1612 2235 1743 2292 Quae
1782 2239 1819 2282 si
1854 2239 1971 2283 forte
2005 2240 2111 2284 cui-

1215 2309 1350 2350 quam
1398 2294 1666 2352 placebunt,
1727 2311 1824 2340 non
1876 2296 2109 2343 invidebo.

1212 2351 1512 2409 Kiesslingius
1532 2351 1654 2395 vult:
1693 2354 1834 2408 igitur
1864 2357 1993 2397 adito
2016 2355 2110 2399 Ilio

1214 2424 1417 2464 quaeque
1440 2409 1542 2452 alia
1562 2411 1627 2452 ibi
1645 2417 1731 2455 etc.
1791 2411 1880 2455 Sed
1911 2413 2013 2456 alia
2042 2413 2108 2457 ibi

1211 2466 1382 2509 frustra
1405 2466 1540 2509 adest.
1567 2492 1570 2494 ·

1273 2524 1563 2578 Colophona,
1594 2532 1644 2566 ut
1671 2525 1717 2567 G.
1729 2528 1789 2568 A.
1813 2541 1855 2569 o.
1881 2535 2108 2573 uteretur.

1214 2579 1380 2638 Strabo
1406 2582 1481 2630 14,
1516 2597 1559 2639 p.
1580 2581 1681 2624 642.
1717 2582 1956 2637 Κολοφὼν
1975 2581 2109 2636 πόλις

1208 2636 1385 2692 Ἰωνικὴ
1419 2641 1495 2681 καὶ
1534 2636 1623 2694 πρὸ
1668 2638 1808 2695 αὐτῆς
1843 2638 1983 2692 ἄλσος
2022 2646 2106 2688 τοῦ

1211 2699 1416 2755 Κλαρίου
1432 2693 1728 2753 Ἀπόλλωνος,
1758 2699 1809 2743 ἐν
1831 2691 1868 2756 ᾧ
1888 2703 1967 2743 καὶ
1982 2716 2110 2760 μαν-

1212 2758 1336 2798 τεῖον
1379 2747 1438 2809 ἦν
1481 2770 1592 2798 ποτε
1629 2753 1844 2801 παλαιόν.
1926 2757 2106 2814 Quibus

1212 2813 1362 2857 verbis
1381 2812 1558 2855 videtur
1577 2811 1820 2871 significari
1833 2849 1843 2866 ,
1864 2817 2106 2882 posteriori

1211 2879 1351 2914 aetate
1384 2869 1619 2913 oraculum
1652 2871 1764 2914 illud
1795 2872 1989 2917 demisse.
2046 2876 2108 2919 At

1212 2926 1333 2970 aliud
1357 2927 1672 2971 dicitTacitus.
1728 2928 1934 2973 Concilio
1955 2940 2106 2976 tamen

1211 2994 1456 3042 utrumque
1523 2994 1770 3030 auctorem.
1872 2988 2105 3034 Strabonis

1210 3043 1344 3085 verba
1385 3044 1660 3099 interpretor
1699 3043 1753 3086 de
1793 3045 2105 3090 celebrationis

1214 3098 1546 3151 deminutione,
1615 3115 1726 3156 quae
1788 3100 1906 3145 haud
1970 3102 2104 3147 dubie

1209 3157 1533 3223 posterioribus
1589 3157 1867 3214 temporibus
1921 3159 2104 3218 ingruit,

1208 3223 1269 3257 ita
1300 3221 1450 3256 tamen
1480 3222 1528 3256 ut
1559 3214 1705 3272 ipsum
1730 3214 1983 3259 institutum
2007 3234 2104 3271 non

1209 3270 1498 3313 abolesceret.
1535 3272 1741 3328 Namque
1766 3274 1950 3317 oracula
1972 3276 2103 3318 etiam

1209 3343 1336 3371 suam
1382 3328 1636 3370 habuerunt
1677 3345 1857 3373 auream
1898 3339 2102 3381 aetatem,

1208 3400 1320 3442 quae
1344 3393 1494 3444 postea
1521 3385 1652 3429 cessit
1674 3386 1720 3428 in
1752 3403 1950 3431 aeneam.
2012 3390 2104 3434 Ce-

1207 3450 1358 3484 terum
1393 3442 1452 3485 cf.
1489 3442 1607 3486 Ptin.
1633 3444 1675 3495 ἒ,
1702 3443 1798 3487 103.
1841 3446 2030 3490 Pausan.
2060 3448 2102 3500 7,

1209 3502 1230 3541 1
1257 3508 1299 3543 et
1323 3499 1363 3546 5,

1262 3560 1523 3609 degressus.
1583 3558 1662 3601 Ed.
1688 3559 1794 3602 Ald.
1817 3560 2071 3628 digressus.

2213 3504 2222 3548 ’ἲ

2206 3549 2222 3582 »⁶¹

2216 3715 2222 3793 ἶ
