2222 4030
167 272 219 308 A.
230 272 283 311 U.
295 270 379 306 707.

167 317 220 353 A.
235 315 285 353 C.
316 314 377 351 1⁴.

594 273 768 337 Lm.
801 271 852 336 1.
935 269 1132 336 cAP.
1170 274 1268 336 12.
1317 277 1416 338 15.
1855 229 1960 340 ἐρ,

82 409 210 466 lum
233 405 496 465 reticuit:
538 404 680 462 dein
703 403 948 461 collecto
969 402 1170 462 animo
1194 404 1531 478 respondit,
1566 424 1943 484 nequaquam

82 495 365 553 decorum
409 489 628 567 pudori
665 509 775 555 suo
819 489 1010 562 legere
1051 488 1281 566 aliquid
1325 500 1429 546 aut
1471 490 1691 553 evitare
1734 511 1806 548 ex
1852 511 1943 563 eo,

82 579 181 637 cui
214 579 279 635 in
305 577 649 646 universum
688 573 951 633 excusari
978 574 1201 634 mallet.
1282 570 1551 632 Rursum
1581 575 1795 636 Gallus
1826 573 1947 655 (et-

85 665 245 721 enim
270 663 440 720 vultu
462 660 853 719 offensionem
875 656 1328 738 coniectaverat)
1356 679 1484 716 non
1510 660 1730 720 idcirco
1756 662 1944 730 inter-,-

84 759 355 824 rogatum
387 747 498 816 ait,
539 758 609 804 ut
633 746 952 816 divideret,
998 765 1148 822 quae
1172 744 1433 821 separari
1457 747 1801 822 nequirent,
1841 748 1946 808 sed

83 846 152 892 ut
180 854 284 890 sua
309 832 673 889 confessione
696 843 1038 906 argueretur
1056 851 1248 888 unum
1272 850 1393 888 esse
1415 830 1503 887 rei
1522 832 1793 906 publicae
1814 842 1949 892 cor-'-

85 939 198 995 pus
222 930 398 995 atque
433 918 614 975 unius
648 917 850 975 animo
886 917 1232 991 regendum.
1331 916 1562 973 addidit
1593 914 1833 975 laudem
1873 920 1950 977 de

87 1000 373 1080 Augusto,
400 1002 827 1080 Tiberiumque
850 1004 1044 1079 ipsum
1065 1000 1450 1060 victoriarum
1477 1021 1737 1073 suarum,
1769 1022 1951 1081 quae-

87 1110 203 1166 que
246 1090 311 1144 in
355 1100 489 1162 toga
524 1109 632 1164 per
672 1100 760 1146 tot
801 1107 989 1146 annos
1031 1087 1258 1162 egregie
1294 1087 1551 1158 fecisset,
1620 1088 1953 1150 admonuit.

88 1174 210 1232 Nec
258 1173 391 1230 ideo
435 1175 585 1230 iram
631 1174 756 1231 eius
800 1173 1036 1244 lenivit,
1086 1173 1322 1249 pridem
1356 1172 1611 1244 invisus,
1667 1183 1954 1251 tanquam

88 1261 264 1317 ducta
293 1258 357 1314 in
386 1259 832 1316 matrimonium
852 1257 1140 1334 Vipsania
1162 1255 1254 1319 M.
1278 1253 1581 1336 Agrippae
1605 1257 1759 1331 filia,
1801 1279 1954 1338 quae

88 1343 393 1422 quondam
421 1342 656 1400 Tiberii
676 1364 827 1401 uxor
849 1345 1069 1414 fuerat,
1109 1344 1245 1421 plus
1271 1364 1452 1423 quam
1480 1343 1679 1402 civilia
1710 1345 1956 1421 agitaret:

88 1427 496 1505 Pollionisque
518 1427 718 1486 Asinii
739 1429 924 1505 patris
942 1428 1223 1488 ferociam
1246 1429 1545 1492 retineret.

257 1522 428 1584 XIII.
513 1522 658 1583 Post
694 1544 845 1602 quae
881 1522 952 1584 L.
975 1524 1303 1584 Arruntius
1336 1521 1501 1584 haud
1541 1528 1802 1600 multum
1835 1527 1959 1586 dis-

90 1630 334 1687 crepans
381 1630 417 1668 a
451 1607 616 1667 Galli
661 1609 930 1668 oratione
976 1610 1227 1686 perinde
1272 1612 1550 1685 offendit,
1617 1634 1960 1692 quanquam

94 1696 342 1754 Tiberio
392 1696 556 1753 nulla
601 1707 770 1754 vetus
826 1696 892 1752 in
937 1691 1297 1755 Arruntium
1355 1696 1473 1756 ira:
1547 1699 1651 1756 sed
1693 1699 1960 1770 divitem,

1062 1890 1275 1933 laudibus
1304 1891 1516 1946 Augusti.
1594 1889 1838 1946 Wolfius,
1860 1891 1962 1936 'ob-

1063 1955 1269 1999 servato,
1311 1947 1576 1992 liberiorem
1612 1949 1862 2016 particulae
1891 1954 1964 2007 ,de

1064 2019 1159 2047 esse
1211 2021 1342 2048 usum
1386 2005 1436 2047 in
1476 2005 1659 2064 optimis
1699 2008 1965 2053 auctoribus

1064 2061 1315 2114 latinitatis,
1346 2062 1511 2106 tolerat
1538 2064 1788 2124 vulgatam,
1818 2065 1963 2109 conii-

1063 2118 1124 2161 cit
1147 2127 1324 2172 tamen,
1353 2120 1576 2165 mendum
1602 2137 1654 2165 ex
1686 2122 1806 2166 male
1834 2139 1963 2182 repe-

1062 2175 1141 2218 tita
1180 2176 1354 2234 syllaba
1385 2181 1444 2220 de
1475 2187 1683 2225 exortum
1727 2188 1859 2240 atque
1901 2180 1963 2224 le·

1063 2233 1265 2292 gendum
1312 2237 1505 2279 laudem
1557 2239 1771 2292 Augusti.
1868 2238 1966 2283 lam

1064 2290 1188 2358 quod
1225 2291 1385 2337 attinet
1412 2292 1677 2339 liberiorem
1707 2306 1841 2340 usum
1864 2312 1982 2358 par-x

1065 2348 1228 2392 uculae
1262 2353 1345 2403 de,
1389 2366 1526 2397 nemo
1566 2369 1770 2412 unquam
1799 2354 1965 2398 Roma·

1065 2423 1152 2450 nus
1173 2408 1353 2467 scripsit
1379 2411 1573 2453 laudem
1596 2415 1654 2453 de
1678 2413 1859 2468 aliqum·
1900 2419 1964 2455 est

1066 2472 1215 2510 tamen
1256 2482 1391 2510 sanus
1430 2467 1503 2512 hie
1535 2468 1679 2513 loeus.
1758 2469 1965 2528 Namque

1065 2526 1124 2565 de
1147 2523 1316 2582 pendet
1337 2541 1361 2569 e
1385 2525 1527 2570 verbo
1550 2528 1746 2570 addidit.
1778 2525 1838 2570 cf.
1851 2526 1963 2572 infr.

1062 2581 1106 2631 2,
1125 2583 1198 2625 22.
1233 2585 1292 2624 de
1320 2597 1370 2626 se
1400 2584 1517 2627 nihil
1548 2584 1714 2640 adda't3
1750 2584 1792 2635 3,
1817 2586 1885 2628 17.
1908 2587 1967 2628 de

1066 2637 1294 2683 Plancina
1331 2641 1448 2684 m‘lu'l
1493 2641 1694 2686 addidit.
1767 2641 1830 2687 cf.
1863 2650 1964 2687 not.

1067 2698 1123 2741 ad
1147 2698 1258 2755 Agr.
1290 2714 1331 2743 c.
1353 2699 1427 2742 25.

1127 2762 1449 2827 Tiberiumque
1464 2799 1476 2814 .
1491 2800 1502 2813 .
1517 2800 1529 2813 .
1541 2801 1553 2813 .
1576 2770 1843 2816 admonm’e.
1885 2770 1963 2817 So.

1069 2834 1121 2894 ut
1150 2825 1382 2871 refelleret
1411 2826 1550 2887 ipsius
1576 2828 1711 2872 verba
1732 2829 1788 2873 de
1809 2828 1966 2874 mode—

1069 2891 1150 2928 stia
1171 2900 1264 2927 sua.

93 1889 223 1933 reita
256 1894 322 1932 est
355 1895 523 1939 tactus,
563 1885 847 1939 debilitatus,
890 1887 992 1934 vul-

94 1955 298 1999 neratus,
338 1954 386 1988 ut
415 1945 585 1989 viribus
616 1954 659 1987 et
691 1946 846 1989 animo
885 1946 992 1990 defi·

90 2005 182 2049 ciat
213 2003 548 2061 obnoxiumque
581 2018 628 2045 se
663 2004 847 2056 sentiat,
876 2005 992 2061 βλη-

91 2066 204 2112 θείς.
262 2060 341 2104 Est
367 2059 599 2103 translatio
629 2077 653 2103 a
680 2060 865 2104 vulnere
890 2078 990 2105 eor·

93 2119 216 2179 poris
266 2118 321 2161 ad
376 2118 594 2161 animum.
683 2117 989 2174 Explicuerim

87 2179 328 2234 perculsus
359 2175 603 2230 beu-offen,
627 2189 877 2231 percussus
903 2192 989 2232 ge-

93 2235 280 2290 traffen.
338 2233 566 2277 Lubeuter
602 2241 750 2277 tamen
781 2234 989 2278 concedo

92 2292 246 2337 multis
269 2291 380 2335 locis
394 2289 703 2348 promiscuum
720 2307 812 2335 esse
827 2292 991 2336 utrius-

94 2367 181 2409 que
225 2348 436 2394 vocabuli
479 2364 624 2392 usum.
693 2348 751 2392 cf.
793 2357 890 2392 not.
935 2349 991 2393 ad

97 2425 138 2452 c.
169 2407 244 2451 28.
296 2406 337 2457 6,
363 2407 435 2450 44.
502 2405 616 2450 nist.
653 2404 694 2454 3,
720 2406 792 2451 36.
862 2406 989 2450 Suet.

94 2466 199 2510 Tib.
232 2480 274 2508 c.
303 2466 369 2507 11.
401 2464 646 2507 Perculsus
671 2465 812 2519 igitur·
838 2465 995 2522 ιἠορί-

95 2531 218 2566 nala
243 2536 312 2565 re.
371 2521 470 2566 Liv.
498 2523 542 2571 2,
574 2522 640 2565 14.
670 2523 887 2567 Aricinos
918 2537 997 2568 res

97 2581 346 2636 mopinaea
361 2582 642 2635 perculerat.

154 2666 357 2695 rursum.
446 2649 524 2694 Sic
578 2651 682 2695 eod.
732 2650 836 2694 MS.
889 2651 992 2695 edd.

99 2707 311 2753 Beroald.
352 2706 558 2752 Rhenan.
589 2708 695 2753 Ald.
782 2709 995 2753 Restituit

100 2766 331 2811 wolfius.
408 2765 541 2809 Prius
577 2766 847 2827 vulgabatur
881 2782 997 2811 rur-

98 2838 202 2874 σω,
252 2823 435 2866 auribus
478 2822 722 2882 ingratum.
805 2825 867 2867 Ex
914 2825 998 2869 hac

102 2880 223 2924 euim
247 2879 343 2938 lege
367 2896 492 2924 nunc
518 2896 709 2933 rursus,
740 2898 866 2925 nunc
888 2897 999 2925 rur-

99 2952 205 2981 sum
238 2937 501 2997 ponendum
531 2946 622 2987 est.
674 2940 739 2983 uti
776 2942 1001 2985 adversus

102 3004 146 3038 et
167 2999 436 3039 advenum.

160 3068 310 3109 vultu.
368 3082 431 3109 sc.
452 3064 645 3110 Tiberii.

157 3139 241 3181 ud
262 3144 314 3179 ut
334 3150 437 3180 sua.
491 3135 717 3181 Cod.MS.
740 3137 846 3182 edd.
861 3138 1000 3182 Bero-

106 3192 196 3238 ald.
222 3193 365 3238 Rhea.
393 3193 498 3238 ΛΜ.
528 3196 612 3238 sed
644 3203 689 3237 ee
718 3210 834 3245 sua.
874 3205 923 3239 ut
954 3205 1001 3240 ee

106 3250 328 3308 significet
348 3254 508 3296 etaiam.
563 3251 749 3296 scilieet
773 3254 910 3297 ceteri
934 3271 1000 3299 sa·

107 3306 163 3351 tia
194 3308 281 3352 iam
310 3308 506 3353 confessi
542 3319 697 3358 erant,
730 3327 872 3354 unum
904 3328 1000 3356 esse

109 3373 194 3409 etc.
237 3364 296 3409 cs.
321 3365 526 3411 Rhenan.
552 3367 596 3410 in
622 3366 838 3426 castigatt.
890 3369 1000 3412 Vul-

108 3423 439 3481 gatambabent
463 3425 563 3469 edd.
592 3423 696 3469 inde
723 3441 746 3468 a
768 3426 885 3486 Lips.
912 3427 1001 3486 pri·

109 3496 182 3523 ma
203 3497 383 3533 omues,
413 3481 596 3532 dubito,
625 3497 682 3526 an
711 3493 850 3530 reete.
950 3499 956 3503 '

178 3553 357 3596 addidit
410 3554 606 3595 laudem
658 3556 718 3598 de
771 3558 1003 3611 Augusto.

109 3606 317 3653 Muretus
374 3609 649 3669 corrigebam
707 3615 890 3658 adde'die
941 3617 1001 3657 de

1129 2956 1270 2997 ducta
1291 2954 1341 2998 in
1364 2969 1426 2997 m.
1443 2953 1502 3000 V.
1520 2955 1636 3012 Agr.
1697 2955 1760 3006 cf.
1780 2956 1875 3004 Dio
1898 2959 1967 3011 57,

1069 3011 1115 3055 2.
1159 3011 1227 3060 58.
1249 3011 1290 3056 8.
1353 3012 1476 3056 Suet.
1502 3011 1605 3058 Tib.
1634 3028 1676 3060 c.
1696 3015 1741 3061 7.

1125 3098 1233 3151 plus
1254 3110 1398 3151 quam
1419 3097 1571 3140 civilia
1590 3099 1807 3154 agitaret.
1871 3099 1966 3145 Dio

1074 3152 1105 3198 1.
1129 3152 1157 3197 Ι.
1182 3149 1267 3224 {dr
1286 3167 1333 3198 u
1353 3155 1571 3215 Δροῦσον
1592 3153 1654 3207 ὠς
1676 3155 1780 3203 υἱὸν
1799 3173 1967 3219 προςε-

1074 3226 1268 3256 noento.

1129 3295 1435 3353 Pollz‘ombque
1465 3298 1619 3342 Asinii
1642 3314 1691 3355 ρ.
1711 3297 1966 3356 proeium.

1072 3351 1207 3397 Exem
1243 3352 1282 3398 la
1304 3353 1409 3400 vide
1430 3355 1551 3415 apud
1568 3356 1691 3400 Suet.
1710 3355 1818 3402 Oct.
1845 3357 1969 3404 c.43.

1073 3410 1194 3456 velt.
1279 3411 1351 3459 86.
1410 3413 1573 3459 senec.
1600 3414 1654 3458 dc
1676 3413 1741 3457 ira
1763 3413 1802 3467 3,
1822 3414 1895 3461 23.

1130 3493 1243 3542 CM».
1268 3494 1338 3540 18.
1399 3497 1671 3542 Arruntius.
1727 3497 1966 3546 lid-Bero-

1071 3551 1163 3598 ald.
1185 3554 1466 3606 Are-unctus:
1500 3555 1601 3599 edd.
1634 3555 1838 3604 Rhenan.
1865 3575 1969 3621 sqq.

1072 3612 1350 3662 Ammaia.
1384 3611 1476 3658 Dio
1492 3609 1796 3672 Ἀρῤοὑντιος.
