2222 4030
245 201 369 260 318
411 196 412 199 '

921 181 1424 265 ANNA'LIUM

1800 200 1851 239 A.
1865 204 1920 238 U.
1932 203 2014 237 777.

1798 245 1854 284 A.
1870 247 1919 283 C.
1951 249 2014 283 24.

246 329 714 388 coniurationem
761 329 1016 392 disiecit.·
1102 332 1431 407 missusque
1483 352 1518 389 a
1559 331 1805 392 Caesare
1851 359 2100 414 propere

246 416 442 474 Staius
465 416 741 472 tribunus
764 436 897 471 cum
919 417 1118 472 valida
1142 436 1325 472 manu
1358 417 1568 473 ducem
1598 422 1792 495 ipsum
1819 434 1873 478 et
1898 425 2100 497 proxi-

242 522 372 557 mos
398 500 672 557 audaciae
695 501 759 556 in
778 501 985 557 urbem
1012 502 1186 557 traxit
1208 501 1326 555 iam
1351 502 1640 577 trepidam
1662 506 1739 562 ob
1764 508 2102 564 multitudi-

243 607 382 641 nem
413 586 815 655 familiarum,
843 606 990 662 quae
1021 586 1298 659 gliscebat
1334 587 1719 660 immensum,
1772 592 2003 649 minore
2034 593 2100 648 in

245 671 370 728 dies
393 672 565 746 plebe
593 670 866 744 ingenua.

415 753 700 815 XXVIII.

787 753 1002 812 Iisdem
1036 755 1376 812 consulibus
1411 758 1783 817 miseriarum
1817 783 1882 818 ac
1910 762 2101 818 saevi-

242 841 358 898 tiae
383 841 717 916 exemplum
737 852 900 897 atrox
928 858 1061 894 reus
1085 850 1278 913 pater,
1321 855 1619 901 accusator
1651 846 1834 903 filius:
1879 868 2100 903 nomen

242 926 479 1002 utrique
501 924 728 982 ¹Vibius
771 924 1044 983 Serenus,

1139 924 1205 979 in
1248 938 1517 983 senatum
1559 929 1788 987 inducti
1832 944 1970 990 sunt
2023 933 2097 988 ab

243 1011 448 1069 exsilio
487 1021 770 1068 retractus
809 1009 1149 1086 inluvieque
1189 1030 1254 1067 ac
1302 1013 1573 1088 squalore
1612 1015 1837 1072 obsitus
1871 1027 1928 1073 et
1971 1030 2098 1075 tum

243 1231 436 1277 correxit
469 1246 588 1274 cum.
664 1228 721 1273 cf.
760 1236 856 1272 not.
899 1228 953 1271 ad
989 1227 1031 1280 3,
1060 1229 1132 1273 59.

239 1289 468 1336 Sententia
503 1296 589 1338 est,
629 1286 805 1343 Lupum
840 1294 936 1328 tum
965 1287 1131 1329 coniu-

238 1347 461 1392 rationem
506 1343 750 1395 disiecisse,
799 1359 904 1387 cum
945 1346 1134 1388 maxime

241 1412 483 1463 coeptaret.
544 1403 681 1459 Igitur
704 1401 884 1444 relativo
908 1417 1013 1444 cum
1048 1418 1135 1445 ne-

243 1478 331 1522 que
370 1460 721 1503 demonstrativo
759 1467 860 1500 tum
903 1475 929 1500 o
967 1476 1016 1501 us
1052 1469 1131 1503 est.

244 1521 304 1564 cf.
353 1517 621 1560 Ramshorn.
670 1515 752 1560 Gr.
819 1516 845 1570 §
877 1516 928 1558 15
962 1549 972 1559 .
1012 1517 1052 1572 1)
1087 1517 1132 1574 (l)

242 1595 287 1636 p.
316 1577 416 1620 319.
494 1574 703 1616 Eiusdem
737 1573 1021 1616 confusionis
1057 1590 1131 1616 ex-

241 1634 387 1690 empla
427 1632 518 1679 vid.
555 1631 668 1676 Hist.
710 1633 750 1680 1,
783 1631 855 1674 29.
904 1632 947 1680 4,
979 1630 1053 1677 65.
1092 1641 1134 1676 et

239 1691 362 1737 alibi.

296 1750 393 1792 iam
431 1748 675 1801 trepidam.
736 1745 812 1789 Sic
847 1745 948 1789 edd.
982 1745 1130 1789 Rhen.

239 1824 337 1865 sqq.
407 1805 522 1849 Edd.
545 1805 649 1847 Ber.
675 1803 772 1847 Alc.
806 1805 905 1846 iam
937 1807 1133 1859 trepida,

239 1865 360 1924 quod
385 1872 531 1922 potest
559 1861 771 1919 coniungi
807 1877 908 1905 cum
947 1863 1131 1903 minore

242 1926 290 1966 in
315 1925 411 1964 dies
433 1923 566 1974 plebe
596 1921 818 1974 ingenua.
881 1919 1127 1961 Molestum

238 1997 344 2025 sane
377 1988 461 2025 est:
507 1978 742 2031 trepidam
778 1979 835 2018 ob
864 1977 1131 2019 multitudi-

238 2054 369 2094 nem,
403 2053 487 2080 nec
507 2037 630 2080 iuvat
658 2034 829 2093 virgula
853 2050 877 2077 a
899 2033 1132 2078 nonnullis

239 2105 340 2155 post
363 2095 594 2149 trepidam
623 2092 778 2150 posita.

297 2166 409 2210 CAP.
439 2165 510 2207 28.
589 2164 766 2206 Iisdem
788 2193 907 2206 .....
932 2163 1126 2204 dicebat.

239 2227 389 2270 Locus
413 2222 525 2265 mire
547 2228 750 2271 vexatus,
780 2229 911 2286 atque
935 2219 1128 2262 invicem

238 2283 316 2344 qui
368 2279 562 2325 multum
621 2276 790 2320 vexavit
845 2285 1126 2334 interpretes.

239 2344 359 2385 vett.
386 2338 483 2382 edd.
507 2336 660 2394 legunt
684 2336 729 2376 in
759 2334 880 2377 hunc
913 2335 1128 2377 modunn

238 2400 454 2445 Iisdem'.
553 2391 708 2450 filius,
737 2406 911 2433 nomen
939 2392 1042 2442 viri,
1074 2391 1130 2446 Q.

243 2457 404 2502 Vibius
432 2452 660 2500 SerenuS,
711 2450 761 2491 in
795 2457 1013 2491 senatum
1047 2450 1128 2490 in-

239 2514 368 2559 ducti
407 2518 542 2561 sunt,
590 2509 650 2550 ab
696 2508 838 2549 exilio
880 2513 1128 2554 retractus,

239 2573 494 2625 inluvieque
525 2582 582 2610 ac
606 2567 828 2620 squalore
851 2563 1048 2614 obsitus,
1087 2571 1132 2605 et

240 2641 342 2675 tum
389 2628 587 2669 cathena
649 2624 823 2664 vinctus
875 2628 1131 2674 perorante

227 2690 349 2748 filio.
389 2685 711 2737 Praeparetur
724 2681 992 2721 adulescens
1013 2681 1131 2719 mul-

241 2748 300 2789 tis
329 2739 597 2786 munditiis,
627 2737 778 2779 alacri
804 2739 947 2778 vultu.
1005 2742 1129 2778 stru·

239 2812 339 2846 ctas
363 2832 374 2844 .
394 2830 433 2843 ..
461 2797 654 2840 dicebat.
725 2794 811 2836 Sed
849 2809 989 2850 quum
1023 2792 1126 2835 cod.

237 2859 340 2903 MS.
367 2856 523 2907 habeat
545 2865 714 2895 nomen
741 2853 912 2906 virique
935 2851 978 2892 V
981 2851 1039 2892 ib.
1062 2849 1127 2901 S.,

237 2916 449 2962 suademe
483 2909 634 2969 Lipsio
676 2908 946 2967 posteriores
981 2907 1126 2950 edito-

239 2990 310 3018 res
361 2969 477 3014 haud
522 2969 669 3026 inepte
711 2965 882 3008 fecere:
951 2980 1128 3006 nomen

242 3032 420 3085 utrique
446 3027 606 3068 Vibius
629 3025 679 3067 S.
753 3022 867 3065 Nam
898 3023 1021 3064 Vibii
1038 3021 1125 3063 Se·-

237 3088 342 3133 reni
357 3083 541 3128 nomine
562 3081 680 3123 filius
702 3080 842 3122 utitur
864 3080 968 3122 infr.
994 3096 1032 3122 e.
1052 3078 1123 3122 36.

239 3143 415 3190 Dei‘nde
449 3139 550 3197 quia
580 3139 720 3190 ,verba
759 3139 818 3179 ab
853 3139 1015 3179 exsilio
1047 3151 1125 3178 re-

240 3208 416 3246 tractus
451 3205 535 3240 etc.
579 3212 603 3239 a
635 3196 772 3237 verbo
805 3195 988 3236 inducti
1014 3202 1126 3235 sunt

239 3255 510 3315 seiungenda
531 3259 671 3303 erant,
699 3261 917 3309 punctum
935 3267 1125 3308 posuere

240 3333 325 3376 pro
359 3310 526 3371 virgula
559 3318 657 3367 post
688 3316 811 3351 sunt.
890 3309 980 3350 laun
1016 3323 1124 3352 vero

245 3376 394 3418 deerat
429 3382 598 3413 nomen
638 3366 771 3423 patris
805 3365 851 3408 in
885 3364 1012 3408 loco:
1067 3367 1127 3407 ab

243 3430 410 3476 eaesilio
446 3458 457 3470 .
483 3458 494 3468 .
515 3455 527 3467 .
552 3424 687 3481 fili0;
729 3438 864 3478 quare
896 3422 1013 3465 haud
1050 3423 1126 3464 in·—

241 3496 393 3546 eptum
428 3499 521 3526 esse
548 3480 807 3526 videbatur,
838 3479 958 3536 quod
978 3479 1127 3522 Lam-

240 3558 475 3606 pugnanus
507 3556 531 3582 e
564 3535 887 3594 lvlirandyulano
928 3552 1009 3578 suo
1043 3552 1127 3581 co.-

1205 1224 1305 1274 dic'e
1326 1229 1413 1275 sive
1424 1232 1645 1277 Freherus
1660 1251 1709 1278 ex
1726 1224 1905 1292 ingenio
1922 1251 2003 1278 suo
2020 1235 2098 1278 de-

1206 1288 1354 1332 derat:
1391 1298 1556 1345 pater,
1596 1300 1764 1334 orante
1789 1293 1913 1349 filio.
1982 1293 2098 1337 Nam

1207 1376 1229 1402 e
1251 1361 1523 1419 compendio
1549 1361 1821 1419 scripturae:
1847 1378 1920 1419 pr
1946 1378 2095 1406 oran-

1206 1425 1272 1468 te,
1324 1417 1456 1461 facile
1497 1418 1644 1476 potuit
1686 1419 1793 1462 oriri
1828 1429 2096 1474 perorante.

1205 1475 1412 1532 Denique
1428 1486 1768 1530 praeparatur,
1800 1487 1848 1520 ut
1874 1479 2019 1521 forma
2041 1480 2096 1521 ab

1207 1541 1415 1576 contextu
1446 1533 1610 1584 aliena,
1651 1534 1836 1577 debebat
1862 1535 2023 1578 mutari
2049 1535 2095 1577 in

1200 1599 1529 1644 praeparatus.
1580 1592 1668 1632 lam
1686 1599 1805 1635 totus
1828 1593 1955 1635 locus
1975 1592 2095 1651 apud

1208 1647 1478 1690 Oba-linum
1499 1646 1662 1706 legitur
1683 1648 1771 1692 sic:
1810 1650 1986 1692 Iisdem
2003 1682 2014 1693 .
2030 1681 2068 1694 ..
2083 1680 2097 1693 .

1191 1707 1350 1762 filius,
1379 1720 1550 1747 nomen
1569 1707 1753 1761 utrique
1776 1707 1825 1749 V
1821 1709 1938 1750 ibius
1951 1709 2096 1751 Sere-

1202 1777 1312 1810 nus,
1344 1763 1393 1804 in
1416 1770 1636 1805 senatum
1659 1765 1840 1807 inducti
1859 1773 1982 1808 sunt.
2035 1767 2096 1807 ab

1204 1821 1369 1863 exsilio
1394 1852 1406 1864 .
1428 1851 1441 1863 .
1462 1851 1474 1863 .
1502 1852 1512 1862 .
1540 1822 1720 1863 vinetus
1736 1830 1895 1875 pater,
1931 1831 2098 1865 orante

1188 1879 1311 1935 filio.
1355 1876 1677 1930 praeparatus
1694 1882 1963 1923 adolescens
1977 1882 2097 1922 mul·

1202 1937 1262 1978 tis
1285 1937 1551 1984 munditias,
1582 1938 1738 1978 alacri
1763 1941 1907 1980 vultu.
1971 1946 2095 1980 stru·

1200 2001 1302 2036 ctas
1331 2000 1415 2036 etc.
1475 1992 1746 2036 Oberlinum
1775 1995 1975 2052 sequitur
1997 1994 2095 2037 L’u·

1201 2065 1454 2093 nemannus
1489 2050 1575 2092 nisi
1606 2051 1729 2108 quod
1766 2052 1984 2109 virgulam
2008 2069 2096 2111 po-

1203 2107 1268 2150 nit
1299 2122 1383 2165 pro
1446 2115 1587 2150 uncto
1623 2118 1722 2166 post
1763 2113 1903 2154 vultu.
1973 2107 2093 2152 Bek-

1200 2163 1332 2207 kerus
1350 2181 1359 2206 =
1373 2124 1508 2221 fliius
1531 2166 1720 2219 (nomen
1739 2169 1919 2224 utrique
1936 2167 2097 2210 Vibius

1201 2225 1421 2279 Serenus)
1460 2223 1508 2264 in
1538 2237 1578 2265 s-
1613 2224 1645 2266 i.
1675 2233 1800 2267 sunt.
1873 2227 1932 2267 ab
1963 2225 2093 2268 exsi-

1199 2281 1264 2322 lio
1289 2312 1299 2322 .
1316 2311 1354 2322 ..
1384 2282 1558 2322 vinctus
1584 2289 1741 2334 pater,
1777 2290 1941 2324 orante
1970 2282 2091 2336 filio-

1195 2349 1519 2392 praeparatus
1549 2369 1559 2379 .
1584 2370 1594 2380 .
1620 2370 1631 2380 .
1665 2342 1823 2388 vultu,
1887 2347 2094 2383 structas

1201 2403 1286 2436 etc.
1359 2394 1488 2450 Quae
1519 2395 1656 2439 verba
1693 2404 1820 2438 erant
1853 2397 1948 2439 sine
1979 2397 2095 2447 labe,

1199 2451 1276 2493 sed
1314 2451 1592 2494 inconcinna
1633 2451 1894 2496 laborabant
1929 2453 2091 2497 distin-

1201 2507 1377 2560 ctione3
1413 2507 1646 2550 meliorem
1683 2509 1855 2552 dedisse
1886 2510 1995 2552 mihi
2024 2512 2090 2554 vi-

1202 2564 1327 2608 deor.
1413 2566 1582 2608 Verba:
1636 2566 1809 2608 Iisdem
1844 2567 1859 2610 ‚⁴
1881 2599 1893 2611 .
1919 2599 1930 2611 .
1955 2568 2091 2623 filius

1201 2638 1280 2680 per
1300 2639 1345 2665 se
1369 2630 1576 2666 constant
1596 2639 1680 2666 nec
1711 2623 1951 2668 cohaerent
1983 2642 2092 2670 cum

1201 2688 1424 2722 structura
1448 2679 1664 2736 sequenti.
1713 2679 1886 2724 Locus:
1917 2697 2093 2725 nomen

1203 2739 1388 2792 utrique
1426 2738 1590 2780 Vibius
1629 2737 1835 2780 Serenus
1867 2741 1994 2783 uncis
2024 2741 2091 2784 sic

1200 2810 1293 2836 non
1328 2793 1512 2851 indiget.
1580 2794 1758 2851 Pergit:
1798 2797 1844 2838 in
1874 2805 2090 2840 senatum

1198 2852 1380 2893 inducti
1400 2859 1507 2893 sunt
1521 2855 1578 2894 ab
1599 2854 1761 2895 exsilio
1773 2862 2003 2897 retractus
2017 2884 2031 2898 .
2046 2887 2056 2898 .
2074 2886 2088 2899 .

1197 2916 1334 2963 pater
1384 2911 1552 2951 orante
1588 2910 1719 2965 filio,
1773 2920 2092 2966 praeparatus

1200 2969 1498 3016 adulescens,
1543 2969 1704 3008 mullis
1739 2985 1826 3019 m.,
1865 2985 1908 3011 a.
1941 2972 2086 3011 vultu.

1202 3023 1383 3081 Quippe
1405 3023 1615 3066 describit
1639 3033 1812 3075 auctor,
1839 3025 1992 3082 quales
2011 3029 2085 3069 in-

1198 3081 1320 3122 ducti
1346 3080 1445 3130 sint,
1469 3097 1630 3140 nempe
1644 3081 1944 3125 diversissimo
1965 3092 2084 3126 uter-

1199 3153 1285 3194 que
1309 3137 1459 3179 habitu
1483 3146 1525 3180 et
1546 3138 1833 3181 conditione:
1865 3149 2010 3193 paler*
2027 3143 2085 3182 ab

1198 3197 1364 3238 exsilio
1394 3203 1623 3238 retractus
1665 3198 1768 3249 (nec
1802 3206 2087 3254 praeparatus

1197 3251 1252 3294 ad
1276 3256 1492 3308 causam),
1521 3255 1792 3295 adulescens
1819 3269 2086 3309 praepara-

1198 3317 1275 3350 tus
1288 3326 1302 3358 ,·
1341 3307 1417 3351 ille
1449 3311 1618 3366 inluvie
1645 3325 1700 3351 ac
1721 3314 1938 3367 squalore
1961 3313 2084 3355 obsi-

1197 3374 1286 3415 tuS,
1316 3365 1389 3407 hic
1413 3369 1571 3407 multis
1594 3369 1862 3419 nmndim‘s,·
1892 3368 1963 3411 ille
1983 3378 2084 3412 tum

1199 3431 1364 3464 catena
1401 3426 1581 3465 vinctus
1620 3436 1662 3465 et
1697 3425 1875 3481 quidem
1914 3437 2084 3469 orante

1184 3481 1292 3537 filio
1332 3480 1447 3535 (auf
1466 3481 1705 3534 Anklage,
1746 3483 1839 3538 auf
1860 3482 2082 3538 Erfurde-

1195 3551 1314 3593 rung
1353 3540 1434 3579 des
1470 3539 1661 3592 eigenen
1692 3538 1911 3596 Sobnes),
1961 3542 2084 3598 quod
