2222 4030
1866 165 2079 244 sess:

304 170 430 234 292
496 134 505 139 ”
934 224 938 226 ,
983 162 1494 226 ANNALIUM

303 298 558 357 Genitus
584 292 910 364 VulsiniiS‚
950 307 1120 370 patre
1152 294 1288 352 Seio
1325 290 1619 351 Strabone
1657 295 1853 372 equite
1874 297 2168 371 Romano,
2220 361 2222 365 Ι

305 395 362 441 et
409 382 602 458 prim'a
649 381 889 438 iuventa
935 377 1002 440 C.
1055 379 1365 437 Caesarem
1414 379 1541 435 divi
1591 375 1846 454 Augusti
1893 376 2167 460 nepotem
2218 370 2222 428 Ῐ

305 479 584 535 sectatUS‚
654 486 779 521 non
829 465 955 520 sine
1005 484 1244 521 rumore
1298 459 1513 538 Apicio
1573 464 1748 521 diviti
1805 478 1861 523 et
1890 472 2164 545 prodigo

303 558 575 629 stuprum
596 570 748 608 veno
775 550 1030 633 dedisse,
1057 569 1208 604 ‚mox
1235 546 1548 633 Tiberium
1582 551 1761 606 variis
1798 553 2024 611 artibus
2063 557 2165 611 de-

300 637 494 695 vinxit
530 636 708 706 adeo,
760 646 828 692 ut
861 635 1179 690 obscurum
1224 633 1536 690 adversum
1576 635 1724 692 alios
1765 636 1880 693 sibi
1918 640 2027 696 uni
2070 640 2166 695 in-

302 734 540 780 cautum
565 720 962 794 intectumque
989 717 1268 787 efficeret,
1308 738 1434 775 non
1468 730 1590 775 tam
1625 721 1883 779 sollertia
1919 720 2165 800 (quippe

301 808 512 864 iisdem
539 800 766 864 artibus
790 804 979 859 victus
1010 800 1121 880 est)
1160 802 1338 878 quarn
1370 804 1546 860 deum
1582 804 1668 862 ira
1697 807 1763 861 in
1791 827 1916 863 rem
1938 807 2166 867 Roma-

298 912 471 964 nam,
513 891 679 949 cuius
705 888 834 964 pari
860 887 1037 943 exitio
1064 887 1254 960 viguit
1277 888 1616 971 ceciditque.
1703 889 1932 968 Corpus
1961 895 2054 949 illi
2076 896 2166 951 la·—

297 975 831 1047 horum-tolerans,
882 972 1116 1029 animus
1154 973 1368 1029 audax:
1424 974 1518 1030 sui
1552 975 1860 1048 obtegenS‚
1914 978 2163 1039 in'alios

298 1063 663 1120 criminator:
708 1058 868 1115 iuxta
908 1056 1171 1115 adulatio
1208 1067 1264 1114 et
1298 1059 1601 1133 superbia:
1646 1062 1843 1134 palam
1869 1065 2164 1139 composi-

298 1143 391 1215 tus
423 1147 647 1224 pudor,
702 1143 863 1199 intus
895 1162 1124 1200 summa
1158 1143 1459 1218 apiscendi
1492 1144 1682 1201 libido
1717 1147 1957 1224 eiusque
1992 1169 2161 1206 causa
2218 1184 2222 1191 ι

294 1235 474 1290 modo
514 1228 744 1303 largitio
786 1239 841 1284 et
874 1228 1078 1297 luxu5‚
1134 1228 1697 1303 saepius-industria
1736 1225 1802 1288 ac
1835 1233 2162 1306 vigilantia,
2218 1239 2222 1291 ἑ

295 1315 455 1376 haud
477 1316 677 1372 minus
704 1313 931 1382 noxiae,
954 1311 1232 1389 quotiens
1256 1314 1520 1390 parando
1548 1334 1729 1390 regno
1754 1317 2077 1392 finguntur.

463 1411 540 1472 II.
609 1411 751 1467 Vim
784 1412 1184 1486 praefecturae
1221 1413 1518 1469 modicam
1558 1426 1727 1471 antea
1765 1415 2024 1475 intendit
2067 1419 2160 1473 di-
2220 1426 2222 1435 ¹

294 1518 519 1576 spersas
557 1517 662 1574 per
699 1497 910 1554 urbem
949 1492 1220 1553 cohortes
1261 1518 1381 1554 una
1424 1498 1490 1554 in
1528 1511 1714 1556 castra
1759 1503 2159 1573 conducend0‚

292 1598 359 1643 ut
392 1585 568 1641 simul
595 1583 843 1657 imperia
871 1581 1201 1656 acciperent
1227 1603 1594 1660 numeroque
1619 1597 1675 1642 et
1698 1586 1913 1644 robore
1940 1600 1997 1645 et
2029 1589 2159 1645 visu
2216 1623 2222 1663 -ἵ

295 1672 447 1729 inter
502 1689 560 1727 se
615 1667 828 1738 fiducia
884 1667 1052 1743 ipsi5‚
1119 1667 1184 1723 in
1238 1679 1458 1726 ceteros
1512 1681 1734 1741 metu5,
1805 1674 2157 1741 crederetur.
2215 1683 2222 1731 :

292 1890 395 1935 Ber.
410 1889 512 1933 Alc.
533 1887 675 1932 Rhen.
701 1903 799 1947 sqq.
827 1895 929 1932 ante
942 1886 1190 1930 Picbenam

290 1948 563 2004 captaverit.
623 1945 693 1989 De
715 1946 878 2001 Apicio
905 1945 963 1989 cf.
989 1945 1078 1988 Dio
1101 1944 1132 1987 l.
1160 1943 1188 1987 l.

293 2005 367 2050 cui
389 2005 653 2053 nominatur.
673 2003 737 2057 Μ.
759 2003 936 2046 Gabius
951 2003 1148 2058 Apicius.

347 2077 467 2105 veno
500 2062 694 2105 dedisse.
754 2060 830 2104 Sic
865 2060 967 2104 cod.
993 2058 1097 2105 MS.
1127 2067 1186 2113 te·

291 2121 431 2164 stibus
474 2119 670 2162 Pichena
708 2126 750 2161 et
798 2118 882 2162 lac.
931 2116 1187 2166 Gronovi'o,

291 2177 392 2221 edd.
414 2175 818 2220 Ernest.Broter.s
855 2192 898 2232 q.
943 2175 1002 2219 cf.
1029 2175 1098 2223 13,
1116 2175 1185 2218 51.

293 2235 440 2287 14,15.
491 2232 619 2276 Olim
641 2241 824 2276 auctore
880 2232 1065 2276 eroaldo
1089 2232 1186 2276 vul·

290 2289 475 2351 gabatur
493 2293 826 2332 venundedisse
842 2291 909 2332 vel
933 2293 1183 2332 venumde-

290 2350 431 2394 disse.
473 2347 531 2392 cf.
557 2347 625 2396 13,
641 2347 711 2398 39.
747 2347 814 2396 14,
839 2347 910 2390 33.

344 2407 568 2450 sollertia.
642 2403 755 2448 Edd.
791 2403 897 2447 Ber.
917 2403 1020 2448 Alc.
1042 2403 1182 2448 Rhen.

290 2463 397 2508 Ald.
425 2464 631 2506 solertia.
689 2461 810 2520 Lips.
834 2477 930 2520 sqq.
953 2462 1183 2506 sollertia.

347 2522 428 2564 sui
448 2522 682 2574 obtegens.
730 2516 1066 2577 Ἀποκρύπτων
1086 2520 1186 2564 ἑαυ-

289 2576 384 2624 τόν.
445 2576 653 2641 Xenoph.
669 2572 774 2634 Cyr.
801 2577 841 2627 8,
861 2577 902 2628 7,
922 2575 994 2620 23.
1021 2575 1074 2620 οὐ
1097 2575 1187 2635 γὰρ

543 2632 555 2646 ζ

1263 1903 1318 1931 ae
1341 1885 1564 1955 populum
1586 1887 1718 1933 Rom.
1744 1889 1842 1934 deci
1878 1907 1953 1933 ere
1985 1893 2155 1960 cogita-
2212 1878 2222 1923 3

1263 1953 1373 1989 verit
1416 1962 1465 1989 ea
1506 1946 1675 2004 specie,
1725 1956 1774 1990 ut
1809 1948 1837 1991 il
1859 1965 1930 1991 am
1961 1950 2163 1995 mihtum‘
2214 1951 2222 2001 E

1265 2003 1634 2047 coniunctionem
1680 2003 1739 2051 ad
1788 2005 1990 2064 ipsorum
2037 2008 2155 2050 fidu-
2219 2011 2222 2028 ²

1263 2062 1377 2105 ciam
1417 2069 1460 2103 et
1494 2062 1748 2105 ceteros-iim
1791 2066 1963 2106 ‘metum
2000 2066 2156 2108 crede-

1261 2126 1386 2171 rent,
1417 2133 1520 2161 eum
1539 2134 1588 2161 re
1603 2135 1707 2162 vera
1729 2121 1784 2164 ad
1802 2121 2048 2187 potentiam
2072 2123 2154 2166 sibi
2213 2029 2222 2199 1

1258 2176 1416 2220 sedulo
1439 2176 1683 2234 paran‘dam
1707 2186 1968 2236 perimeret.
2026 2179 2157 2223 Haud

1257 2233 1467 2278 absurde.
1528 2233 1642 2275 Nam
1676 2236 1848 2294 saepius
1880 2236 1944 2278 sic
1969 2236 2022 2279 ad
2045 2253 2152 2282 ver-

1258 2291 1369 2334 bum
1411 2293 1600 2334 credere
1630 2290 1794 2336 Noster
1834 2294 2002 2336 omittit
2041 2309 2155 2348 esse,

1259 2349 1380 2406 quod
1406 2357 1449 2391 et
1470 2348 1543 2392 hic
1565 2349 1698 2393 deest.
1744 2351 1882 2400 ef.12‚
1898 2351 1970 2395 64.
1976 2367 2154 2406 parem

1259 2463 1334 2504 cui
1362 2469 1556 2504 tantum
1591 2467 1864 2518 asperitatis
1881 2497 1899 2508 .
1917 2498 1932 2508 .
1956 2499 1965 2509 .
1994 2462 2155 2510 crede-

1258 2520 1428 2570 batur;
1468 2519 1583 2563 Hist.
1610 2521 1650 2569 5,
1678 2524 1716 2566 1.
1755 2531 1806 2564 ut
1833 2538 1975 2577 super
1987 2524 2156 2579 fortu-

1259 2591 1375 2619 nam
1397 2580 1676 2621 crederetur.
1721 2578 1864 2638 Igitur
1888 2586 2022 2622 credo
2039 2582 2160 2625 mihi

288 2634 340 2684 ἐι)
359 2632 510 2691 σκότῳ
531 2637 655 2693 υμᾶς
676 2638 721 2678 οἱ
741 2637 844 2678 θεοὶ
869 2631 1189 2691 ἀποκρύπτον-
1246 2634 1480 2691 fiduciam
1500 2634 1605 2676 eritz
1637 2637 1704 2678 ich
1724 2651 1872 2679 messe
1888 2639 2151 2682 mit-Selbst·

287 2712 386 2751 ται,
421 2692 512 2739 ἀλλ’
541 2694 731 2751 ἐμφανῆ
753 2693 896 2736 πᾶσιν
918 2690 1096 2750 ἀνάγκη
1117 2691 1188 2736 ἀεὶ

288 2757 368 2814 ζῇν
395 2751 450 2796 τὰ
476 2747 672 2809 ὑμέτερα
703 2751 831 2809 ἔργα.
891 2750 999 2794 Tac.
1023 2751 1113 2793 An.
1150 2754 1188 2802 1,

287 2813 359 2858 76.
383 2810 576 2867 perinde
599 2809 760 2851 divina
785 2811 1087 2864 humanaque
1112 2811 1187 2851 ob·

293 2880 543 2970 aegila-2(
589 2924 698 2967 Vim
727 2922 1068 2979 praefecturae.
1127 2921 1186 2966 cf.

289 2983 622 3084 chliic'taelietur.
696 3038 807 3083 Cod.
846 3038 948 3082 MS.
987 3038 1187 3081 creditur

285 3099 448 3144 hahere
481 3100 719 3146 credetur;
757 3096 904 3139 certus
938 3096 1067 3138 testis>
1088 3111 1184 3138 non

286 3157 423 3202 adest.
482 3153 729 3198 Beroaldus
763 3152 927 3210 aliique
951 3162 1062 3198 vett.
1099 3154 1181 3196 de-

287 3215 398 3258 dere
417 3215 697 3253 crederetur.
743 3209 955 3253 Pluribus
978 3226 1083 3253 sane
1108 3209 1180 3252 lo-

287 3271 362 3315 cis·
383 3268 522 3312 codex-
554 3268 626 3309 ille
663 3269 709 3311 in
742 3282 796 3310 eo
825 3266 964 3310 falsus
997 3275 1088 3316 est,
1134 3277 1183 3311 ut

282 3324 684 3383 mediasgsyll'abas
728 3325 914 3368 omittat.
986 3324 1051 3369 cf..
1083 3333 1180 3368 not.

284 3385 339 3428 ad
362 3386 402 3432 1.
424 3383 494 3426 ΞΘ.
510 3381 648 3438 ‘flam
672 3381 870 3426 Pichena
893 3382 938 3424 id
958 3390 1083 3439 putat
1107 3382 1178 3424 di-

285 3442 351 3495 ci,
392 3439 517 3499 quod
541 3438 733 3483 Seianus
766 3438 976 3482 cohortes
1005 3440 1052 3482 in
1090 3455 1177 3482 una

282 3506 417 3545 castrt
446 3495 747 3543 :ondueend‘o
770 3495 1007 3540 Tiberium
1027 3496 1176 3555 ipsum

2216 2204 2222 2226 l

1256 2407 1345 2448 sibi
1364 2406 1694 2448 claritudinem
1720 2411 1960 2460 credebam
1996 2411 2061 2458 11,
2086 2410 2152 2453 18.
2204 2250 2222 2710 i

1263 2699 1508 2734 ver-tranen
1523 2692 1610 2734 bei.
1666 2694 1882 2735 Creditur
1905 2696 2020 2738 mihi
2024 2698 2152 2751 fidu·
2195 2708 2222 2748 iq·

1262 2750 1354 2800 cia,
1399 2751 1467 2791 ich
1492 2751 1617 2790 stelae
1639 2752 1713 2792 bei
1732 2755 1921 2794 andern
1946 2756 2008 2795 im
2030 2755 2151 2810 Rufe
2200 2755 2222 2802 “l

1259 2811 1342 2850 des
1369 2805 1816 2851 Selbstvertrauens.
1892 2810 2151 2854 Secundum

1258 2864 1369 2907 haee
1402 2864 1552 2907 locum
1593 2874 1851 2910 convertes:
1896 2870 2050 2910 damit
2082 2871 2153 2912 sie
2191 2874 2217 2917 ‘2

1259 2923 1440 2965 vereint
1471 2922 1691 2976 befehligt
1721 2926 1930 2966 witz-den
1952 2930 2051 2967 and
2074 2928 2152 2969 die

1257 2979 1483 3033 Meinung
1524 2978 1656 3020 State
1700 2985 1953 3034 gewc'inne,
2012 2985 2152 3036 Zotal,
2208 2974 2222 3027 ’ἴ

1257 3035 1433 3078 Sta'rlce
1464 3039 1563 3078 und
1594 3038 1932 3094 gegenseitiger
1950 3042 2148 3084 Anblick

1257 3093 1422 3148 erft'tlle
1474 3093 1542 3136 sie
1598 3097 1686 3136 mit
1735 3093 2150 3151 Selbstuertrauen
2205 3082 2220 3141 l

1254 3151 1463 3206 (Mum),
1523 3153 1596 3193 ein
1639 3151 1908 3207 Schreakflh‘
1932 3154 2032 3211 fiir
2076 3158 2149 3198 die
2203 3134 2216 3198 l

1255 3210 1471 3262 iibrigen,
1514 3208 1614 3253 vel:
1656 3212 1754 3251 und
1782 3211 1938 3264 damit
1969 3213 2046 3255 bei
2070 3216 2148 3256 ih-

1252 3280 1348 3308 nen
1372 3267 1449 3307 ein
1473 3266 1718 3320 aufZahl,
1750 3261 1925 3336 8ἲέμέ
1945 3274 2042 3312 und
2060 3285 2144 3324 ge-
2192 3267 2195 3269 ’
2220 3306 2222 3310 ⁴

1251 3323 1535 3377 genseitigen
1586 3324 1778 3365 Anblick
1836 3323 2145 3380 gegriindetes
2219 3365 2222 3371 .

1251 3379 1651 3424 Selbstuertrauen
1668 3391 2010 3436 vorausgesetzt
2021 3388 2144 3427 wtir-
2220 3379 2222 3397 ¹

1249 3441 1332 3489 de,
1363 3438 1436 3479 ein
1458 3437 1712 3481 Schreeken
1728 3440 1822 3495 fiir
1843 3441 1916 3482 die
1940 3441 2141 3496 iibrz'gen.
2195 3440 2219 3518 ἱ

1247 3495 1425 3541 Similis*
1478 3494 1677 3540 eiusdem
1742 3496 1863 3541 verbi
1919 3514 2025 3543 usus
2079 3508 2143 3544 est
2195 3510 2222 3550 ᾳ·

2218 3471 2222 3500 l
