2222 4030
184 271 440 356 {33:7¹3}
658 274 836 340 LIB.
867 271 919 338 1.
967 269 1168 336 CAP.
1202 270 1305 338 75.
1340 277 1443 340 76.
1845 280 1976 341 107

121 408 409 488 'pertatem
459 404 686 485 petenti
736 403 931 463 decies
986 402 1317 461 sestertium
1369 405 1623 482 largitus
1660 419 1776 480 est,
1833 410 1975 469 satis

120 506 422 571 comperto
467 503 741 570 paternas
787 489 844 547 ei
886 489 1184 563 angustias
1227 508 1370 549 esse.
1444 494 1726 552 tentantis
1755 495 1975 567 ⁴eadem

119 580 269 637 alios
290 580 544 656 probare
566 593 800 634 causam
833 574 1065 632 senatui
1098 573 1296 644 iussit,
1341 576 1618 651 cupidine
1651 575 1977 655 severitatis

120 661 307 721 in'his
332 665 540 733 etiam,
578 680 730 739 quae
751 659 864 716 rite
885 661 1131 730 faceret,
1170 660 1433 720 acerbus,
1484 664 1643 719 unde
1680 665 1858 723 ceteri
1890 666 1975 723 si-

118 750 371 807 lentium
405 759 464 805 et
495 755 901 826 paupertatem
935 743 1290 804 confessioni
1325 757 1383 804 et
1413 746 1696 806 beneficio
1722 769 1976 828 praepo·-

116 853 304 895 suere.
1954 875 1964 895 ,

280 913 561 978 LXXVI.
620 911 855 975 Eodem
897 935 1056 974 anno
1103 915 1402 975 continuis
1445 915 1738 975 imbribus
1770 932 1975 982 auctus

114 1000 356 1062 Tiberis
386 1003 566 1079 plana
600 1002 770 1060 urbis
803 1012 1196 1076 stagnaverat:
1251 1001 1612 1059 relabentem
1657 1017 1852 1062 secuta
1888 1018 1974 1065 est

114 1090 522 1147 aedificiorum
566 1096 628 1146 et
660 1083 976 1146 hominum
1010 1096 1245 1162 strages.
1343 1084 1536 1162 Igitur
1567 1088 1796 1147 censuit
1830 1086 1973 1148 Asi-

112 1175 253 1233 nius
289 1171 534 1244 Gallus,
582 1184 655 1231 ut
684 1172 829 1231 libri
867 1171 1155 1251 Sibyllini
1188 1171 1513 1232 adirentur.
1563 1173 1763 1232 renuit
1785 1171 1973 1232 Tibe-

111 1260 272 1330 rius,
311 1259 561 1336 perinde
595 1258 801 1315 divina
834 1254 1210 1337 humanaque
1244 1258 1540 1337 obtegens.
1626 1257 1747 1318 Sed
1779 1279 1972 1318 reme-

111 1345 282 1403 dium
316 1342 627 1402 coercendi
660 1342 929 1400 fluminis
960 1337 1136 1400 Ateio
1170 1339 1452 1420 Capitoni
1482 1353 1540 1401 et
1569 1340 1644 1404 L.
1675 1339 1970 1405 Arruntio

109 1430 479 1488 mandatum.
564 1422 857 1486 Achaiam
875 1447 955 1484 ·ac
979 1424 1398 1486 Macedoniam
1433 1435 1613 1486 onera
1646 1429 1973 1506 deprecan-

110 1515 189 1574 tis
209 1512 396 1573 levari
419 1513 485 1570 in
506 1531 783 1591 praesens
803 1513 1216 1592 proconsulari
1241 1514 1491 1591 imperio
1524 1514 1797 1594 tradique
1821 1513 1971 1595 Cae-

1770 1679 1779 1701 Χ

349 1712 360 1724 ”
394 1724 587 1755 causam
627 1709 818 1754 senatui
850 1709 1000 1753 iussit.
1066 1709 1137 1754 'tio
1150 1708 1365 1754 Caesaris.
1416 1709 1533 1756 Nam
1551 1711 1968 1772 primumprocon-

107 1768 234 1814 Suet.
259 1769 291 1815 l.
314 1769 345 1814 l.
403 1770 473 1813 Ne
492 1770 708 1823 pluribus
738 1780 873 1822 opem
889 1765 1000 1822 fer-
1073 1767 1219 1811 sulare
1241 1768 1485 1827 imperium
1510 1777 1604 1813 erat
1628 1771 1983 1827 annuum'(Dim

106 1835 203 1877 ret,
238 1830 426 1882 negavit
456 1842 506 1870 se
524 1827 632 1870 aliis
652 1827 1001 1873 subventurum,
1073 1823 1145 1874 53,
1170 1826 1241 1882 13)
1274 1836 1317 1870 et
1339 1827 1581 1885 quotannis
1612 1827 1992 1888 provincialibus?

105 1886 202 1928 m‘ni
249 1885 437 1929 senatun·
479 1886 626 1927 iustas
672 1884 1002 1926 necessitatum
1072 1883 1300 1928 adferebat
1351 1884 1580 1928 molestias
1627 1901 1731 1929 cum
1785 1900 1968 1932 accessu

104 1957 274 1986 causas
310 1944 607 1997 probassent.
679 1939 796 1984 Vell.
829 1941 872 1992 2,
904 1940 1002 1983 129.

105 2000 199 2044 Dio
225 2001 292 2051 57,
319 2002 384 2043 10.

163 2059 375 2111 cupidine
410 2057 674 2100 severitatis
694 2086 709 2099 .
723 2087 734 2098 .
750 2087 763 2099 .
792 2056 1000 2098 acerbus.

104 2115 243 2160 ‘rant
256 2115 416 2158 Senec.
436 2115 490 2157 de
514 2112 769 2162 benes.2,7.
816 2112 907 2156 Pro
930 2114 1002 2156 his

102 2172 290 2218 fortasse
310 2172 574 2232 ponendum
603 2179 668 2215 est
692 2172 760 2214 ι’ίε.

161 2234 287 2274 unde
305 2230 452 2274 ceteri
482 2237 568 2274 etc.
628 2229 753 2273 Suet.
777 2227 807 2273 l.
833 2228 861 2272 1.
920 2227 999 2272 Se·

103 2287 370 2391 ”e‘fissfia
400 2354 569 2390 auem..
594 2343 783 2388 meris.
822 2343 881 2388 es.
905 2343 997 2388 Dio

104 2405 176 2461 57,
212 2405 280 2448 14.
317 2404 531 2448 vividam
560 2402 660 2447 talis
690 2402 997 2446 inundationis

103 2461 455 2520 descriptionem
485 2460 583 2505 vide
606 2461 725 2521 apud
746 2460 868 2503 Plin.
895 2476 998 2518 epp.

159 2577 329 2622 renuit.
389 2576 513 2621 Nutu
534 2574 779 2628 recusavit,
810 2575 998 2620 utSuet.

101 2636 185 2682 lul.
211 2652 253 2680 c.
276 2635 347 2679 82.
378 2637 681 2691 renuentique
711 2642 756 2677 et
785 2642 919 2688 gestu
953 2636 1000 2676 in

100 2695 234 2739 aliud
292 2701 480 2747 tempus
542 2693 790 2748 differenti.
879 2691 999 2736 Pliu.

102 2767 204 2811 epp.
240 2753 277 2803 1,
305 2751 348 2794 7.
379 2752 507 2794 Nam
538 2766 624 2804 ego
653 2763 829 2807 quoque
853 2750 1003 2795 simila·

100 2817 220 2852 nutu
263 2824 319 2851 oc
362 2816 535 2851 renutu
574 2811 859 2863 respondere
892 2816 998 2849 voto

102 2876 182 2909 tuo
232 2880 437 2919 possum.
515 2864 688 2909 Graece
739 2860 996 2908 ἀνανεύειν.

102 2922 301 3024 Horufr.¹
331 2922 381 2967 ll.
420 2923 489 2974 16,
528 2923 630 2965 250.
708 2921 781 2965 De
834 2938 883 2966 re
936 2920 997 2966 cf.

100 2981 195 3025 Dio
248 3013 259 3023 .
306 3013 318 3024 .

152 3041 366 3094 perinde.
425 3035 598 3081 Graece
619 3038 743 3086 ἴσως.

157 3100 390 3150 obtegens.
450 3094 492 3138 b.
516 3112 554 3138 e.
582 3093 888 3146 dissimulans,
928 3109 997 3137 ve·

99 3153 214 3199 laus.
296 3152 471 3197 Graece
516 3148 859 3211 ἀποκρύπτειν,
914 3167 997 3194 nos

99 3212 420 3261 verdunkeln‚
453 3211 595 3254 facere
617 3218 662 3254 ut
685 3226 778 3253 uon
805 3225 875 3252 aui
914 3207 996 3252 lius

102 3269 212 3328 quid
237 3268 400 3327 valeat,
443 3266 606 3312 honori
642 3266 830 3310 alicuius
866 3226 995 3310 ‹sero-

102 3343 223 3427 μιέεὲ
280 3327 351 3369 De
384 3342 433 3371 re
464 3325 524 3373 cs.
560 3327 685 3370 Suet.
718 3324 821 3369 Tib.
855 3341 898 3370 c.
919 3324 993 3368 69.

101 3394 143 3429 et
226 3417 237 3427 .

156 3443 405 3484 coercendi.
471 3441 585 3485 Edd.
634 3441 842 3485 Beroald.
884 3440 996 3485 Rhe·

101 3516 206 3543 nau.
231 3500 335 3544 ΑΜ.
363 3499 660 3551 cohercendi,
693 3507 741 3541 ut
766 3515 912 3558 saepe.

157 3558 311 3600 levari
327 3588 339 3600 .
354 3588 367 3601 .
383 3590 394 3600 .
425 3558 752 3611 proconsulari
787 3557 996 3609 imperio.

101 3615 326 3659 Nimirum
342 3615 444 3673 quia
461 3614 615 3659 durius
630 3614 717 3660 hoc
730 3629 864 3672 quam
881 3614 995 3672 lega·

1073 1942 1177 1984 novi
1208 1942 1397 1986 rectoris
1428 1941 1708 1988 coniunctas.
1768 1943 1970 1994 Caesaris

1074 2008 1223 2045 autem
1291 1999 1630 2069 provinciarum
1690 2002 1970 2060 praesidibus

1106 2066 1334 2102 rocurauo
1367 2058 1412 2101 in
1437 2057 1588 2115 plures
1616 2074 1759 2102 annos
1793 2058 1970 2119 delega-

1072 2075 1221 2159 fiatur.
1291 2115 1446 2172 Quare
1479 2115 1655 2176 loseph.
1692 2117 1746 2159 A.
1772 2116 1807 2160 1.
1833 2115 1901 2170 18,
1922 2116 1967 2161 8.

1072 2172 1308 2217 Tiberium
1350 2171 1670 2217 continuandis
1712 2172 1967 2232 legatorum

1070 2229 1270 2290 imperiis
1290 2245 1473 2288 parcere
1495 2230 1629 2275 sociis
1650 2239 1695 2274 et
1716 2233 1966 2290 provincia-

1070 2288 1187 2332 libus
1213 2287 1334 2332 dicit.
1394 2287 1514 2345 Tum
1540 2289 1869 2347 proconsulum
1890 2307 1967 2336 co-

1070 2346 1248 2390 mitatus
1269 2346 1562 2405 frequentior,
1585 2347 1800 2400 ornatior,
1819 2348 1968 2406 splen·

1070 2403 1246 2457 didior,
1286 2419 1512 2462 oneraque
1534 2404 1639 2448 inde
1662 2404 1968 2450 redundantia

1070 2462 1118 2506 in
1141 2462 1391 2519 provincias
1415 2461 1638 2520 graviora-⁴
1691 2461 1788 2507 Nec
1817 2469 1965 2508 tacen-

1072 2519 1206 2572 dum,
1237 2519 1359 2580 quod
1381 2519 1676 2578 proconsules
1698 2529 1818 2565 sorte
1838 2520 1966 2566 ibant

1069 2577 1116 2622 in
1150 2577 1433 2637 provincias,
1474 2578 1639 2623 Caesar
1663 2578 1830 2636 legatos
1853 2577 1963 2621 deli·-

1102 2635 1218 2680 ebat.
1284 2634 1395 2680 lude
1428 2634 1603 2678 fortuiti
1643 2636 1752 2679 boni
1796 2636 1962 2694 praesi-

1068 2650 1174 2747 ficu
1213 2691 1319 2737 hinc
1342 2708 1412 2736 res
1466 2693 1693 2737 endebaut
1715 2709 1738 2736 e
1760 2693 1962 2739 Caesaris

1067 2766 1190 2795 cura.
1251 2750 1405 2806 Quare
1421 2710 1650 2808 Xuguuus
1674 2765 1816 2807 quum
1829 2750 1962 2796 Asiae

1066 2809 1323 2867 provinciae
1351 2816 1495 2851 terrae
1528 2807 1725 2851 motibus
1755 2797 1963 2854 adflictae

1067 2880 1334 2909 succurrere
1368 2864 1527 2916 vellet,
1559 2863 1681 2908 misit
1711 2865 1963 2923 praesidem

1069 2923 1296 2981 suffragio.
1320 2938 1414 2966 uon
1434 2929 1552 2965 sorte
1576 2922 1741 2966 lectum
1758 2923 1815 2967 ad
1838 2922 1961 2968 bien·

1069 2979 1215 3023 nium.
1258 2979 1349 3023 Dio
1372 2980 1442 3029 54,
1465 2978 1536 3023 30.
1576 2979 1694 3023 Deui
1730 2997 1810 3034 ue,
1833 2982 1959 3040 quod

1069 3038 1352 3094 potissimum
1374 3046 1462 3086 est.
1493 3036 1657 3082 Caesar
1679 3054 1708 3098 p
1730 3054 1830 3083 ures
1857 3055 1961 3098 pro·

1072 3094 1239 3138 vincias
1269 3111 1349 3153 per
1373 3111 1512 3139 unum
1541 3094 1734 3155 legatum
1760 3097 1959 3156 regebat,

1105 3152 1237 3195 uibus
1281 3152 1468 3210 singulis
1512 3161 1615 3198 ante
1663 3156 1959 3214 proconsules

1068 3169 1248 3253 lla-rant
1298 3209 1489 3255 serendi.
1576 3209 1729 3271 anue
1783 3213 1960 3257 ratione

1066 3277 1164 3312 tuin
1198 3265 1463 3312 levabantur
1482 3267 1646 3314 Achaia
1670 3277 1713 3313 et
1744 3269 1959 3314 Macedo·

1068 3325 1157 3369 nia.
1218 3323 1278 3371 cs.
1314 3342 1355 3371 c.
1386 3325 1456 3370 80.
1498 3326 1792 3382 Prorogatur·
1830 3326 1960 3382 Pop-

1062 3398 1184 3440 paeo
1206 3383 1377 3428 Sabim
1392 3386 1633 3439 provincia
1642 3384 1845 3438 Moesia,
1877 3388 1959 3430 ad-

1067 3443 1177 3484 ditis
1227 3442 1405 3487 Achaia
1461 3450 1507 3486 et
1555 3442 1736 3486 Maoed.

1067 3515 1206 3559 porro
1231 3509 1416 3544 monent
1439 3500 1525 3546 viri
1557 3499 1679 3545 docti
1704 3498 1760 3544 de
1780 3498 1959 3547 avaritia

1099 3557 1422 3614 roconsulum‚
1475 3558 1531 3603 de
1565 3557 1759 3602 invalido
1792 3559 1839 3603 in
1877 3574 1955 3603 cos

1084 3630 1216 3674 egum
1244 3614 1439 3667 auxilio.
1468 3624 1513 3660 et
1547 3615 1604 3659 de
1633 3614 1730 3660 aliis
1759 3631 1955 3675 procon-

1825 3443 1958 3500 Quae
2045 3488 2048 3489 ⁷
