2222 4030
198 170 256 207 Αι
267 170 323 207 U.
343 169 427 205 ¹2⁷1.

197 216 251 250 A.
266 214 315 251 C.
364 215 426 251 18.

698 171 874 234 Lm.
907 167 993 251 11.¹>
1049 168 1248 234 CAP.
1281 167 1386 235 54.

1849 180 1970 238 179

279 303 444 367 LIV.
498 303 691 363 Petita
742 304 884 360 inde
920 297 1167 360 Euboea
1214 304 1468 363 tramisit
1509 304 1801 380 Lesbum,
1862 311 1980 368 ubi.

112 387 445 468 Agrippina
478 389 801 447 novissimo
834 399 1010 464 partu
1039 385 1255 464 Iuliam
1292 389 1493 450 edidit.
1548 403 1677 450 tum
1716 405 1973 455 extrema

110 473 290 535 Asiae
312 471 782 551 Perinthumque
810 494 875 531 ac
895 472 1252 552 Byzantium
1277 469 1563 533 Thracias
1585 472 1792 551 urBeS,
1821 500 1973 551 *mox

109 560 497 639 Propontid'm
522 559 820 633 angustias
847 570 903 615 et
926 581 991 616 os
1013 557 1330 617 Ponticum
1355 559 1538 618 intrat
1566 565 1844 640 cupidine
1868 587 1976 624 ve-

111 658 263 706 teres
289 649 452 726 locos
480 656 537 703 et
567 647 724 702 fama
747 645 1069 702 celebratos
1102 644 1414 715 noscendi,
1466 647 1802 728 pariterque
1831 671 1977 728 pro—-

109 730 342 790 vincias
373 731 625 789 internis
660 730 1083 788 certaminibus
1115 739 1219 787 aut
1249 730 1695 804 magistratuum
1735 736 1975 795 iniuriis

107 819 286 876 fessas
330 818 647 876 refovebat.
712 828 886 893 atque
935 816 1109 874 illum
1150 814 1216 871 in
1263 834 1529 890 regressu
1567 836 1727 876 sacra
1764 820 1979 880 Samo-

109 898 380 960 thracum
405 902 595 960 visere
620 901 908 959 nitentem
932 901 1096 958 obvii
1129 900 1436 977 aquilones
1473 902 1768 978 depulere.
1855 906 1978 982 Igi-

109 1000 210 1061 tur
255 989 417 1046 adito
456 985 569 1046 llio
625 1007 893 1067 quaeque
934 987 1022 1044 ibi
1065 986 1346 1044 varietate
1384 982 1661 1045 fortunae
1695 1001 1752 1047 et
1784 991 1976 1051 nostri

108 1162 174 1199 tes
204 1152 398 1211 taliaque
429 1152 477 1197 in
507 1153 731 1198 honorem
753 1154 846 1198 eius
875 1153 1005 1197 insti·

108 1219 306 1262 tuentes,
350 1227 465 1269 quae
496 1211 741 1269 antiquitus
778 1212 824 1254 in
857 1211 1011 1255 hono-

106 1284 203 1313 rem
229 1268 473 1326 insignium
497 1268 702 1311 virorum
728 1269 899 1313 institui
930 1285 1005 1312 so-

106 1326 255 1372 lebant
273 1326 391 1384 apud
417 1324 632 1369 Graecos.
694 1326 808 1370 Nam
829 1330 1007 1370 laetum

106 1383 461 1440 antiquitatibus
504 1383 797 1427 Graecorum
845 1399 1004 1438 genus.

106 1440 169 1486 cf.
205 1440 319 1486 Uist.
353 1443 397 1489 2,
429 1440 472 1484 4.
555 1440 701 1485 Simili
739 1442 879 1486 modo
917 1444 1007 1485 An.

104 1500 150 1550 6,
186 1500 260 1543 42.
340 1498 633 1543 Seleucenses
668 1503 1010 1543 adventantem

105 1555 369 1601 Te'ridaeem
407 1559 643 1599 extollunt
679 1566 890 1600 veterum
928 1573 1010 1601 re·-

104 1630 218 1671 3um
262 1617 532 1658 honoribus.
614 1612 746 1671 Quae
795 1631 900 1660 cum
948 1615 1008 1659 ita

105 1676 217 1726 sint,
256 1673 446 1715 minime
470 1672 516 1715 in
542 1671 626 1717 hac
653 1671 852 1717 formula
875 1673 1005 1732 cogi-

106 1732 220 1776 tabis
251 1730 306 1774 de
339 1730 418 1778 iis,
450 1745 562 1788 quae
586 1730 780 1775 maiores
802 1729 1010 1790 Graeco-

106 1805 211 1834 rum
234 1789 280 1831 in
306 1786 462 1847 primis
491 1786 671 1831 sortiter
692 1788 931 1842 fecissent,
959 1797 1010 1831 ut

105 1847 162 1892 ad
187 1845 487 1898 Marathona,
527 1845 758 1889 Salamina
784 1855 896 1899 etc.‚
933 1854 1009 1891 aut

107 1903 391 1949 inlustriores
417 1902 502 1950 viri
524 1903 762 1959 magnifice
786 1903 1011 1957 dixissent,

105 1970 184 2008 aut
213 1961 251 2005 si
279 1977 394 2019 quae
425 1960 537 2003 aliae
570 1959 626 2004 de
654 1960 744 2004 hoc
776 1960 878 2005 loco
913 1964 1009 2006 cir-

107 2018 426 2065 cumferuntur
457 2033 618 2076 nugae.
691 2018 806 2061 Nam
838 2019 1008 2063 mirum

107 2084 327 2137 quantum
372 2075 636 2133 interpretes
683 2075 730 2120 in
763 2075 828 2119 his
861 2076 1007 2121 Taciti

22 2150 32 2162 ·
107 2134 260 2181 verbis
285 2133 545 2178 sudaverint
571 2133 858 2192 explicandis.
918 2135 1008 2179 Sed

106 2199 364 2239 commenta
407 2190 591 2235 illorum
635 2190 802 2235 referre
842 2193 1005 2237 taedet.

105 2250 230 2296 Mate
251 2249 386 2292 etiam
418 2247 475 2292 de
506 2247 596 2293 boc
623 2248 729 2293 loco
763 2250 830 2295 dis
865 2250 1008 2295 utavit

106 2309 180 2354 vir
221 2307 385 2351 doctus
428 2306 482 2362 in,
515 2306 709 2350 Seebod.
749 2308 859 2355 bib.
903 2309 1007 2353 crit.

107 2366 237 2414 1821.
262 2362 372 2407 sanc.
386 2365 435 2407 11
453 2372 497 2408 et
511 2365 579 2407 12.
599 2381 644 2424 p.
660 2364 783 2408 1082.
821 2366 1007 2411 Frustra

108 2432 256 2469 autem
279 2421 474 2465 Hillerus
497 2422 542 2465 in
557 2420 787 2469 Racemat.
807 2425 1008 2525 ριάειζε-

104 2488 262 2527 rentes
294 2486 437 2523 mutat
470 2479 515 2522 in
549 2483 865 2536 proferentes,
939 2483 1007 2525 'r-

104 2539 275 2586 nestius
310 2537 357 2580 in
384 2538 686 2594 praesumem
732 2556 835 2584 nam
855 2555 1006 2597 proe-

45 2605 57 2615 ”
92 2598 234 2656 serre
267 2595 470 2639 alicuem
500 2595 627 2639 dicta
649 2596 904 2655 suetoque,
956 2607 1006 2643 ut

104 2655 165 2699 sit
216 2652 408 2703 imitari,
465 2667 554 2696 sur
600 2653 758 2698 selum
824 2664 1007 2714 trogen,

105 2712 219 2757 iusta
259 2717 325 2753 est
370 2708 558 2755 locutio.
615 2711 678 2757 cs.
712 2711 821 2757 infr.
855 2714 924 2764 13.
961 2714 1005 2759 3.

107 2769 176 2822 14,
195 2766 267 2812 57.
303 2766 372 2815 16,
395 2765 466 2810 32.

162 2851 276 2896 CAP.
297 2849 367 2895 54.
424 2852 634 2895 tramisit
654 2852 870 2898 Lesbum.
932 2854 1009 2901 Sic

106 2908 214 2954 infr.
237 2925 276 2952 c.
300 2908 371 2952 59.
401 2911 529 2964 Aegy
562 2917 663 2952 eum
680 2913 1006 2969 proficiscitur.

105 2967 165 3014 εἴ.
194 2966 466 3012 Ramsborn.
499 2925 580 3011 (fr.
618 2967 659 3022 S.
688 2968 783 3016 134.
824 2969 929 3015 Not.
964 2973 1004 3015 1.

106 3042 151 3086 p.
175 3023 276 3069 239.
327 3022 505 3091 ¹Eadem
526 3033 753 3069 structura
776 3036 840 3072 est
865 3029 933 3079 12,
949 3029 1007 3074 82

104 3093 147 3129 ει
170 3085 240 3128 51.
282 3079 397 3125 But.
422 3082 462 3135 3,
480 3084 552 3127 42.
579 3082 651 3127 43.
676 3083 747 3128 85.

106 3154 875 3271 „0'ssass‘z‘flt1'531.7,·.5;21523.
911 3156 1007 3259 .‘;;.‘;

105 3270 324 3315 bonorem
361 3284 509 3313 cusus.
583 3270 824 3328 spanhem.
857 3274 909 3317 de
942 3272 1005 3318 U.

105 3337 147 3373 et
169 3327 219 3371 Ρ.
242 3326 341 3371 NN.
362 3327 417 3375 2,
448 3343 491 3386 p.
516 3326 603 3370 277
626 3335 667 3370 et
691 3328 793 3372 490.
842 3330 1007 3376 Eekhel

104 3386 164 3430 D.
189 3385 244 3429 N.
268 3384 324 3428 N.
348 3382 443 3430 vot.
470 3384 514 3428 6.
546 3401 590 3444 p.
615 3385 715 3429 214.

161 3457 363 3523 internis
389 3486 399 3498 .
426 3486 438 3499 .
464 3487 474 3497 .
485 3454 661 3522 [ςεεᾳε.
720 3456 839 3515 Apte
868 3458 900 3500 l.
927 3457 1002 3501 Fr.

105 3511 372 3560 Gronovius
396 3512 632 3571 adscripsit
658 3511 774 3558 loce.
828 3513 924 3559 Cic.
948 3515 1001 3558 ad

1080 1151 1359 1254 Q.2Fr.51,²g,
1379 1153 1423 1197 8.
1449 1153 1503 1198 ad
1526 1153 1654 1199 Fam.
1676 1152 1718 1209 3,
1741 1157 1781 1200 1.
1805 1157 1860 1201 ad
1886 1159 1979 1204 ΑΗ.

1075 1211 1120 1266 6,
1174 1242 1188 1255 .
1249 1244 1261 1263 ,
1343 1243 1355 1254 .

1132 1283 1271 1312 sacra
1290 1268 1677 1316 Samothracum.
1739 1270 1798 1316 cf.
1813 1273 1976 1318 Schel-

1076 1326 1204 1379 ling,
1238 1328 1350 1368 iiber
1370 1328 1447 1370 die
1477 1326 1748 1372 Gotth'eiten
1772 1345 1867 1373 von
1882 1335 1981 1377 Sa·-

1075 1386 1335 1427 motor-ace.
1364 1383 1490 1429 1815.
1535 1385 1684 1430 Varro
1708 1387 1912 1445 de,L„L.
1941 1392 1981 1444 4,

1084 1443 1152 1484 10.
1178 1441 1338 1485 Strabo
1356 1443 1423 1494 10,
1443 1458 1488 1501 p.
1502 1441 1604 1486 470.
1636 1443 1831 1490 Diodor.
1851 1446 1891 1497 5,
1902 1448 1980 1494 47.

1139 1498 1296 1553 Igitur
1336 1502 1467 1543 adito
1506 1500 1602 1543 Ilio
1641 1518 1850 1560 quaeque
1892 1516 1981 1551 etc.

1083 1553 1198 1598 Cod.
1227 1555 1329 1599 MS.
1357 1565 1456 1600 test.
1481 1557 1676 1603 Pichena
1712 1561 1852 1615 igitur
1884 1565 1983 1607 alio

1081 1628 1292 1670 quaeque
1318 1622 1404 1658 etc.
1436 1631 1570 1672 quam
1595 1618 1861 1677 scripturam
1888 1638 1986 1667 non

1081 1670 1186 1715 satis
1216 1671 1407 1716 feliciter
1434 1671 1775 1719 Woltmannus
1807 1677 1867 1722 ita
1899 1679 1985 1725 de-

1080 1729 1249 1780 fendit,
1294 1739 1343 1773 ut
1376 1745 1583 1787 quaeque
1613 1732 1660 1776 in
1696 1750 1821 1778 num.
1862 1737 1981 1796 sing.

1080 1786 1272 1846 accipiat
1300 1787 1553 1846 referatque
1576 1789 1632 1833 ad
1657 1793 1840 1836 Asiam.
1861 1826 1873 1832 -
1901 1794 1984 1838 ln-

1080 1852 1375 1903 terpretatur:
1395 1848 1582 1891 Anders
1601 1849 1680 1891 hin
1702 1851 1805 1892 also
1816 1852 1985 1896 sehaut

1083 1917 1133 1943 er
1144 1903 1290 1945 Asien
1310 1903 1506 1953 wieder,
1532 1907 1620 1948 wie
1640 1921 1691 1949 es
1708 1909 1822 1949 dort
1835 1911 1985 1957 dunch

1089 1959 1308 2003 Wechsel
1341 1963 1426 2005 des
1462 1961 1637 2006 Glitcks
1679 1966 1776 2006 und
1813 1981 1985 2011 unsern

1083 2016 1327 2073 Ursprung
1341 2021 1826 2076 verehrungswitrdig.
1850 2022 1983 2080 Quae

1080 2073 1115 2117 si
1154 2073 1299 2118 verbis
1331 2075 1478 2119 latinis
1513 2076 1691 2131 insunt,
1742 2080 1866 2138 quod
1897 2099 1985 2127 ne-

1081 2131 1596 2235 piinimpersuaggbituq,
1635 2136 1724 2237 Ere}³
1745 2147 1984 2241 propffirea

1100 2205 1186 2232 ocu
1301 2206 1356 2233 ro
1450 2207 1526 2235 rru
1582 2209 1609 2236 o
1669 2211 1692 2238 a
1728 2210 1798 2240 e0.
1910 2214 1986 2243 am

1080 2246 1230 2306 inepta
1252 2206 1374 2292 siint.
1435 2209 1583 2293 Cetelii
1605 2251 1871 2310 interpretes
1892 2255 1996 2309 edi.

1079 2312 1296 2363 toresque
1324 2305 1380 2350 ad
1412 2321 1556 2351 unum
1590 2324 1748 2354 omnes
1780 2311 1835 2356 de
1867 2313 1983 2358 vitio

1080 2362 1184 2407 cod.
1200 2362 1303 2407 MS.
1330 2365 1618 2410 consentiunt
1643 2367 1981 2430 innumerisque

1080 2420 1468 2465 emendationibus
1523 2423 1682 2468 locum
1746 2436 1981 2487 exornant.

1077 2477 1161 2523 Ed.
1176 2478 1384 2523 Beroald.
1408 2482 1644 2534 depulere.
1683 2482 1841 2537 Igitur
1863 2487 1981 2529 alia·

1079 2552 1169 2594 que
1193 2552 1314 2593 quae
1338 2538 1400 2579 ibi
1428 2541 1653 2582 varietate
1669 2540 1906 2596 fortunae
1934 2551 1983 2587 et

1078 2595 1230 2638 nostri
1256 2594 1437 2650 origine
1469 2601 1755 2641 veneranda.
1876 2616 1981 2645 uam

1079 2651 1305 2695 rationem
1369 2667 1515 2711 nuper
1579 2653 1777 2699 defendit
1883 2658 1978 2704 oth.

1084 2709 1255 2763 (Neues
1268 2709 1434 2752 Archiv
1446 2710 1540 2764 [ἂν
1561 2711 1728 2756 Plu'lol.
1747 2718 1846 2758 und
1866 2715 1978 2759 Pae·

1079 2770 1188 2821 dag.
1229 2765 1323 2810 Mai
1360 2767 1483 2811 1829.
1529 2784 1597 2812 nr.
1626 2770 1722 2827 22).
1785 2771 1978 2818 Sensum
2025 2787 2028 2790 ⁴

1081 2822 1337 2868 constituit:
1388 2824 1564 2882 „igitur
1609 2825 1743 2872 etiam
1788 2829 1977 2886 reliqua,

1080 2896 1192 2940 quae
1217 2880 1264 2924 in
1293 2881 1369 2927 illo
1397 2882 1507 2926 mari
1535 2883 1746 2929 varietate
1766 2886 1975 2932 fortunae

1079 2939 1369 2983 memoranda
1393 2940 1516 2995 (nam
1540 2939 1640 2987 leve
1663 2957 1848 3002 zeugma
1871 2946 1976 2990 sub·

1079 2997 1163 3053 est)
1198 3005 1238 3040 et
1273 2996 1415 3040 nostri
1449 2996 1623 3057 origine
1645 3003 1899 3047 veneranda
1926 3003 1976 3046 li·

1079 3062 1149 3098 cet
1181 3053 1327 3106 adire,
1373 3052 1656 3115 relinquens,
1706 3058 1798 3104 sive
1837 3067 1976 3105 trans·

1079 3112 1286 3166 mittens,
1311 3110 1444 3156 Asiae
1466 3127 1590 3158 orant
1615 3116 1759 3173 legere
1786 3119 1977 3176 pergit.”

1079 3169 1170 3213 Sed
1182 3168 1284 3214 cod.
1294 3169 1395 3214 MS.
1410 3172 1504 3213 ale'o
1516 3186 1724 3231 qemeque
1736 3174 1864 3218 habet
1881 3191 1974 3220 non

1080 3229 1283 3283 aliaque.
1326 3225 1561 3273 Victorius
1586 3238 1748 3275 textum
1766 3232 1974 3278 Beroald.

1082 3284 1298 3330 intactum
1343 3282 1545 3344 reliquit,
1593 3290 1694 3347 quia
1733 3289 1836 3333 cod.
1870 3289 1973 3335 MS.
2022 3288 2030 3305 ‘

1081 3342 1402 3388 corbeiensem
1428 3359 1519 3387 non
1543 3346 1749 3390 contulit.
1803 3346 1973 3392 Eadem

1077 3415 1181 3444 cum
1222 3399 1447 3445 Beroaldo
1488 3411 1530 3445 ct
1572 3404 1688 3446 Amo
1735 3402 1973 3450 Rhenanus

1075 3458 1206 3502 babet
1230 3458 1276 3502 in
1297 3465 1524 3503 contextu.
1589 3461 1638 3503 ln
1663 3460 1880 3519 castigatt.
1906 3478 1973 3505 ar-

1075 3514 1265 3560 bitratur
1283 3514 1489 3561 Tacitum
1520 3518 1746 3577 scripsisse
1770 3518 1857 3565 sic:
1885 3527 1966 3565 At·

1303 3577 1454 3636 ΜΞ
