2222 4030
268 180 364 223 xn
618 167 620 170 ’
890 160 1495 228 PRAEFATIO.

265 294 610 355 tuordecim.
695 289 925 350 Novem
952 293 1189 369 penitus
1227 295 1560 371 perierunt,
1604 311 1918 373 supersunt
1953 312 2122 378 quat-

266 394 403 439 tuor
425 377 638 453 integri
666 387 722 434 et
739 377 980 435 initium
1010 379 1152 436 libri
1187 381 1400 456 quinti.
1487 380 1569 438 At
1605 394 1742 439 sunt
1775 385 1880 460 qui
1913 406 2122 443 nume-

265 486 400 523 rum
448 462 915 541 quattuordecim
963 463 1257 522 librorum
1303 467 1480 522 rebus
1525 478 1711 543 usque
1759 471 1833 525 ad
1862 466 2122 527 Nervam

267 548 611 607 enarrandis
655 541 815 604 haud
861 549 1156 606 suffecisse
1195 561 1419 624 putent.
1508 549 1707 624 Quare
1753 554 2124 629 suspicantur

263 634 699 711 Hieronymum
744 644 899 689 recte
950 633 1189 709 quidem
1242 634 1454 691 dixisse
1505 637 1745 711 triginta
1800 639 2125 710 volumina,

264 721 480 798 quibus
507 717 749 776 Tacitus
778 714 1075 775 Historias
1108 718 1382 776 videatur
1417 720 1698 792 edidisse,
1742 723 1888 780 falso
1925 736 2121 781 autem

261 806 512 862 eundem
538 803 974 880 Hieronymum
1011 803 1115 860 illo
1149 824 1396 861 numero
1427 819 1744 885 utrumque
1774 828 1950 886 opUS,
1985 799 2125 866 'An-

259 891 491 950 nalium
525 899 582 946 et
611 886 1041 959 Historiarum,
1086 908 1208 945 esse
1246 890 1634 964 complexum.
1718 894 1790 953 cf.
1815 888 2122 960 Niebuhr,

262 973 406 1032 iiber
442 969 556 1031 den
588 965 999 1031 Unterschied
1026 967 1334 1031 zWischen
1361 970 1651 1051 Annalen
1691 973 1826 1033 und
1845 975 2122 1035 Historie

261 1061 350 1118 in:
387 1053 752 1116 Rheinisc‘h.
782 1053 1070 1115 Museum
1099 1057 1222 1137 fiir
1253 1051 1608 1136 Philologie
1646 1072 1751 1120 etc.
1813 1060 1890 1122 II.
1917 1059 2120 1138 Jahrg.

260 1144 502 1214 2.Heft‚
533 1164 591 1220 p.
613 1141 741 1201 293
768 1162 893 1220 sqq.
981 1142 1098 1200 Sed
1123 1143 1221 1199 vix
1247 1144 1525 1201 credibile
1559 1157 1643 1202 est
1665 1143 2122 1225 Hieronymum,

261 1231 364 1307 qui
389 1231 605 1286 diserte
642 1227 807 1285 addit
833 1233 972 1308 post
998 1222 1345 1304 Augustum
1376 1248 1562 1309 usque
1589 1226 1683 1286 ad
1702 1240 1948 1290 mortem
1976 1229 2133 1290 Do-v

260 1313 538 1381 mitiani,
594 1314 772 1370 istum
812 1332 989 1390 quem
1027 1313 1323 1388 imputant
1360 1336 1620 1372 errorem
1659 1318 2014 1375 commisisse
2055 1319 2120 1374 in

256 1422 320 1458 re
346 1399 614 1458 litteratis
638 1411 778 1455 tunc
810 1398 1091 1472 temporis
1113 1394 1458 1456 hominibus
1479 1396 1636 1458 haud
1671 1401 1849 1459 dubie
1884 1404 2122 1460 tritissi-

257 1507 371 1547 ma.
457 1480 626 1543 Nihil
659 1494 860 1539 contra
897 1483 1183 1553 dicerem,
1227 1485 1276 1540 si
1304 1486 1555 1560 scriptor
1577 1486 1679 1542 ille
1703 1488 1898 1544 verbis
1921 1489 2122 1564 proxi-

254 1592 350 1627 me
374 1570 627 1627 laudatis
650 1587 774 1623 non
799 1568 1082 1642 expressis
1122 1569 1468 1644 simpliciter
1504 1571 1766 1628 dixisset:
1812 1573 1923 1652 qui
1961 1572 2119 1629 vitas

255 1650 598 1714 Caesarum
638 1649 902 1728 triginta
939 1649 1351 1730 voluminibus
1390 1655 1690 1713 exaravit.
1775 1655 2051 1716 Ceterum
2089 1679 2120 1715 e

255 1740 537 1817 temporis
595 1737 812 1814 spati0‚
879 1739 1040 1813 quod
1105 1740 1443 1813 superstites
1508 1739 1909 1799 Historiarum
1975 1744 2119 1800 libri

257 1827 753 1902 complectuntur,
793 1817 949 1878 nihil
973 1823 1117 1880 certi
1143 1820 1378 1880 deliniri
1402 1836 1591 1899 potest
1614 1826 1686 1882 de
1715 1847 1960 1884 numero
1985 1848 2121 1904 per-

256 1913 518 1969 ditorum
554 1910 881 1976 librorum,
946 1908 1050 1983 qui
1104 1909 1354 1966 debebat
1399 1929 1718 1983 congruere
1766 1932 1891 1969 non
1928 1913 2118 1982 anniS,

257 1998 355 2053 sed
385 1997 560 2053 rebus
595 1993 784 2067 gestis,

279 2195 281 2202 ,
433 2138 482 2215 ἓ.
514 2137 609 2195 12.
666 2129 1015 2191 Annalium
1044 2130 1211 2191 libri.
1294 2133 1422 2192 Hos
1452 2135 1741 2210 prodiisse
1777 2149 1910 2212 post
1943 2138 2117 2194 abso-

260 2226 450 2281 lutum
511 2220 913 2278 Historiarum
979 2240 1126 2296 opus
1190 2221 1360 2277 docet
1422 2223 1584 2284 locus
1643 2218 1803 2281 Ann.
1859 2221 1967 2292 XI,
2018 2223 2115 2283 11.

257 2306 594 2387 Utriusque
622 2303 921 2386 principis
951 2303 1219 2363 rationes
1253 2305 1666 2385 praetermitto
1699 2306 1856 2364 satis
1885 2327 2116 2363 narra-

257 2403 356 2449 tas
395 2391 607 2457 libris,
664 2388 886 2472 quibus·
928 2409 1020 2446 res
1061 2389 1447 2470 imperatoris
1471 2387 1840 2448 Domitiani
1878 2412 2114 2472 compo-

251 2477 368 2535 sui.
476 2477 825 2535 Accuratius
860 2476 1035 2532 etiam
1078 2476 1355 2533 editionis
1389 2489 1618 2552 tempus
1650 2479 1882 2534 definiri
1926 2469 2118 2553 potest

257 2587 285 2618 e
335 2566 462 2620 loco
515 2559 675 2621 Ann.
712 2559 791 2631 II,
823 2560 924 2621 61.
981 2557 1167 2617 Exin
1229 2568 1464 2617 ventum
1515 2557 1983 2641 Elephantinen
2042 2582 2116 2618 ac

257 2645 525 2725 Syenen,
589 2643 864 2703 claustra
914 2642 1062 2702 olim
1099 2641 1386 2703 Romani
1422 2645 1690 2726 imperii,
1752 2644 1923 2728 quod
1955 2667 2115 2704 nunc

258 2732 505 2790 rubrum
535 2727 627 2788 ad
647 2751 815 2788 mare
835 2730 1108 2812 patescit.
1191 2730 1463 2808 Namque
1489 2734 1563 2788 ad
1599 2729 1760 2790 hunc
1791 2734 2112 2790 terminum

258 2817 551 2876 Traianus
594 2817 910 2892 imperium
949 2827 1328 2891 promoverat
1375 2818 1745 2892 expeditione
1787 2819 1853 2873 in
1891 2814 2115 2874 Orien-

256 2917 376 2959 tem
419 2904 569 2960 facta
611 2922 704 2961 an.
740 2904 870 2962 urb.
901 2901 1042 2960 867.
1076 2913 1132 2961 et
1170 2900 1312 2961 868.
1354 2898 1437 2978 (p.
1470 2899 1608 2961 Chr.
1650 2899 1790 2958 114.
1829 2913 1885 2958 et
1927 2898 2111 2980 115.).

259 2987 443 3062 Igitur
478 2986 658 3044 scribi
690 2987 790 3042 illa
827 2987 1224 3064 nequiverunt
1248 2997 1382 3043 ante
1411 3007 1505 3046 an.
1531 2988 1662 3045 urb.
1695 2984 1833 3045 868.

425 3097 699 3157 Ceterum
737 3097 801 3152 in
837 3098 1139 3155 codicibus
1165 3095 1343 3156 MSS.
1379 3097 1792 3173 veteribusque
1830 3097 2112 3156 editioni-

257 3189 368 3243 bus
393 3186 512 3242 duo
537 3202 715 3258 opera
740 3178 1068 3239 Annalium
1101 3194 1158 3240 et
1181 3180 1582 3238 Historiarum
1618 3182 1699 3239 ita
1734 3182 2110 3255 coniungun-

257 3284 383 3340 tur,
423 3282 493 3327 ut
527 3287 716 3326 unum
751 3267 1066 3324 videantur
1103 3268 1326 3324 efficere
1364 3279 1866 3344 numerenturque
1903 3265 2111 3324 Histo-

254 3359 478 3413 riarum
511 3352 653 3411 libri
684 3362 818 3428 post
844 3347 1172 3409 Annalium
1213 3353 1413 3409 eadem
1448 3352 1611 3412 serie.
1696 3349 1779 3410 At
1812 3353 2107 3409 diversum

257 3461 376 3498 esse
404 3453 720 3515 utrumque
744 3456 892 3513 opus
916 3437 1264 3514 diversoque
1288 3449 1550 3514 tempore
1581 3438 1806 3495 editum
1843 3438 1979 3495 satis
2013 3437 2110 3493 in-
