2222 4030
286 163 445 211 xxvl
909 143 1507 210 PRAEFATIO.

283 269 598 346 „Cornelii
626 267 823 327 Taciti
850 265 1092 353 Ῑιίἑῑοτίς
1125 270 1560 352 aug11st92nec
1599 292 1725 329 non
1754 274 1845 330 de
1868 274 1985 332 situ
2015 295 2145 333 mo-

287 359 501 431 „ribus
542 366 598 413 et
634 354 890 439 populis
907 359 1200 437 germanie
1250 359 1515 416 libellus:
1588 378 1654 414 ac
1695 359 1768 414 de
1813 362 2146 418 oratoribus

285 445 602 516 „dialogus
652 436 956 500 foeliciter
995 441 1291 519 explicitit.
1404 443 1674 509 Venetiis
1726 444 1980 502 fideliter
2021 445 2146 504 Im-

240 606 242 609 ·
286 528 519 605 „pressi
547 545 622 584 ae
643 524 992 604 diligenter
980 526 1281 598 emendati
1309 541 1366 595 p
1380 525 1665 605 Philippu
1699 530 1862 604 pinei
1894 533 2145 607 sumpti-

284 616 443 687 „bus
489 609 886 670 nobilis-viri
926 613 1379 672 dfiiABenedicti
1427 615 1691 673 fontana.
1803 610 1987 674 Anno
2037 616 2146 673 dfii

281 695 861 771 „MCCCCXCVIL
893 699 1014 760 die.
1061 696 1279 759 XXII.-
1303 697 1538 760 Marcii.
1651 698 2007 775 Imperante
2054 722 2147 758 53-

278 774 666 859 „pietissimo
687 783 808 840 dno
832 779 1203 859 Augustino
1222 782 1583 842 Barbadico
1583 786 2046 884 prudentissimi
2079 808 2146 843 ac

281 863 737 942 „Inuietiss'imi
758 866 1049 927 Senatus
1077 867 1464 927 venetiarum
1510 873 1658 928 duce
1714 871 2130 931 serenissim0.'

275 953 387 1014 Est
407 952 684 1032 repetitio
700 953 859 1010 ‘libri
882 951 1361 1017 Mediolanensis
1379 958 1572 1031 neque
1594 954 1912 1012 ‘Puteolani
1930 958 2143 1019 *studio

274 1038 455 1109 facta.
543 1038 730 1098 Nova·
753 1037 1022 1097 subsidia
1048 1060 1087 1096 e
1123 1038 1297 1099 codd.
1337 1037 1519 1100 MSS.
1554 1036 1719 1096 huic
1733 1041 2031 1111 editionis
2061 1054 2145 1099 ut

273 1126 566 1195 videtur,
603 1141 732 1181 non
760 1123 1157 1195 accesserunt3
1198 1121 1569 1201 quanquam
1585 1123 1884 1201 pluribus
1925 1127 2081 1184 loois
2108 1148 2144 1184 a

271 1212 429 1269 libro
457 1207 900 1267 Mediolanensi
927 1209 1071 1267 cum·
1085 1204 1403 1286 operatum
1427 1209 1598 1286 lapsu
1625 1222 1759 1268 tum
1777 1210 2145 1269 'emendatio-

274 1293 371 1354 nis
396 1295 568 1355 causa
590 1292 880 1354 deflectit.
952 1292 1045 1352 In
1043 1315 1139 1352 eo
1154 1295 1459 1371 exemplo,
1476 1296 1659 1373 quod
1685 1292 1876 1352 mihti
1867 1317 1897 1353 e
1912 1297 2143 1355 biblio-

273 1378 444 1441 theca
474 1382 608 1441 duc,
635 1378 944 1442 Guelfierh.
982 1378 1439 1479 suppeditatum'
1458 1393 1574 1452 est,
1614 1402 1740 1438 non
1771 1381 1956 1440 exstat
1987 1379 2140 1440 Vita

270 1462 632 1545 Agricolae,
668 1486 829 1543 quae
855 1468 1121 1525 accedit
1103 1486 1170 1534 m
1193 1467 1325 1523 aliis
1348 1487 1513 1534 nova
1537 1478 1594 1524 et
1623 1468 1855 1525 diversa
1877 1488 1922 1525 3
1941 1469 2142 1567 priore

270 1549 634 1622 litterarum,
661 1551 897 1649 quihus
935 1552 1357 1630 quaterniones
1388 1564 1808 1642 numerantur,
1857 1554 2007 1611 seri-e
2043 1554 2141 1611 in-

269 1639 321 1697 si
360 1638 473 1698 nis,
529 1664 532 1667 ·
1191 1663 1193 1665 ¹
1285 1661 1288 1663 ’
1344 1659 1347 1662 ’
1834 1661 1837 1664 ·
2073 1683 2076 1687 .

308 1657 358 1714 g
423 1720 668 1781 Eadem
691 1680 1030 1779 Puteolani
1051 1717 1236 1779 editio
1258 1723 1506 1798 repetita
1534 1723 1620 1781 est
1643 1742 1753 1804 per
1775 1720 1835 1781 I.
1858 1677 2141 1795 Bivium,

267 1759 452 1879 Vens,
495 1805 545 1870 I.
566 1805 846 1878 RubeuS,
888 1805 1023 1868 XX.
1051 1805 1164 1869 Iul.
1197 1804 1411 1868 1512.
1469 1807 1666 1883 Quem
1703 1810 1927 1867 librum
1972 1811 2142 1887 equi-

267 1896 406 1953 dem
450 1913 576 1951 non
624 1893 775 1950 vidi
845 1894 1195 1951 consuluere
1232 1893 1503 1971 Ryckius
1549 1907 1606 1953 et
1641 1892 1957 1958 Ernestius
2012 1896 2139 1951 sine

266 2000 486 2055 magno
532 1979 750 2037 fructu.
849 1974 981 2036 Sed
1020 1975 1351 2037 Walchius
1396 1980 1462 2035 in
1511 1981 1756 2056 praefat.
1807 1981 1897 2042 ed.
1938 1974 2138 2055 Agric.

264 2086 330 2142 p.
351 2063 486 2126 VII.
516 2074 572 2122 et
592 2046 762 2124 VIII.
798 2073 1046 2121 testatur
1074 2063 1265 2121 inesse
1293 2058 1766 2137 emendationeS‚
1809 2086 1960 2144 quae
1988 2067 2138 2123 falso

265 2144 399 2235 aliis
434 2143 767 2208 editoribus
797 2147 1157 2210 tribuantur.

440 2234 491 2313 ἓ.
527 2234 632 2295 22.
700 2228 927 2290 Editio
968 2227 1263 2315 Philippi
1297 2228 2135 2294 Beroaldi.1nscribitur:

263 2310 485 2392 Publii
527 2313 814 2382 Cornelii
846 2315 1063 2377 Taciti
1106 2315 1261 2378 libri
1309 2315 1576 2402 quinque
1625 2319 1856 2378 noviter
1908 2319 2141 2379 inventi

261 2413 445 2489 atque
473 2426 605 2464 cum
643 2402 898 2487 reliquis
929 2404 1058 2464 eius
1091 2401 1371 2487 operibus
1401 2401 1566 2464 editi.
1647 2406 1884 2465 Prodiit
1908 2396 2137 2467 Romae

263 2514 360 2553 an.
398 2515 456 2592 p.
491 2489 635 2551 Chr.
681 2487 864 2554 1515.
887 2490 1021 2574 Kal.
1049 2491 1258 2563 Mart„
1296 2494 1488 2550 forma
1523 2493 1796 2553 maxima.
1901 2489 2136 2569 Operae

263 2579 522 2656 pretium
546 2589 632 2651 est
653 2597 926 2648 noscere,
971 2598 1121 2655 quae
1141 2576 1517 2636 Beroaldus
1501 2599 1566 2634 ln
1594 2577 1958 2654 praefatione
1991 2579 2136 2635 scri-

263 2666 381 2742 psit
428 2666 503 2722 ad
547 2662 882 2723 Lectorem:
967 2659 1354 2737 ‚,Quon1am,
1419 2663 1645 2740 inquit,
1713 2676 1881 2721 vetus
1932 2665 2135 2733 codex,

264 2751 475 2822 „unde
525 2746 688 2808 hunc
734 2749 932 2825 ipsum
973 2749 1431 2806 describendum
1479 2760 1654 2825 atque
1699 2748 2135 2821 inuulgandum

264 2881 298 2907 ‚‚
315 2835 550 2905 curaui,
591 2835 866 2909 pluribus
892 2835 1125 2891 mendis
1154 2846 1358 2904 scatet,
1398 2854 1653 2911 aequum
1687 2825 1926 2891 uidetur
1951 2833 2136 2892 lecto-

267 2941 440 2992 „rem
468 2920 534 2976 in
559 2920 753 2995 primo
781 2921 951 2998 quasi
985 2921 1179 2996 operis
1212 2921 1420 2988 limine
1452 2919 1688 2976 consilii
1720 2919 1870 2988 mei,
1915 2939 2031 2994 quo
2069 2918 2133 2973 in

269 3002 431 3078 „hoc
471 3016 596 3063 toto
631 3005 875 3078 negocio
912 3026 1043 3064 sum
1079 3026 1249 3076 usim,
1307 3006 1643 3063 admonere.
1730 3001 2000 3080 Namque
2040 3024 2134 3059 er-

272 3110 477 3164 „rores
526 3090 631 3167 qui
674 3101 947 3165 poterant
995 3092 1185 3148 nulla
1212 3089 1558 3148 temeritatis
1610 3099 1751 3145 nota
1811 3089 2132 3158 emendari,

267 3172 604 3249 „consultis
630 3175 823 3252 primo
853 3177 1162 3234 nonnullis
1199 3176 1444 3233 eruditis
1476 3187 1532 3231 et
1560 3175 1709 3231 acris
1746 3173 1955 3231 iudicii
1985 3173 2132 3230 uiris

270 3309 305 3334 ‚‚
320 3262 566 3322 correxi.
666 3260 749 3317 At
785 3282 932 3337 quae
976 3262 1104 3318 loca
1143 3261 1210 3317 in
1247 3282 1306 3318 se
1342 3262 1630 3318 maiorem
1674 3261 1739 3315 in
1783 3259 2129 3332 corrigendo

272 3395 307 3419 „
321 3348 725 3404 difficultatem
774 3342 991 3402 habere
1043 3348 1432 3416 videbantur,
1499 3346 1647 3403 sicut
1695 3356 1861 3401 erant
1898 3343 2131 3420 reliqui,

269 3433 597 3509 „appositis
627 3431 898 3488 interiori
924 3433 1179 3502 margini
1205 3432 1484 3501 stelluliS‚
1529 3451 1676 3507 quae
1711 3430 1996 3487 uitiosum
2032 3449 2131 3485 co-
