2222 4030
248 225 378 284 200
926 221 983 282 A
994 222 1115 283 NN
1126 221 1181 282 A
1195 224 1245 282 L
1260 224 1286 280 1
1301 223 1352 282 U
1367 222 1436 280 Μ
1548 296 1549 303 ¹
1726 225 1729 228 ’
1806 222 1930 302 {fg-
1947 225 2028 304 ⁷1⁷3]

251 350 671 428 praetuleritne
713 352 982 410 veneficii
1023 353 1218 426 signa,
1270 372 1483 428 parum
1513 352 1792 414 constitit.
1875 378 2015 415 nam
2047 370 2114 416 ut

252 436 385 514 quis
421 436 822 494 misericordia
863 438 928 494 in
965 436 1387 494 Germanicum
1425 448 1481 492 et
1515 452 1888 514 praesumpta
1922 444 2116 519 suspi-

253 522 420 578 cione
458 532 561 578 aut·
594 523 797 580 favore
832 523 901 579 in
938 522 1214 580 Pisonem
1253 523 1526 597 pronior,
1571 524 1791 579 diversi
1820 526 2114 602 interpre-

257 616 479 664 tantur.

419 699 698 762 LXXIV.
782 701 1195 760 Consultatum
1233 700 1372 757 inde
1410 702 1567 759 inter
1606 703 1851 778 legatOS,
1896 707 2112 784 quique

252 786 355 843 alii
404 798 747 851 senatorum·
789 788 1067 853 aderant,
1124 785 1397 861 quisnam
1431 786 1634 864 Syriae
1677 792 2111 864 praeficeretur:

253 883 310 927 et
335 872 538 928 ceteris
562 873 792 928 modice
816 871 960 926 nisis
984 871 1139 926 inter
1162 869 1408 926 Vibium
1436 870 1707 929 Marsum
1740 887 1795 931 et
1821 873 1928 935 Cn.
1960 877 2111 934 Sen-

249 957 402 1014 tium
439 957 543 1014 diu
576 957 932 1033 quaesitum:
979 955 1119 1012 dein
1141 953 1378 1012 Marsus
1417 957 1638 1012 seniori
1669 970 1724 1015 et
1756 961 1946 1016 acrius
1980 975 2112 1019 ten-

249 1041 416 1098 denti
449 1039 653 1099 Sentio
693 1039 993 1099 concessit.
1081 1038 1253 1115 Isque.
1293 1041 1573 1096 infamem
1611 1045 1910 1101 veneficiis
1942 1066 2008 1103 ea
2046 1048 2111 1103 in

246 1126 555 1202 provincia
596 1137 651 1181 et
682 1125 1002 1181 Plancinae
1040 1145 1343 1199 percaram
1385 1126 1627 1182 nomine
1667 1126 1992 1186 Martinam
2029 1132 2111 1187 ¹in

247 1211 457 1269 urbem
481 1211 641 1265 misit
662 1210 1099 1284 postulantibus
1121 1207 1368 1266 Vitellio
1396 1231 1461 1267 ac
1486 1209 1744 1269 Veranio
1774 1216 2110 1293 ceterisque,

247 1296 351 1373 qui
375 1296 620 1352 crimina
659 1307 715 1352 et
754 1295 1185 1351 accusationem
1222 1306 1503 1372 tanquam
1542 1298 1819 1356 adversus
1849 1314 2109 1377 receptos

246 1381 365 1437 iam
395 1400 525 1436 reos
550 1381 938 1438 instruebant.

411 1477 656 1538 LXXV.
745 1477 827 1536 At
858 1474 1189 1554 Agrippina
1225 1499 1564 1556 quanquam
1597 1482 1818 1538 defessa
1854 1483 2018 1540 luctu
2054 1486 2112 1541 et

245 1584 488 1639 corpore
521 1583 692 1637 aegro
729 1564 998 1620 omnium
1031 1576 1259 1633 tamen,
1304 1585 1452 1641 quae
1486 1566 1776 1623 ultionem
1803 1589 2110 1625 moraren-

243 1661 370 1717 tur,
424 1650 748 1706 intolerans
789 1649 1049 1705 ascendit
1081 1650 1322 1704 classem
1358 1671 1492 1705 cum
1528 1651 1824 1709 cineribus
1857 1651 2108 1710 Germa-

242 1735 364 1791 nici
402 1747 459 1791 et
493 1735 722 1804 liberis,
789 1734 1205 1790 miserantibus
1245 1735 1469 1791 cunctis
1523 1738 1682 1812 quod
1731 1739 1951 1795 femina
1995 1760 2108 1795 no-

242 1819 470 1876 bilitate
505 1820 808 1895 princePS,
850 1815 1253 1895 pulcherrimo
1286 1821 1464 1876 modo
1494 1821 1907 1893 matrimonio,
1952 1824 2110 1882 inter

240 1905 575 1962 venerantis
621 1905 1017 1981 gratantisque
1065 1905 1247 1980 aspici
1289 1905 1489 1976 solita,
1554 1918 1694 1963 tunc
1732 1908 1929 1964 feralis
1966 1911 2107 1965 reli-

242 1990 410 2066 quias
449 1989 586 2046 sinu
615 1991 819 2059 ferret,
872 1991 1096 2046 ineerta
1133 1989 1407 2059 ultioniS‚
1451 1992 1622 2047 anxia
1664 1993 1756 2049 sui
1796 2006 1851 2050 et
1882 1994 2106 2051 infelici

241 2076 602 2133 fecunditate
638 2077 910 2132 fortunae
944 2075 1159 2132 totiens
1192 2075 1465 2135 obnoxia.
1551 2074 1829 2134 Pisonem
1867 2078 2106 2137 interim

1207 2301 1250 2338 et
1275 2293 1381 2338 alibi
1408 2294 1646 2351 sitSyria,
1653 2303 1843 2340 recentt.
1870 2296 1969 2341 edd.
1995 2313 2102 2342 con-

241 2299 381 2336 turae
423 2293 815 2362 comprehendunt
854 2303 898 2337 et
938 2294 1133 2338 combu-

1206 2353 1390 2397 stantiae
1427 2369 1557 2397 causa
1589 2363 1633 2397 et
1667 2354 1740 2397 hic
1781 2354 1982 2398 scribunt
2013 2355 2102 2412 Sy-

239 2351 431 2395 stionem
458 2361 501 2394 et
535 2353 739 2395 cinerum
770 2353 1140 2395 collocationem:

240 2407 501 2453 Germanici
552 2418 700 2452 tamen
753 2408 925 2452 cineres
964 2408 1134 2452 Romae

239 2473 345 2509 sunt
373 2466 560 2511 conditi.
613 2466 670 2509 cf.
692 2466 733 2516 3,
759 2468 850 2510 let
872 2465 915 2508 4.
979 2465 1134 2521 Quare

239 2522 493 2581 sepulturae
533 2522 804 2566 vocabulum
850 2522 922 2566 hie
959 2530 1133 2568 tantum

239 2580 293 2624 de
323 2596 403 2624 eor
437 2596 515 2623 ore
549 2581 792 2624 cremando
821 2579 1134 2636 accipiendum

239 2646 319 2681 est.
406 2597 569 2704 &eque
619 2647 769 2680 tamen
802 2636 943 2680 defuit
978 2636 1163 2693 sepul-

240 2711 367 2738 crum
398 2695 568 2738 ibidem
609 2703 897 2739 exstructum.
940 2690 1003 2736 cf.
1026 2693 1134 2735 infr.

239 2767 277 2794 c.
303 2752 375 2796 83.
434 2751 650 2795 Similiter
684 2751 750 2803 13,
786 2753 853 2797 17.
885 2753 934 2793 in
968 2765 1133 2804 campo

239 2816 399 2852 tamen
419 2811 594 2853 Martis
615 2812 827 2864 sepultus
857 2809 918 2865 (h.
939 2824 977 2853 e.
1001 2823 1132 2851 com-

238 2865 414 2921 bustus)
442 2874 526 2911 est.

290 2925 641 2978 praetuleritne
702 2923 914 2979 veneficii
978 2937 1130 2977 mgna.

238 2976 436 3024 Uberius
478 2982 532 3024 de
579 2980 663 3024 hae
701 2997 751 3023 re
795 2981 903 3025 dicit
940 2979 1130 3024 sueton.

241 3035 339 3081 Cal.
363 3055 402 3080 e.
429 3040 466 3080 1.
530 3038 650 3081 Ptin.
679 3041 745 3090 11,
768 3038 840 3082 71.

294 3097 466 3137 di'versz
486 3097 898 3148 interpretantur.
929 3094 1006 3138 Sic
1029 3095 1131 3138 cod.

237 3149 340 3195 MS.
418 3150 537 3194 Editi
569 3168 727 3196 omnes
758 3154 1131 3208 interprete-bam

238 3216 335 3253 tur.
386 3206 473 3250 Sed
495 3209 656 3251 Noster
677 3211 786 3253 haec
806 3209 947 3254 refert
967 3225 990 3251 e
1014 3210 1130 3252 scri-

235 3265 442 3333 ptoribus
467 3264 588 3311 iliius
611 3268 776 3317 aetatis,
807 3268 887 3334 qui
907 3283 1005 3310 eam
1031 3283 1130 3308 rem

235 3323 434 3390 tetigere.
499 3322 795 3379 Kiesslingius
831 3324 963 3370 etiam
997 3324 1133 3367 resti-

238 3381 320 3423 tuit
349 3383 727 3432 interpretantur.

293 3436 508 3481 CAP.7⁴1-.
592 3438 777 3493 Syriae.
857 3435 974 3483 Edd.
1026 3437 1130 3481 Ber.

236 3492 378 3539 Rhen.
413 3510 515 3552 sqq.
560 3495 742 3538 Samae.
800 3492 879 3537 Sic
914 3504 958 3538 et
992 3511 1031 3539 c.
1055 3496 1128 3539 69.

235 3552 291 3596 77
322 3562 365 3597 ct
393 3553 464 3598 78.
524 3549 613 3595 Sed
649 3566 753 3596 cum
788 3566 828 3597 c.
854 3550 926 3598 43.
960 3551 1030 3597 55.
1058 3553 1127 3597 58.

1207 2411 1328 2452 rzfflae

1264 2474 1495 2522 tanquam
1519 2471 1759 2511 adversus·
1774 2477 1982 2522 receptos
2003 2471 2102 2512 iam

1206 2537 1314 2565 reos
1338 2526 1638 2567 instruebant.
1709 2527 1889 2568 Causae
1920 2527 2101 2575 instrui,

1205 2595 1274 2622 ret
1297 2583 1438 2635 recipi
1467 2582 1647 2640 proprie
1672 2582 1905 2632 dicuntur,
1939 2592 1993 2625 ut
2012 2585 2098 2626 do-
2171 2600 2174 2604 ’

1207 2648 1400 2681 euerunt
1444 2639 1478 2680 l.
1522 2639 1596 2683 Fr.
1631 2639 1894 2683 Gronovius
1933 2649 1977 2683 et
2011 2640 2100 2684 Er·-

1206 2696 1373 2738 nestius
1407 2696 1461 2738 ad
1489 2697 1529 2738 h
1553 2697 1580 2738 Ι.
1639 2696 1822 2740 Paullus
1848 2697 1952 2756 Leg.
1977 2699 2014 2740 1.
2041 2699 2100 2744 D.

1207 2751 1261 2794 de
1284 2753 1368 2795 fide
1392 2753 1522 2796 instr.
1568 2751 1663 2810 Ulp
1667 2753 1754 2796 ian.
1773 2753 1875 2813 Leg.
1903 2759 1939 2798 1.
1963 2755 2022 2798 D.
2045 2758 2099 2799 de

1206 2808 1291 2867 leg.
1343 2809 1483 2852 Corn.
1538 2810 1592 2852 de
1641 2811 1778 2856 falsis.
1869 2812 1963 2858 Cic.
2012 2828 2099 2870 pro

1206 2866 1385 2910 cluent.
1418 2883 1457 2910 c.
1486 2867 1555 2910 67.
1600 2868 1654 2910 ad
1674 2868 1773 2913 Div.
1807 2868 1846 2921 8,
1869 2870 1910 2913 8.
1976 2869 2100 2918 Plin

1206 2939 1307 3024 ερέ.
1340 2928 1402 2971 10
1426 2925 1495 2968 85.

1302 2995 1373 3027 ΑΡ.
1397 2964 1468 3026 75.
1531 2983 1642 3024 sinu
1660 2983 1836 3040 ferret.
1896 2984 1954 3028 cf.
1988 2985 2097 3029 infr.

1204 3038 1435 3152 S'z'njelici
1460 3096 1771 3153 fecunditate.
1862 3097 2098 3142 Ernestins

1204 3153 1400 3204 dubitat,
1451 3171 1507 3196 an
1543 3170 1639 3198 non
1679 3155 1737 3197 sit
1783 3155 2095 3199 scribendum:

1202 3226 1253 3253 ιη
1285 3211 1434 3263 feltci‚·
1461 3209 1657 3254 Crollius
1689 3210 1896 3254 coniicit.
1931 3214 2098 3269 infelix

1188 3268 1502 3324 secundante.
1562 3268 1751 3320 Nescio,
1779 3270 1885 3326 quid
1910 3270 1993 3313 sibi
2016 3287 2094 3313 ve-

1204 3325 1303 3377 lit..
1381 3325 1566 3380 Infelix
1601 3341 1696 3368 non
1732 3326 1879 3369 solum
1917 3327 2100 3376 dicitur,

1203 3383 1279 3449 qui
1301 3380 1512 3425 adversae
1535 3381 1743 3425 fortunae
1765 3384 1997 3436 obnoxius,
2017 3385 2095 3427 sed

1203 3438 1336 3482 etiam
1359 3454 1444 3491 res,
1475 3455 1566 3496 qua
1589 3442 1661 3483 cui
1687 3439 1986 3483 infortunium
2009 3457 2093 3499 pa-

1202 3504 1342 3540 ratur.
1402 3497 1460 3540 cf.
1499 3498 1564 3549 16,
1598 3497 1667 3540 31.
1704 3497 1959 3553 inselmbus
1982 3514 2095 3553 pre-

1201 3555 1340 3598 cibus.
1381 3553 1505 3613 Virg.
1519 3530 1634 3599 A'en.
1653 3555 1697 3608 2,
1715 3555 1813 3599 245.
1833 3563 2094 3602 monstrum
