2222 4030
1824 213 1876 248 A.
1894 213 1949 249 U.
1969 214 2054 250 773.

1827 255 1877 291 A.
1897 257 1943 295 C.
1993 260 2057 294 20.

282 219 406 281 228
953 209 1470 272 ANNALIUM

285 360 398 417 est,
458 363 637 423 quam
681 345 844 420 quod
880 340 1192 401 Tiberium
1235 341 1360 397 sine
1404 342 1813 416 miseratione,
1865 349 1992 406 sine
2037 350 2144 420 ira,

282 433 646 494 obstinatum
681 426 1276 505 clausumque-vidit,
1340 447 1416 482 ne
1456 448 1574 505 quo
1610 431 1840 488 adfectu
1873 448 2146 508 perrum-
2204 479 2222 495 η,

283 529 539 594 peretur.
638 513 885 574 Relatus
939 516 1215 579 domum,
1283 523 1565 588 tanquam
1621 516 2025 574 defensionem
2061 520 2144 576 ‘in
2211 511 2222 530 '⁴‘

282 615 585 678 posterum
619 601 1030 666 meditaretur,
1084 617 1267 670 pauca
1307 600 1626 656 conscribit
1666 602 2051 680 obsignatque
2087 617 2145 662 et

281 689 494 745 liberto
530 686 727 745 tradit.
812 696 941 741 tum
982 681 1154 738 solita
1199 685 1460 739 curando
1510 686 1746 760 corpori
1795 689 2144 764 exsequitur.
2156 747 2164 754 ,,
2216 758 2222 767 Χ

280 775 422 831 dein
443 771 692 829 multam
720 780 853 846 post
878 778 1111 824 noctem
1141 785 1364 839 egressa
1397 769 1668 827 cubiculo
1703 793 1886 828 uxore
1922 774 2186 849 operiri*

278 860 434 916 fores
459 857 654 914 iussit:
700 868 756 912 et
777 864 978 927 coepta
1003 853 1134 908 luce
1157 854 1416 926 perfosso
1446 854 1676 928 iugulo,
1718 857 1942 916 iacente
1974 855 2147 916 humi

282 943 476 1018 gladio
490 987 508 1012 ,
544 954 811 1017 repertus
838 949 938 996 est.

450 1043 615 1112 XVI.
703 1045 931 1107 Audire
983 1067 1079 1103 me
1134 1048 1384 1104 memini
1438 1069 1507 1105 ex
1565 1051 1902 1113 senioribus,
1948 1055 2144 1110 visum

278 1133 506 1217 saepius
555 1140 709 1194 inter
750 1153 964 1190 manus
993 1132 1230 1190 Pisonis
1272 1134 1576 1203 libellum,
1621 1136 1813 1212 'quem
1856 1139 1980 1213 ipse
2018 1160 2143 1196 non

278 1218 636 1298 vulgaverit,
715 1220 817 1276 sed
866 1219 1084 1275 amicos
1131 1219 1256 1275 eius
1308 1220 1696 1291 dictitavisse‚
1769 1223 1994 1280 litteras
2031 1222 2144 1281 Ti-

278 1311 432 1369 berii
480 1321 536 1365 et
589 1307 870 1363 mandata
923 1304 990 1360 in
1048 1302 1478 1361 Germanicum
1532 1309 1849 1365 contineri:
1918 1330 1985 1366 ac
2038 1310 2145 1366 de·-

279 1397 560 1453 stinatum
641 1411 915 1467 promere
1002 1390 1162 1464 apud
1250 1401 1443 1466 patres
1522 1393 1968 1471 principemque
2046 1415 2145 1452 ar·-

274 1501 477 1556 guere,
540 1478 608 1534 ni
667 1478 865 1533 elusus
918 1495 953 1531 a
1008 1473 1223 1532 Seiano
1270 1496 1378 1551 per
1424 1498 1575 1533 vana
1626 1479 1913 1554 promissa
1962 1480 2141 1540 foret:

275 1587 382 1622 nec
432 1566 604 1621 illum
651 1573 860 1638 sponte
897 1560 1277 1630 exstinctum,
1339 1582 1549 1618 verum
1593 1564 1854 1621 immisso
1901 1585 2145 1640 percus-

277 1672 424 1710 sore.
525 1668 783 1726 quorum
832 1657 1114 1702 neutrum
1153 1647 1648 1704 adseveraverim:
1708 1669 1900 1726 neque
1943 1663 2143 1708 tamen

273 1737 537 1794 occulere
573 1733 754 1791 debui
796 1744 1102 1788 narratum
1137 1731 1210 1786 ab
1237 1732 1341 1800 iis,
1385 1733 1490 1809 qui
1527 1746 1790 1791 nostram
1824 1737 1910 1792 adv
1931 1736 2144 1793 iuven-

274 1835 393 1880 tam
460 1822 843 1878 duraverunt.
969 1815 1184 1873 Caesar
1247 1817 1398 1874 flexo
1467 1818 1531 1874 in
1595 1820 1946 1878 maestitiam
2011 1843 2140 1879 ore:

275 1929 438 1964 suam
497 1904 787 1962 invidiam
843 1902 949 1959 tali
1004 1913 1191 1958 morte
1249 1903 1571 1979 quaesitam
1628 1907 1787 1981 apud
1843 1919 2139 1966 senatum:

271 2132 272 2135 ’
304 2127 444 2172 .CA1>.
478 2128 547 2171 16.
610 2127 860 2181 mandata.
922 2123 1044 2166 Suet.
1066 2122 1167 2165 Tib.

272 2203 313 2231 c.
335 2186 407 2230 52.
438 2200 578 2241 quem
600 2184 850 2238 (Pisonem)
883 2196 1002 2224 mox
1026 2182 1169 2222 huius

271 2244 489 2287 criminis
547 2257 682 2286 reum
742 2247 917 2294 putant
973 2239 1168 2294 quidam

273 2304 505 2345 mandata
521 2301 821 2354 prolaturum
850 2306 934 2339 etc.

329 2357 567 2403 contineri.
651 2355 730 2397 Sic
772 2353 874 2396 cod.
914 2351 1017 2395 MS.
1064 2352 1166 2395 ed'd.

270 2415 480 2460 Beroald-
507 2413 646 2456 Rhen.
668 2410 774 2454 Ald.
804 2411 1040 2452 continere
1066 2409 1168 2452 edd.

271 2474 392 2533 Lips.
428 2471 562 2515 Grut.
600 2468 726 2513 Pich.
760 2483 858 2526 sqq.
944 2467 1030 2509 Sed
1076 2482 1171 2508 non

270 2533 426 2581 video,
477 2528 584 2586 quid
616 2526 775 2570 veteris
808 2524 1060 2583 scripturae
1093 2540 1168 2567 ra-

270 2590 444 2633 tionem
465 2586 690 2644 impediat.
1019 2614 1022 2618 ,

329 2653 543 2688 nostram
569 2646 634 2684 ad
652 2642 925 2683 >iuventam.
988 2637 1169 2680 Natales

270 2702 413 2749 Taciti
436 2701 601 2745 cadunt
621 2700 740 2743 inter
761 2713 832 2741 an.
849 2713 894 2739 u.
911 2712 950 2739 c.
966 2696 1049 2739 805
1062 2696 1169 2738 -7.

273 2764 376 2806 Piso
408 2759 519 2803 obiit
551 2755 743 2800 ειη-773.
803 2755 941 2797 Anno
968 2753 1054 2796 880
1075 2753 1166 2796 Ta-

272 2821 389 2866 citus
406 2814 576 2859 iuvenis
596 2829 782 2857 uxorem
807 2812 945 2854 duxit.
982 2811 1042 2855 cf.
1058 2811 1099 2854 A
1133 2827 1167 2853 r.

205 2887 212 2893 '
272 2895 311 2923 c.
328 2875 370 2920 9.
431 2873 571 2931 igitur
601 2872 678 2930 qui
711 2887 734 2913 e
759 2869 936 2912 Pisonis
966 2827 1166 2925 aequaii-

269 2937 354 2979 buu
380 2933 437 2976 70
469 2929 536 2974 vel
567 2929 624 2972 80
648 2926 799 2971 aetatis
833 2942 1002 2969 annum
1035 2927 1165 2991 adse-

272 2991 365 3035 cuti
386 2997 514 3039 sunt,
545 2985 786 3032 commode
839 2992 995 3026 otuere
1019 2984 1167 3026 videre

269 3047 412 3093 Taciti
455 3042 704 3090 iuventam.
827 3041 934 3098 ulgo
1014 3041 1166 3083 uidem

269 3111 468 3150 statuunt
490 3102 718 3145 iuventam
740 3098 938 3155 incipere
961 3114 985 3141 a
1045 3113 1165 3140 anno

271 3160 422 3208 aetatis
460 3158 703 3203 tricesimo.
793 3155 883 3197 Sed
923 3154 1166 3213 scriptores

271 3221 317 3267 id
337 3233 432 3262 non
452 3217 603 3260 stricte
625 3216 866 3257 observare
886 3214 1055 3263 solen13
1091 3214 1163 3254 iu-

270 3283 448 3319 ventam
464 3272 594 3317 etiam
613 3270 768 3314 dicunt
786 3270 1013 3312 minorem
1030 3285 1165 3326 quam

268 3334 326 3378 30
374 3344 602 3376 annorum
651 3334 837 3370 aetatem
883 3326 1164 3383 omninoque

269 3408 367 3435 eam
390 3387 671 3441 intelligunt,
707 3400 820 3441 quae
849 3392 915 3428 est
945 3385 999 3427 ab
1032 3384 1160 3426 initio

267 3446 475 3506 publicae
513 3443 643 3488 vitae.
669 3458 721 3484 us
758 3456 810 3482 ue
844 3442 900 3484 ad
931 3441 1162 3483 honorum

268 3504 587 3551 accessionem.
647 3457 910 3542 Sichoster
937 3499 983 3540 in
1006 3498 1158 3555 Agr-ic.

269 3563 299 3607 l.
323 3563 351 3605 l.
408 3560 498 3605 An.
523 3557 590 3607 13,
615 3556 656 3601 2.
681 3557 922 3603 iuventam
952 3557 1160 3611 impera-

1241 2125 1427 2167 toriam.
1480 2124 1594 2168 Insr.
1622 2140 1661 2168 c.
1682 2125 1756 2168 29.
1777 2127 2019 2169 Neronem
2041 2126 2138 2170 iam

1241 2181 1502 2235 ingressum
1528 2186 1782 2226 iuventam.

1298 2243 1425 2294 opud
1456 2248 1691 2283 senatum.
1776 2242 1959 2285 Variant
1994 2240 2138 2285 inter-

1240 2306 1421 2354 pretum
1453 2297 1691 2356 opiniones
1723 2298 1778 2342 ad
1802 2298 1843 2342 h.
1873 2298 1902 2342 l.
1925 2299 2140 2358 prolatae.

1242 2353 1335 2397 Alii
1367 2354 1574 2397 lacunam
1608 2371 1701 2399 esse
1734 2365 1913 2400 censent
1935 2365 2036 2416 post
2060 2371 2139 2401 se-

1242 2419 1437 2460 natum,
1487 2421 1619 2469 atque
1670 2413 1882 2457 excidisse
1931 2414 2140 2467 verbum,

1243 2468 1363 2512 velut
1378 2469 1603 2524 queritur,
1615 2471 1758 2526 refert
1775 2472 1838 2513 vel
1855 2471 2000 2515 simile
2013 2472 2139 2529 quid.

1242 2525 1526 2569 Boxhornius
1559 2543 1665 2569 vero
1699 2528 1966 2586 ampliorem
2005 2529 2140 2573 etiam

1243 2582 1471 2626 defectum
1488 2584 1754 2642 suspicatur.
1800 2586 1888 2629 Alii
1910 2587 2137 2644 integrum

1243 2656 1336 2683 esse
1360 2641 1513 2684 locum
1539 2649 1737 2685 statuunt
1758 2645 2036 2701 verbumque
2056 2646 2138 2696 ait,

1240 2699 1347 2740 dicit
1380 2697 1452 2742 vel
1487 2701 1572 2741 tale
1606 2700 1712 2756 quid
1753 2718 1801 2743 ex
1834 2700 1976 2744 Taciti
2010 2717 2138 2745 more

1242 2755 1451 2798 consulto
1467 2756 1681 2799 omissum
1696 2757 1966 2816 intelligunt.
1985 2759 2136 2804 Recte.

1240 2812 1345 2855 Non
1391 2813 1513 2855 enim
1557 2815 1719 2857 desunt
1763 2816 1881 2873 apud
1918 2817 2136 2860 Nostrum

1240 2870 1438 2928 exempla
1500 2871 1593 2914 eius
1651 2872 1839 2931 ellipsis,
1904 2890 2015 2931 quae
2063 2873 2137 2918 hic

1239 2936 1359 2970 certe
1382 2943 1475 2970 non
1498 2928 1687 2972 molesta
1707 2939 1794 2982 est,
1819 2932 2033 2989 quoniam
2055 2947 2136 2989 per

1238 2987 1399 3028 verba:
1435 2985 1576 3040 flexo
1614 2987 1663 3028 in
1708 2989 2003 3031 maestitiam
2036 3004 2135 3042 ore,

1239 3043 1342 3084 satis
1376 3051 1552 3086 constat
1576 3043 1808 3087 Tiberium
1831 3045 1940 3089 haec
1963 3046 2136 3091 dixisse.

1240 3100 1334 3143 Nec
1357 3099 1520 3158 copula
1541 3117 1626 3155 que
1648 3101 1692 3143 in
1718 3103 1977 3158 crebrisque
1999 3105 2132 3160 quid-

1238 3173 1373 3214 quam
1396 3157 1707 3215 impedimenti
1727 3159 1895 3208 adfert,
1925 3160 1987 3204 uti
2011 3161 2134 3204 vide-

1236 3215 1369 3257 hatur
1389 3215 1622 3267 Ernestio:
1654 3232 1703 3258 ea
1725 3216 1818 3274 ipsa
1842 3217 1988 3274 potius
2008 3217 2132 3261 indi-

1237 3279 1306 3314 cat
1350 3272 1501 3329 priora
1537 3272 1763 3316 intellecto
1806 3274 1956 3333 aliquo
1989 3275 2132 3320 verbo

1236 3343 1330 3370 esse
1363 3328 1624 3386 supplenda.
1685 3329 1744 3374 cf.
1778 3341 1873 3375 not.
1910 3332 1965 3375 ad
2002 3333 2068 3384 14,
2089 3334 2132 3377 6.

1236 3385 1534 3429 intolerabilis
1595 3396 1744 3430 tamen
1805 3389 1949 3432 evadit
2007 3391 2131 3433 verbi

1236 3441 1443 3494 omissio,
1474 3444 1510 3486 si
1534 3460 1620 3489 vox
1643 3449 1770 3499 apud
1792 3456 2033 3498 senatum,
2064 3447 2131 3491 uti

1235 3499 1284 3540 fit
1302 3499 1349 3541 in
1371 3501 1583 3544 omnibus
1606 3501 1702 3545 fere
1723 3504 1846 3552 edd..
1875 3520 1899 3547 a
1925 3504 2130 3561 proxime

1233 3557 1604 3614 praecedentibus
1632 3560 1910 3618 ‘seiungitur‚
1952 3569 1999 3604 ut
2036 3577 2129 3606 non
