2222 4030
1804 202 1856 240 A.
1876 201 1930 242 U.
1946 205 2028 242 781.

1805 245 1862 287 A.
1880 246 1929 286 C.
1969 250 2032 288 28.

253 210 378 272 358
923 203 1439 267 ANNALIUM

248 340 389 397 inde
429 338 719 395 accusatio
762 336 1073 414 missisque
1118 337 1194 395 ad
1225 332 1535 392 Caesarem
1582 336 1797 395 litteris
1843 341 2118 398 ordinem

249 423 475 482 fraudis
500 441 792 500 suumque
815 421 931 498 ipsi
955 423 1207 480 dedecus
1229 439 1563 480 narravere.
1647 420 1788 480 Non
1815 425 1960 482 alias
1991 447 2120 483 ma-

254 510 342 584 gis
387 508 562 565 anxia
608 518 667 565 et
710 526 931 582 pavens
977 507 1208 563 civitas:
1266 523 1441 578 egens
1479 506 1793 564 adversum
1821 510 2122 585 proximos

253 612 625 667 congreSSUS‚
691 591 1009 670 colloquia:
1074 601 1250 647 notae
1298 590 1651 668 ignotaeque
1700 613 1869 651 aures
1919 595 2121 654 vitari:

254 679 431 736 etiam
467 689 634 736 muta
667 688 842 756 atque
881 674 1144 733 inanima
1158 721 1176 746 ‚
1236 686 1456 732 tectum
1489 688 1547 734 et
1582 677 1835 754 parietes
1870 679 2124 738 circum-

254 765 684 841 spectabantur.

420 927 608 991 LXX.
650 930 768 990 Sed
792 927 1007 987 Caesar
1029 925 1318 983 solemnia
1342 925 1682 1002 incipientis
1706 922 1850 986 anni
1869 928 2004 990 Kal.
2028 927 2125 988 Ia-

254 1015 483 1072 nuariis
535 1016 779 1092 epistola
822 1024 1091 1091 precatus
1127 1011 1306 1070 vertit
1342 1011 1409 1068 in
1442 1011 1763 1084 Sabinum,
1819 1028 2127 1091 corruptos

256 1101 544 1176 quosdam
567 1102 920 1158 libertorum
945 1110 1002 1157 et
1021 1097 1276 1175 petitum
1300 1116 1360 1154 se
1387 1115 1640 1171 arguens
1654 1143 1672 1169 ‚
1715 1099 2125 1178 ultionemque

255 1180 418 1243 haud
441 1187 684 1244 obscure
707 1184 1004 1263 poscebat.
1087 1202 1197 1240 nec
1220 1202 1388 1240 mora
1412 1183 1562 1259 quin
1586 1184 2024 1243 decerneretur:
2069 1197 2128 1244 et

253 1267 600 1329 trahebatur
619 1272 961 1342 damnatuS‚
986 1279 1276 1347 quantum
1295 1268 1552 1326 obducta
1572 1280 1731 1327 veste
1754 1282 1812 1328 et
1833 1271 2126 1329 adstrictis

251 1357 522 1415 faucibus
546 1356 662 1413 niti
685 1367 945 1433 poterat,
983 1354 1290 1412 clamitans
1314 1353 1398 1410 sic
1424 1350 1698 1413 inchoari
1722 1376 1978 1428 annum,
2018 1352 2127 1415 has

257 1440 475 1500 Seiano
526 1442 796 1499 victimas
842 1436 1091 1502 eadere.''
1159 1459 1277 1516 quo
1323 1439 1673 1498 intendisset
1715 1443 1948 1514 oculos,
2006 1463 2126 1519 quo

254 1527 436 1583 verba
472 1527 835 1597 acciderent,
888 1527 1060 1600 fuga,
1109 1525 1374 1582 vastitas:
1443 1525 1634 1582 deseri
1674 1526 1921 1598 itinera,
1967 1527 2125 1586 fora:

256 1623 316 1669 et
360 1612 604 1689 quidam
644 1611 1131 1687 regrediebantur
1166 1610 1656 1688 ostentabantque
1690 1631 1751 1670 se
1781 1632 2021 1672 rursum
2061 1613 2127 1670 id

257 1697 453 1778 ipsum
472 1709 782 1776 paventes,
830 1697 993 1776 quod
1017 1695 1371 1757 timuissent.
1458 1717 1634 1775 quem
1649 1697 1819 1756 'enim
1842 1698 2128 1758 diem·va-

256 1927 361 1974 ciat.
385 1928 572 1974 Pichen.
595 1945 697 1990 sqq.
729 1931 919 1987 quando
939 1930 1009 1975 ed.
1032 1928 1159 1974 Rhe-

256 2001 364 2031 nan.
390 1986 539 2046 (1533)
560 2004 659 2047 sqq.
683 1988 741 2032 ad
766 1987 1028 2033 Pichenam.

314 2045 508 2088 civitas:
541 2060 683 2101 egens
705 2049 963 2089 adversum
985 2045 1161 2102 proxi-

256 2116 361 2144 mos
382 2117 674 2159 congressus,
705 2105 949 2160 colloquia.
1011 2103 1160 2148 Locus

256 2157 373 2202 mire
410 2169 589 2205 vexatus
620 2170 663 2206 et
691 2159 1084 2207 emendationibus
1117 2168 1161 2205 et

258 2215 643 2274 explicationibus.
679 2217 832 2274 Vulgo
851 2218 1157 2277 distinguunt:

257 2289 355 2316 non
385 2275 509 2318 alias
541 2277 693 2329 magis
724 2275 879 2318 anxia
905 2285 953 2319 et
976 2290 1158 2331 pavens

257 2332 446 2390 civitas,
496 2347 639 2388 egens
682 2335 939 2375 adversum
979 2334 1158 2387 proxi-

257 2402 386 2432 mos:
415 2403 710 2449 congressus,
729 2391 982 2444 colloquia,
1009 2397 1152 2434 notae

258 2449 533 2502 ignotaeque
556 2461 696 2490 aures
716 2447 861 2489 vitari
881 2455 992 2496 etc..
1021 2454 1072 2491 ut
1095 2447 1156 2491 ita

260 2519 398 2562 egens
451 2503 640 2548 ertineat
660 2504 716 2548 ad
737 2503 924 2559 civitas,
950 2518 1158 2558 congres-

259 2577 340 2607 sus
373 2578 396 2604 a
461 2560 621 2606 vitari.
700 2560 788 2606 Sed
826 2560 958 2605 habet
998 2562 1162 2605 civitas

259 2617 453 2679 epitheta
475 2635 579 2670 sua,
605 2620 760 2662 anxia
782 2626 826 2662 et
842 2632 1019 2672 pavens
1031 2636 1047 2671 ;
1075 2634 1163 2662 nec

259 2676 476 2723 convenit
501 2676 627 2719 bono
649 2675 776 2727 stilo,
808 2684 857 2718 ut
882 2676 1045 2719 civitas
1069 2690 1158 2719 an-

259 2735 352 2778 xia
380 2742 428 2777 et
454 2747 631 2787 pavens
659 2741 764 2791 post
797 2749 844 2778 se
877 2733 1023 2778 trahat
1056 2734 1156 2778 lan-

261 2791 394 2852 guida
415 2790 493 2835 illa
514 2791 679 2837 verba:
708 2803 850 2845 egens
869 2793 947 2834 ad.
966 2804 1043 2846 pr.
1087 2791 1160 2834 Ac

260 2866 319 2893 ne
342 2865 497 2893 sensus
521 2847 704 2903 quidem
725 2856 790 2892 est
813 2847 860 2890 in
885 2847 1007 2891 hisce
1029 2863 1159 2892 voca·

260 2907 392 2950 bulis.
452 2905 634 2952 Scilicet
655 2905 710 2950 ad
732 2919 871 2960 egens
898 2904 1040 2950 intelli
1074 2912 1158 2949 unt

248 2965 377 3022 fide,
435 2963 638 3017 consilii,
700 2970 742 3007 et
790 2961 851 3006 ita
902 2962 1027 3006 intru
1062 2970 1158 3012 unt,

263 3035 378 3078 quae
411 3028 516 3064 sunt
548 3028 707 3064 contra
742 3031 926 3064 omnem
961 3019 1159 3065 latinita-

262 3086 370 3123 tem.
395 3076 492 3121 Nec
511 3077 698 3121 meliora
717 3076 920 3123 invenies
941 3078 990 3120 in
1010 3093 1160 3122 emen·

263 3134 518 3179 dationibus
531 3135 692 3192 Lip'sii:
722 3141 882 3190 tegens
902 3150 985 3192 pro
1007 3148 1160 3189 egens,

261 3191 495 3237 Rhenani:
534 3200 781 3247 satagens,
812 3192 1066 3236 Vertranii:
1105 3206 1158 3235 se

264 3257 454 3305 tegens,
500 3250 721 3293 Acidalii:
764 3264 815 3293 se
852 3257 1029 3305 tegere,
1081 3248 1156 3293 Pi-

263 3307 456 3352 chenae:
516 3314 706 3362 egerat,
760 3307 1021 3364 legentium.
1102 3306 1156 3350 In

264 3379 442 3407 cassum
466 3363 728 3408 disseruere.
786 3365 940 3419 Egens
963 3362 1161 3422 pertinet

264 3421 319 3464 ad
341 3435 618 3478 congressus
649 3429 693 3465 et
722 3422 974 3478 colloquia.
1035 3421 1161 3464 Solet

265 3476 386 3521 enim
460 3479 735 3524 medicatum
777 3477 826 3523 in
871 3494 1001 3523 num.
1045 3479 1160 3546 sing.

264 3535 374 3593 poni
407 3552 434 3581 o
498 3535 758 3596 proximum
784 3535 1061 3589 subiectum,
1102 3536 1156 3581 11-

1229 1934 1303 1974 cet
1325 1927 1546 1987 pertineat
1569 1927 1705 1972 simul
1728 1928 1784 1973 ad
1812 1929 2010 1976 subiecta
2030 1932 2129 1991 plu·

1229 1985 1335 2030 ralis
1359 1985 1539 2030 numeri
1562 1986 1826 2031 remotiora.
1868 1988 1927 2033 cf.
1949 1997 2046 2033 not.
2072 1991 2128 2035 ad

1234 2046 1274 2095 1,
1307 2046 1376 2088 10.
1417 2044 1500 2088 sub
1539 2060 1587 2091 v.
1636 2046 1912 2091 abstulerat.
1992 2047 2126 2092 Addo

1231 2101 1347 2147 Hist.
1389 2103 1429 2150 1,
1472 2101 1540 2146 15.
1597 2102 1842 2157 inrumpet
1894 2106 2128 2157 adulatio,

1234 2160 1512 2211 blanditiae3
1561 2158 1673 2203 Hist.
1700 2158 1742 2212 3,
1766 2159 1838 2204 85.
1872 2169 2018 2206 terret
2046 2178 2127 2206 so-

1227 2218 1376 2260 litudo
1399 2225 1443 2259 et
1467 2225 1673 2260 tacentes
1694 2219 1796 2262 loci.
1859 2218 1955 2262 Iam
1987 2235 2128 2275 egens
2171 2234 2175 2266 ε

1228 2276 1277 2319 in
1297 2274 1386 2319 hoc
1411 2273 1659 2319 verhor‘um
1684 2283 1895 2319 contextu
1918 2285 1982 2320 est
2006 2277 2130 2337 quod

1229 2349 1314 2377 nos
1345 2331 1536 2377 dicimus
1563 2332 1768 2388 du’rstig,
1802 2349 1936 2391 egens
1967 2335 2130 2384 verbis,

1227 2391 1388 2449 inops,
1426 2389 1628 2438 ieiunus,
1663 2390 1806 2447 qualis
1830 2399 1895 2434 est
1921 2408 2128 2450 congres-
2168 2423 2170 2434 ,

1229 2463 1303 2513 sus
1326 2454 1369 2490 et
1394 2446 1624 2505 colloquia
1646 2462 1832 2512 eorum,
1862 2449 1938 2507 qui
1957 2450 2042 2494 sibi
2063 2449 2130 2494 in-

1229 2519 1375 2548 vtcem
1397 2511 1502 2547 sunt
1525 2512 1737 2561 suspecti.

1290 2586 1815 2640 circumspectabantur.
1886 2587 1965 2633 Sic.
2005 2589 2124 2636 Hist.

1232 2645 1276 2693 4,
1298 2644 1342 2687 8.
1372 2646 1526 2686 vultus
1557 2659 1613 2687 ac
1640 2659 1886 2688 sermones
1916 2649 2129 2692 omnium

1230 2704 1631 2755 circumspectans.
1677 2701 1862 2746 Sallust.
1879 2703 1976 2764 Iug.
2002 2722 2042 2749 c.
2058 2707 2130 2751 72.

1231 2761 1617 2813 circumspectare
1680 2760 1859 2803 omnia.
1954 2763 2129 2808 Inutilis

1229 2818 1370 2876 igitur
1394 2816 1587 2861 Acidalii
1609 2818 1869 2862 coniectura
1887 2829 2131 2876 suspecta-

1228 2878 1419 2922 bantur.

1288 2975 1402 3020 CAP.
1429 2975 1502 3018 70.
1535 2978 1772 3019 solemnia
1792 3008 1803 3020 .
1825 3007 1837 3020 .
1860 3008 1871 3021 .
1888 2987 2127 3033 precatus.

1231 3032 1351 3077 Nam
1369 3033 1572 3093 primum
1600 3033 1858 3093 incipientis
1882 3037 1988 3080 anni
2009 3038 2128 3080 diem

1233 3091 1357 3135 laetis
1408 3090 1742 3149 precationibus
1782 3091 1980 3137 invicem
2021 3093 2126 3138 fau-

1230 3155 1353 3191 stum
1381 3149 1720 3194 ominabantur.
1751 3148 1814 3197 cf.
1841 3149 1960 3196 Plin.
1987 3151 2061 3202 28,
2083 3154 2127 3198 5.

1228 3205 1348 3263 Lips.
1373 3206 1429 3251 ad
1453 3205 1496 3251 h.
1524 3205 1556 3250 l.

1287 3305 1544 3350 Ianuariis.
1603 3305 1719 3353 Cod.
1733 3305 1838 3351 MS.
1852 3307 2128 3361 Ianuarius,

1233 3363 1354 3408 unde
1387 3362 1424 3407 1.
1462 3362 1672 3408 Gronov.
1720 3363 1829 3409 fecit
1869 3365 2126 3413 Ianuariis.

1233 3420 1348 3464 Edd.
1370 3420 1469 3463 Ber.
1483 3420 1580 3465 Alc.
1597 3419 1801 3465 Rhenan.
1827 3438 1924 3482 sqq.
1945 3423 2126 3468 Ianua-

1233 3480 1350 3522 rias.
1412 3478 1522 3521 Mox
1551 3478 1650 3527 edd.
1678 3479 1780 3522 Ber.
1796 3480 1897 3524 Alc.
1921 3481 2124 3527 Rhenan.

1234 3534 1341 3581 Ald.
1365 3553 1389 3581 e
1408 3535 1511 3582 eod.
1537 3535 1641 3581 MS.
1666 3536 1879 3593 epistula.

2213 293 2216 303 »
2212 238 2219 279 ..-
2201 139 2219 215 (κως
2200 0 2221 132 &kb-ma
