2222 4030
1800 195 1852 230 A.
1871 196 1925 231 U.
1950 197 2031 231 772.

1801 238 1853 277 A.
1874 239 1924 276 C.
1970 241 2031 276 19.

260 195 387 265 208
932 196 1451 259 ANNALIUM

258 353 326 391 ac
358 343 610 389 mortem
650 330 727 386 ob
766 348 894 386 rem
929 329 1230 404 publicam
1258 327 1491 387 obiisse.
1546 328 1879 402 sepulcrum
1900 328 2119 389 Antio-

260 415 426 476 chiae
445 462 460 487 ,
503 415 611 472 uhi
639 425 949 471 crematus:
999 414 1263 470 tribunal
1285 406 1710 486 Epidaphnae,
1748 435 1866 489 quo
1892 416 1957 472 in
1984 418 2115 474 loco

257 504 441 560 vitam
464 499 713 558 finierat.
799 499 1140 557 Statuarum
1166 499 1542 566 locorumve,
1588 497 1652 552 in
1689 499 1820 573 quis
1854 501 2118 567 coleren-

258 599 386 657 tur,
425 583 587 643 haud
609 585 778 642 facile
809 585 939 660 quis
966 602 1281 638 numerum
1305 581 1521 640 inierit.
1609 580 1761 639 Cum
1787 598 2119 644 censeretur

259 673 482 748 clipeus
522 690 666 735 auro
700 681 758 726 et
792 667 1200 742 magnitudine
1238 666 1487 740 insignis
1511 667 1670 723 inter
1699 680 1964 726 auctores
1994 669 2135 728 elo-'

172 781 189 789 -
255 757 556 835 quentiae,
599 753 963 811 adseveravit
987 751 1265 807 Tiberius
1287 753 1527 810 solitum
1554 773 1872 830 paremque
1912 757 2117 813 ceteris

257 833 607 899 dicaturum.
670 859 862 915 neque
911 836 1072 892 enim
1119 836 1515 912 eloquentiam
1553 839 1792 894 fortuna
1829 840 2115 898 discerni:

257 939 315 984 et
342 925 810 993 'satis=inlustre,
867 922 919 976 si
952 933 1176 977 veteres
1220 921 1375 977 inter
1423 922 1735 997 scriptores
1780 920 2114 988 haberetur.

253 1009 544 1089 Equester
571 1011 715 1067 ordo
744 1027 997 1064 cuneum
1021 1003 1366 1063 Germanici
1390 1007 1709 1081 appellavit
1724 1053 1740 1076 ,
1781 1010 1886 1083 qui
1909 1009 2118 1068 Iunio-

253 1112 390 1154 rum
445 1097 776 1162 dicebatur,
834 1090 1234 1167 instituitque,
1285 1091 1375 1149 uti
1422 1103 1649 1148 turmae
1700 1092 1898 1152 idibus
1948 1093 2115 1152 Iuliis

255 1183 573 1257 imaginem
603 1180 725 1235 eius
757 1173 1157 1253 sequerentur.
1208 1177 1487 1253 pleraque
1515 1189 1779 1234 manent:
1827 1182 2116 1256 quaedam

253 1269 451 1326 statim
475 1265 687 1323 omissa
711 1274 849 1319 sunt
875 1273 975 1318 aut
1001 1273 1256 1318 vetustas
1283 1262 1662 1323 oblitteravit.

254 1349 256 1353 ⁸
423 1347 757 1410 LXXXIV.
824 1345 1102 1404 Ceterum
1151 1345 1375 1404 recenti
1423 1343 1618 1404 adhuc
1666 1350 1958 1407 maestitia
2015 1371 2114 1407 so·-

251 1459 353 1496 ror
382 1433 725 1495 Germanici
749 1432 923 1490 Livia
959 1444 1144 1508 nupta
1180 1431 1376 1491 Druso
1416 1435 1564 1490 duos
1597 1434 1787 1491 virilis
1826 1456 1994 1493 sexus
2032 1437 2113 1492 si-

1268 1628 1475 1669 solitum.
1567 1626 1610 1670 h.
1654 1643 1695 1671 e.
1744 1643 1838 1671 non
1888 1629 2114 1686 insignem·

1213 1700 1348 1736 auro;
1371 1700 1628 1742 paremque
1648 1684 1692 1728 h.
1711 1701 1749 1729 e.
1770 1703 1862 1730 non
1886 1687 2111 1745 insignem

1212 1742 1532 1799 magnitudine.

1271 1802 1348 1856 qui
1386 1800 1631 1842 Iuniarum
1679 1803 1937 1846 dicebatur.
2021 1801 2111 1845 Er-

1214 1859 1382 1901 nestius
1412 1858 1624 1916 opinatur
1655 1874 1849 1902 cuneum
1889 1861 2112 1916 equestris

1215 1916 1385 1958 ordinis
1450 1915 1620 1959 dictum
1686 1933 1781 1960 esse
1830 1917 2105 1973 Iunior-um,

1214 1973 1315 2031 quia
1346 1973 1514 2030 equites
1539 1971 1641 2016 κατ’
1672 1971 1836 2032 ἔξοχήν
1855 1976 2109 2020 iuventutis

1214 2030 1400 2074 nomine
1426 2030 1620 2087 insignes
1642 2031 1822 2077 suerint.
1878 2033 1982 2076 Non
2005 2034 2109 2077 satis

1214 2088 1335 2132 facit.
1420 2088 1536 2131 Nan·
1581 2089 1747 2133 Noster
1795 2099 1945 2149 aperte
1995 2089 2109 2142 vult,

1210 2162 1355 2189 unum
1389 2163 1440 2188 ex
1479 2147 1634 2189 cuneis
1672 2148 1888 2206 equestris
1934 2148 2106 2192 ordinis

232 1637 234 1640 ’
303 1631 566 1686 sepulcrum
598 1627 715 1670 Ant.
752 1627 831 1669 ubi
869 1641 1009 1668 crem.
1080 1624 1140 1669 cf.

246 1704 372 1748 supr.
404 1703 445 1732 c.
476 1685 548 1730 73.
608 1684 809 1742 intellige
842 1679 1139 1741 κενοτάφιον,

246 1747 429 1791 bustum
455 1745 605 1788 inane.

302 1804 628 1859 Epidaphnae.
691 1799 868 1848 Plin.5‚
892 1800 962 1842 21.
1002 1798 1143 1841 Intus

245 1868 349 1918 ipsa
375 1861 630 1904 Antiochia
659 1859 808 1900 libera
838 1858 1145 1913 Epidaphnes

246 1919 590 1974 cognominato.
671 1914 857 1959 Graecis
902 1913 1144 1958 Antiochia

246 1979 323 2023 ἐπὶ
351 1971 526 2037 Δάφνῃ
563 1975 632 2019 vel
671 1974 746 2018 ἐπὶ
773 1970 987 2031 Δάφνης.
1059 1971 1144 2014 liic

246 2043 395 2080 autem
437 2031 723 2091 intelligenda
757 2031 991 2099 Daphne,
1036 2030 1140 2074 ἐπί-

245 2106 397 2152 σημον
427 2093 506 2147 τῆς
528 2089 807 2147 Ἀντιοχείας
842 2100 1136 2150 προασιειον.

243 2150 491 2195 Sozomen.
520 2149 560 2197 5,
592 2149 658 2191 19.

302 2210 526 2253 tribunal.
589 2206 660 2248 Ad
683 2204 1021 2263 significandam
1047 2202 1140 2246 im·-

243 2267 515 2327 peratoriam
555 2262 812 2306 Germanici
851 2263 1142 2320 dignitatcn13

245 2341 337 2369 non
363 2321 548 2381 simplex
573 2319 804 2372 cumulus,
843 2320 1022 2377 qualem
1047 2319 1140 2374 Er—

242 2381 409 2427 nestius
442 2387 592 2439 putat,
633 2379 708 2421 sed
739 2378 792 2420 ad
823 2378 1018 2420 sormam
1053 2378 1140 2420 tri-

242 2437 422 2485 bunalis
447 2437 684 2481 castrensis
710 2443 979 2478 exstructus.
1064 2479 1085 2488 χ

301 2498 580 2541 colerentur.
648 2492 726 2536 Sic
758 2492 844 2537 lac.
876 2491 1138 2536 Gronovius

240 2553 473 2600 Ernestius
495 2561 537 2596 et
550 2566 648 2610 sqq.
675 2551 776 2594 edd.
800 2566 822 2593 e
845 2550 947 2595 cod.
963 2549 1062 2592 MS.
1078 2579 1138 2586 .-

240 2612 359 2657 Εδδ.
387 2610 595 2654 Beroald.
618 2608 943 2666 Rhenan.-sqq.
966 2610 1134 2650 colere·

241 2680 347 2720 tur,
380 2667 503 2728 quod
524 2665 819 2723 Kiesslingius
843 2665 1035 2722 repetiit.

297 2728 487 2780 clipeus.
528 2725 606 2768 Sic
627 2723 916 2767 scribendum
939 2739 1032 2765 esse
1053 2722 1133 2766 do·

240 2786 335 2834 cuit
349 2783 649 2841 Oudendorp.
670 2781 724 2824 ad
742 2781 866 2823 Suet.
881 2780 972 2824 Cal.
1003 2797 1044 2824 c.
1066 2783 1132 2824 16.

243 2844 331 2888 Vul
363 2859 390 2886 o
425 2845 636 2896 clypeus,
672 2839 735 2881 uti
765 2846 828 2881 est
852 2839 898 2881 in
921 2838 1020 2881 edd.
1041 2839 1135 2882 Be-

237 2860 381 2947 roalfi.
403 2892 604 2943 Rhenan.
631 2897 736 2940 Ald.
759 2913 860 2955 sqq.
912 2896 1134 2962 'Clipeam

240 2959 391 3016 accipe
412 2958 468 3000 de
491 2956 681 3012 imagine
704 2953 888 2998 metallo
910 2955 1134 3012 insculpta

204 3016 368 3074 ,clipei
405 3015 598 3056 sormam
635 3012 869 3055 referente.
916 3011 975 3053 cf.
1008 3011 1130 3070 Lips.

237 3075 285 3117 in
308 3088 478 3115 excurS.
505 3071 560 3114 N.
573 3071 696 3114 Suet.
712 3070 804 3114 Cal.
832 3086 872 3113 e.
888 3068 956 3112 16.
987 3070 1130 3112 Dom.

239 3147 277 3175 ο.
304 3128 376 3231 ἳέ.
437 3128 553 3171 Plin.
579 3128 798 3187 Panegyr.
826 3143 866 3171 e.
887 3127 957 3170 52.
1014 3126 1133 3170 Ptin.

296 3245 602 3297 adseveravit.
668 3242 785 3285 cod.
808 3242 909 3285 MS.
934 3245 1132 3285 adsera-

236 3307 317 3348 vit:
396 3302 513 3346 Hinc
549 3301 646 3343 edd.
686 3299 896 3343 Beroald.
930 3299 1130 3343 Rhenan-

237 3360 341 3406 Ald.
356 3376 454 3419 sqq.
479 3360 702 3401 adseruit.
756 3359 919 3400 Yeram
939 3359 1127 3415 scriptu-

235 3436 333 3464 ram
357 3419 388 3460 Ι.
407 3415 669 3462 Gronovius
692 3415 897 3459 restituit.
940 3415 1012 3458 De
1036 3431 1125 3457 me-

236 3477 318 3520 diis
339 3474 520 3534 syllabis
541 3474 587 3516 in
611 3472 688 3515 illo
711 3472 814 3515 cod.
838 3489 966 3530 saepe
990 3473 1125 3515 omis·

235 3534 294 3580 sis
325 3533 415 3581 vid.
441 3540 535 3576 not.
562 3529 616 3574 ad
639 3532 677 3581 1,
697 3530 768 3572 20.

1208 2203 1333 2263 prius
1366 2203 1621 2246 Iuniarum
1656 2205 1826 2248 dictum
1858 2213 1954 2248 tum
1986 2205 2109 2249 Ger-

1211 2262 1374 2305 manici
1435 2262 1656 2305 vocabulo
1721 2263 1940 2322 insignem
2010 2280 2107 2308 esse

1208 2319 1398 2364 factum.
1502 2320 1563 2361 Ex
1623 2320 1816 2365 Ernestii
1890 2321 2105 2379 opinione

1212 2393 1371 2420 omnes
1407 2379 1537 2421 cunei
1573 2379 1730 2420 eodem
1765 2380 1860 2422 iure
1894 2387 2104 2436 poterant

1210 2435 1444 2477 iuniorum
1473 2434 1577 2478 dici.
1623 2437 1725 2479 -Alii
1751 2453 1774 2478 e
1794 2437 1947 2480 Iuniis
1970 2436 2103 2480 illum

1210 2507 1404 2534 cuneum
1430 2492 1598 2535 dictum
1626 2494 1868 2552 accipiunt.

1267 2557 1454 2591 turmae
1499 2551 1646 2594 idibus
1685 2552 1826 2594 Iuliis
1866 2561 1950 2596 etc.
2030 2552 2101 2596 De

1208 2607 1540 2650 transvectione
1579 2608 1807 2666 equitum,
1862 2610 1918 2653 ad
1996 2625 2099 2653 uam

1205 2663 1314 2707 haec
1336 2673 1563 2718 spectant,
1614 2682 1704 2709 >rae
1732 2666 1827 2710 aliis
1853 2624 2100 2711 videtbio-

1205 2738 1304 2779 nys.
1336 2721 1479 2765 Halic.
1501 2723 1542 2774 6,
1568 2727 1583 2764 1
1621 2753 1634 2765 .
1694 2724 1795 2772 Liv.
1819 2725 1952 2774 9,46.
2013 2726 2098 2771 Va·

1202 2782 1283 2823 ler.
1309 2779 1428 2822 Max.
1451 2780 1493 2830 2,
1516 2782 1559 2829 2,
1580 2781 1623 2826 9.

1263 2838 1376 2881 CAP.
1400 2836 1470 2879 84.
1502 2841 1622 2880 duos
1651 2841 1796 2883 vai-ilis
1814 2855 1971 2884 sexus.
2021 2839 2099 2886 Sic

1204 2895 1307 2939 edd.
1335 2894 1541 2938 Beroald.
1568 2895 1771 2940 Rhenan.
1798 2914 1895 2956 sqq.
1923 2898 1957 2942 Ι.
1982 2896 2098 2942 Gro-

1204 2953 1360 2996 novius
1397 2961 1547 2996 tamen
1586 2963 1767 2997 testatur
1791 2955 1837 2998 in
1852 2957 1965 3001 cod.
1992 2954 2096 3002 MS.

1205 3027 1298 3054 esse
1350 3013 1467 3052 duos
1522 3012 1681 3054 viriles
1728 3026 1900 3068 sexus,
1971 3013 2096 3073 quod

1205 3068 1356 3112 nescio
1389 3084 1444 3110 an
1478 3069 1617 3126 accipi
1655 3070 1791 3127 possit
1814 3086 1920 3127 pro:
1962 3078 2095 3122 duos,

1206 3127 1286 3181 qui
1306 3125 1460 3168 virilis
1479 3135 1620 3168 erant
1643 3141 1813 3175 sexus,
1846 3137 1894 3169 ut
1929 3131 1985 3174 ita
2021 3130 2093 3171 υί-

1203 3186 1313 3225 riles
1354 3183 1410 3225 sit
1447 3183 1494 3224 in
1531 3183 1827 3241 adpositione.
1889 3185 2093 3230 Tolerari

1204 3242 1335 3283 etiam
1381 3248 1551 3297 potest,
1602 3242 1723 3298 quod
1764 3241 1797 3285 I.
1833 3242 2092 3287 Gronovius

1202 3298 1417 3340 coniecit:
1475 3301 1591 3340 duos
1635 3299 1770 3340 virile
1811 3301 1988 3346 secus(
2028 3303 2090 3345 cs.

1196 3355 1238 3405 4,
1265 3355 1335 3397 62.
1374 3365 1415 3397 et
1445 3355 1556 3398 Hist.
1581 3355 1621 3408 5,
1650 3355 1716 3399 13.
1761 3357 1947 3404 Sunion.
1981 3358 2088 3403 Oct.

1198 3431 1237 3454 c.
1259 3414 1333 3455 44.
1363 3414 1585 3455 muliebre
1615 3428 1745 3457 secus
1767 3431 1944 3459 omnes.
1965 3447 1967 3449 ·
1993 3418 2086 3460 Liv.

1196 3470 1266 3521 26,
1300 3470 1370 3512 47.
1414 3471 1667 3513 liberorum
1710 3476 1915 3527 capitum
1955 3476 2091 3519 virile

1195 3543 1325 3572 secus
1338 3531 1404 3570 ad
1423 3532 1582 3571 decem
1603 3530 1755 3573 millia
1776 3534 1947 3586 capita.
1983 3533 2070 3576 vut
