<?xml version="1.0" encoding="UTF-8"?>
<!DOCTYPE html PUBLIC "-//W3C//DTD XHTML 1.0 Transitional//EN"
    "http://www.w3.org/TR/xhtml1/DTD/xhtml1-transitional.dtd">
<html xmlns="http://www.w3.org/1999/xhtml" xml:lang="en" lang="en">
 <head>
  <title>
</title>
<meta http-equiv="Content-Type" content="text/html;charset=utf-8" />
  <meta name='ocr-system' content='tesseract 3.04.00' />
  <meta name='ocr-capabilities' content='ocr_page ocr_carea ocr_par ocr_line ocrx_word'/>
</head>
<body>
  <div class='ocr_page' id='page_1' title='image "./operarecensuitet01taciuoft/operarecensuitet01taciuoft_0113.png"; bbox 0 0 2222 4030; ppageno 0'>
   <div class='ocr_carea' id='block_1_1' title="bbox 173 258 398 343">
    <p class='ocr_par' dir='ltr' id='par_1_1' title="bbox 173 258 398 343">
     <span class='ocr_line' id='line_1_1' title="bbox 173 258 398 343; baseline -0.018 0"><span class='ocrx_word' id='word_1_1' title='bbox 173 260 229 343; x_wconf 58' lang='grc' dir='ltr'><strong>ὲ</strong></span> <span class='ocrx_word' id='word_1_2' title='bbox 242 260 299 340; x_wconf 65' lang='lat'><strong>¹3:</strong></span> <span class='ocrx_word' id='word_1_3' title='bbox 315 258 398 339; x_wconf 67' lang='lat'>⁷2¹2:</span> 
     </span>
    </p>
   </div>
   <div class='ocr_carea' id='block_1_2' title="bbox 622 255 1416 326">
    <p class='ocr_par' dir='ltr' id='par_1_2' title="bbox 622 255 1416 326">
     <span class='ocr_line' id='line_1_2' title="bbox 622 255 1416 326; baseline 0.008 -6"><span class='ocrx_word' id='word_1_4' title='bbox 622 260 799 322; x_wconf 89' lang='lat' dir='ltr'><strong>LIB.</strong></span> <span class='ocrx_word' id='word_1_5' title='bbox 833 258 883 323; x_wconf 80' lang='lat' dir='ltr'>L</span> <span class='ocrx_word' id='word_1_6' title='bbox 957 255 1152 321; x_wconf 90' lang='lat' dir='ltr'><strong>CAP.</strong></span> <span class='ocrx_word' id='word_1_7' title='bbox 1182 260 1286 324; x_wconf 84' lang='lat'><strong>37.</strong></span> <span class='ocrx_word' id='word_1_8' title='bbox 1314 262 1416 326; x_wconf 84' lang='lat'><strong>38.</strong></span> 
     </span>
    </p>
   </div>
   <div class='ocr_carea' id='block_1_3' title="bbox 1866 262 1951 324">
    <p class='ocr_par' dir='ltr' id='par_1_3' title="bbox 1866 262 1951 324">
     <span class='ocr_line' id='line_1_3' title="bbox 1866 262 1951 324; baseline 0 0"><span class='ocrx_word' id='word_1_9' title='bbox 1866 262 1951 324; x_wconf 77' lang='lat'><strong>63</strong></span> 
     </span>
    </p>
   </div>
   <div class='ocr_carea' id='block_1_4' title="bbox 87 381 1952 555">
    <p class='ocr_par' dir='ltr' id='par_1_4' title="bbox 87 381 1952 555">
     <span class='ocr_line' id='line_1_4' title="bbox 90 381 1951 466; baseline -0.002 -11"><span class='ocrx_word' id='word_1_10' title='bbox 90 395 217 456; x_wconf 90' lang='lat' dir='ltr'><strong>tani</strong></span> <span class='ocrx_word' id='word_1_11' title='bbox 243 390 912 466; x_wconf 74' lang='lat' dir='ltr'><strong>unaetvicesima&#39;nique,</strong></span> <span class='ocrx_word' id='word_1_12' title='bbox 970 388 1164 446; x_wconf 89' lang='lat' dir='ltr'><strong>donec</strong></span> <span class='ocrx_word' id='word_1_13' title='bbox 1196 388 1407 447; x_wconf 90' lang='lat' dir='ltr'><strong>iisdem</strong></span> <span class='ocrx_word' id='word_1_14' title='bbox 1437 391 1503 449; x_wconf 86' lang='lat' dir='ltr'><strong>in</strong></span> <span class='ocrx_word' id='word_1_15' title='bbox 1539 381 1779 451; x_wconf 80' lang='lat' dir='ltr'><strong>aestivis</strong></span> <span class='ocrx_word' id='word_1_16' title='bbox 1807 413 1951 451; x_wconf 90' lang='lat' dir='ltr'><strong>con-</strong></span> 
     </span>
     <span class='ocr_line' id='line_1_5' title="bbox 87 473 1952 555; baseline -0.003 -15"><span class='ocrx_word' id='word_1_17' title='bbox 87 492 271 540; x_wconf 88' lang='lat' dir='ltr'><strong>tracta</strong></span> <span class='ocrx_word' id='word_1_18' title='bbox 318 500 387 535; x_wconf 75' lang='lat' dir='ltr'><strong>ex</strong></span> <span class='ocrx_word' id='word_1_19' title='bbox 431 478 646 535; x_wconf 86' lang='lat' dir='ltr'><strong>viatico</strong></span> <span class='ocrx_word' id='word_1_20' title='bbox 693 474 1023 532; x_wconf 87' lang='lat' dir='ltr'><strong>amicorum</strong></span> <span class='ocrx_word' id='word_1_21' title='bbox 1069 473 1373 552; x_wconf 83' lang='lat' dir='ltr'>ipsiusque</span> <span class='ocrx_word' id='word_1_22' title='bbox 1406 474 1671 536; x_wconf 80' lang='lat' dir='ltr'>Caesaris</span> <span class='ocrx_word' id='word_1_23' title='bbox 1690 479 1952 555; x_wconf 50' lang='lat' dir='ltr'><strong>¹pecunia</strong></span> 
     </span>
    </p>
   </div>
   <div class='ocr_carea' id='block_1_5' title="bbox 87 567 538 643">
    <p class='ocr_par' dir='ltr' id='par_1_5' title="bbox 87 567 538 643">
     <span class='ocr_line' id='line_1_6' title="bbox 87 567 538 643; baseline 0 -20"><span class='ocrx_word' id='word_1_24' title='bbox 87 567 538 643; x_wconf 78' lang='lat' dir='ltr'><strong>persolveretur.</strong></span> 
     </span>
    </p>
   </div>
   <div class='ocr_carea' id='block_1_6' title="bbox 633 558 1951 635">
    <p class='ocr_par' dir='ltr' id='par_1_6' title="bbox 633 558 1951 635">
     <span class='ocr_line' id='line_1_7' title="bbox 633 558 1951 635; baseline 0.004 -17"><span class='ocrx_word' id='word_1_25' title='bbox 633 558 900 618; x_wconf 82' lang='lat' dir='ltr'><strong>Primam</strong></span> <span class='ocrx_word' id='word_1_26' title='bbox 940 579 1008 616; x_wconf 92' lang='lat' dir='ltr'><strong>ac</strong></span> <span class='ocrx_word' id='word_1_27' title='bbox 1036 558 1377 616; x_wconf 84' lang='lat' dir='ltr'><strong>vicesimam</strong></span> <span class='ocrx_word' id='word_1_28' title='bbox 1407 559 1667 635; x_wconf 87' lang='lat' dir='ltr'><strong>legiones</strong></span> <span class='ocrx_word' id='word_1_29' title='bbox 1697 562 1951 634; x_wconf 72' lang='lat' dir='ltr'><strong>Caecina</strong></span> 
     </span>
    </p>
   </div>
   <div class='ocr_carea' id='block_1_7' title="bbox 86 643 1954 810">
    <p class='ocr_par' dir='ltr' id='par_1_7' title="bbox 86 643 1954 810">
     <span class='ocr_line' id='line_1_8' title="bbox 87 643 1951 726; baseline -0.003 -17"><span class='ocrx_word' id='word_1_30' title='bbox 87 654 309 726; x_wconf 88' lang='lat' dir='ltr'><strong>legatus</strong></span> <span class='ocrx_word' id='word_1_31' title='bbox 331 651 398 706; x_wconf 88' lang='lat' dir='ltr'><strong>in</strong></span> <span class='ocrx_word' id='word_1_32' title='bbox 418 643 1023 706; x_wconf 78' lang='lat' dir='ltr'><strong>civitatemUbiorum</strong></span> <span class='ocrx_word' id='word_1_33' title='bbox 1048 644 1304 715; x_wconf 80' lang='lat' dir='ltr'><strong>reduxit,</strong></span> <span class='ocrx_word' id='word_1_34' title='bbox 1334 647 1497 721; x_wconf 80' lang='lat' dir='ltr'><strong>turpi</strong></span> <span class='ocrx_word' id='word_1_35' title='bbox 1521 649 1775 721; x_wconf 85' lang='lat' dir='ltr'><strong>agmine,</strong></span> <span class='ocrx_word' id='word_1_36' title='bbox 1816 669 1951 708; x_wconf 90' lang='lat' dir='ltr'><strong>cum</strong></span> 
     </span>
     <span class='ocr_line' id='line_1_9' title="bbox 86 729 1954 810; baseline -0.002 -15"><span class='ocrx_word' id='word_1_37' title='bbox 86 738 210 795; x_wconf 86' lang='lat' dir='ltr'><strong>fisci</strong></span> <span class='ocrx_word' id='word_1_38' title='bbox 237 738 312 792; x_wconf 90' lang='lat' dir='ltr'><strong>de</strong></span> <span class='ocrx_word' id='word_1_39' title='bbox 331 734 686 809; x_wconf 74' lang='lat' dir='ltr'><strong>imperatore</strong></span> <span class='ocrx_word' id='word_1_40' title='bbox 714 730 872 806; x_wconf 87' lang='lat' dir='ltr'><strong>rapti</strong></span> <span class='ocrx_word' id='word_1_41' title='bbox 903 731 1059 788; x_wconf 87' lang='lat' dir='ltr'><strong>inter</strong></span> <span class='ocrx_word' id='word_1_42' title='bbox 1090 729 1256 804; x_wconf 89' lang='lat' dir='ltr'><strong>signa</strong></span> <span class='ocrx_word' id='word_1_43' title='bbox 1289 729 1560 807; x_wconf 86' lang='lat' dir='ltr'><strong>interque</strong></span> <span class='ocrx_word' id='word_1_44' title='bbox 1591 735 1819 810; x_wconf 85' lang='lat' dir='ltr'><strong>aquilas</strong></span> <span class='ocrx_word' id='word_1_45' title='bbox 1848 754 1954 792; x_wconf 90' lang='lat' dir='ltr'><strong>ve-</strong></span> 
     </span>
    </p>
   </div>
   <div class='ocr_carea' id='block_1_8' title="bbox 89 819 392 878">
    <p class='ocr_par' dir='ltr' id='par_1_8' title="bbox 89 819 392 878">
     <span class='ocr_line' id='line_1_10' title="bbox 89 819 392 878; baseline 0.003 -1"><span class='ocrx_word' id='word_1_46' title='bbox 89 819 392 878; x_wconf 86' lang='lat' dir='ltr'><strong>herentur.</strong></span> 
     </span>
    </p>
   </div>
   <div class='ocr_carea' id='block_1_9' title="bbox 504 814 2052 907">
    <p class='ocr_par' dir='ltr' id='par_1_9' title="bbox 504 814 2052 907">
     <span class='ocr_line' id='line_1_11' title="bbox 504 814 2052 907; baseline 0 -33"><span class='ocrx_word' id='word_1_47' title='bbox 504 814 897 874; x_wconf 87' lang='lat' dir='ltr'><strong>Germanicus</strong></span> <span class='ocrx_word' id='word_1_48' title='bbox 943 814 1306 892; x_wconf 89' lang='lat' dir='ltr'><strong>superiorem</strong></span> <span class='ocrx_word' id='word_1_49' title='bbox 1349 816 1421 872; x_wconf 87' lang='lat' dir='ltr'><strong>ad</strong></span> <span class='ocrx_word' id='word_1_50' title='bbox 1457 818 1775 876; x_wconf 84' lang='lat' dir='ltr'><strong>exercitum</strong></span> <span class='ocrx_word' id='word_1_51' title='bbox 1809 839 2022 907; x_wconf 20' lang='grc' dir='ltr'><strong>Ριτοι-ᾟῖἱ</strong></span> <span class='ocrx_word' id='word_1_52' title='bbox 2040 861 2052 874; x_wconf 79' lang='grc'><strong><em>,</em></strong></span> 
     </span>
    </p>
   </div>
   <div class='ocr_carea' id='block_1_10' title="bbox 87 901 1953 969">
    <p class='ocr_par' dir='ltr' id='par_1_10' title="bbox 87 901 1953 969">
     <span class='ocr_line' id='line_1_12' title="bbox 87 901 1953 969; baseline 0.001 -8"><span class='ocrx_word' id='word_1_53' title='bbox 87 908 268 963; x_wconf 88' lang='lat' dir='ltr'><strong>sectus</strong></span> <span class='ocrx_word' id='word_1_54' title='bbox 300 904 619 961; x_wconf 88' lang='lat' dir='ltr'><strong>secundam</strong></span> <span class='ocrx_word' id='word_1_55' title='bbox 640 913 699 959; x_wconf 91' lang='lat' dir='ltr'><strong>et</strong></span> <span class='ocrx_word' id='word_1_56' title='bbox 724 901 961 958; x_wconf 78' lang='lat' dir='ltr'><strong>tertiam</strong></span> <span class='ocrx_word' id='word_1_57' title='bbox 987 901 1292 969; x_wconf 79' lang='lat' dir='ltr'><strong>demunam</strong></span> <span class='ocrx_word' id='word_1_58' title='bbox 1316 911 1374 958; x_wconf 85' lang='lat' dir='ltr'><strong>et</strong></span> <span class='ocrx_word' id='word_1_59' title='bbox 1395 913 1616 960; x_wconf 83' lang='lat' dir='ltr'><strong>sextam</strong></span> <span class='ocrx_word' id='word_1_60' title='bbox 1641 903 1953 962; x_wconf 89' lang='lat' dir='ltr'><strong>decumam</strong></span> 
     </span>
    </p>
   </div>
   <div class='ocr_carea' id='block_1_11' title="bbox 89 985 1582 1065">
    <p class='ocr_par' dir='ltr' id='par_1_11' title="bbox 89 985 1582 1065">
     <span class='ocr_line' id='line_1_13' title="bbox 89 985 1582 1065; baseline -0.001 -18"><span class='ocrx_word' id='word_1_61' title='bbox 89 991 349 1065; x_wconf 85' lang='lat' dir='ltr'><strong>legiones</strong></span> <span class='ocrx_word' id='word_1_62' title='bbox 401 985 557 1044; x_wconf 89' lang='lat' dir='ltr'><strong>nihil</strong></span> <span class='ocrx_word' id='word_1_63' title='bbox 620 998 917 1044; x_wconf 85' lang='lat' dir='ltr'><strong>cunctatas</strong></span> <span class='ocrx_word' id='word_1_64' title='bbox 971 997 1334 1044; x_wconf 88' lang='lat' dir='ltr'><strong>sacramento</strong></span> <span class='ocrx_word' id='word_1_65' title='bbox 1378 986 1582 1061; x_wconf 82' lang='lat' dir='ltr'><strong>adigit.</strong></span> 
     </span>
    </p>
   </div>
   <div class='ocr_carea' id='block_1_12' title="bbox 1693 986 1953 1060">
    <p class='ocr_par' dir='ltr' id='par_1_12' title="bbox 1693 986 1953 1060">
     <span class='ocr_line' id='line_1_14' title="bbox 1693 986 1953 1060; baseline 0.012 -15"><span class='ocrx_word' id='word_1_66' title='bbox 1693 986 1953 1060; x_wconf 86' lang='lat' dir='ltr'><strong>Quarta-</strong></span> 
     </span>
    </p>
   </div>
   <div class='ocr_carea' id='block_1_13' title="bbox 74 1072 1955 1406">
    <p class='ocr_par' dir='ltr' id='par_1_13' title="bbox 84 1072 1950 1149">
     <span class='ocr_line' id='line_1_15' title="bbox 84 1072 1950 1149; baseline -0.001 -16"><span class='ocrx_word' id='word_1_67' title='bbox 84 1075 398 1133; x_wconf 85' lang='lat' dir='ltr'><strong>decumani</strong></span> <span class='ocrx_word' id='word_1_68' title='bbox 467 1073 714 1149; x_wconf 89' lang='lat' dir='ltr'><strong>paulum</strong></span> <span class='ocrx_word' id='word_1_69' title='bbox 781 1072 1229 1146; x_wconf 78' lang='lat' dir='ltr'><strong>dubitaverant:</strong></span> <span class='ocrx_word' id='word_1_70' title='bbox 1308 1072 1563 1149; x_wconf 82' lang='lat' dir='ltr'><strong>pecunia</strong></span> <span class='ocrx_word' id='word_1_71' title='bbox 1630 1082 1688 1130; x_wconf 89' lang='lat' dir='ltr'><strong>et</strong></span> <span class='ocrx_word' id='word_1_72' title='bbox 1748 1075 1950 1132; x_wconf 88' lang='lat' dir='ltr'><strong>missio</strong></span> 
     </span>
    </p>

    <p class='ocr_par' dir='ltr' id='par_1_14' title="bbox 74 1156 1955 1320">
     <span class='ocr_line' id='line_1_16' title="bbox 74 1156 1815 1238; baseline -0.005 -19"><span class='ocrx_word' id='word_1_73' title='bbox 74 1160 356 1238; x_wconf 52' lang='lat' dir='ltr'><strong>&#39;quamvis</strong></span> <span class='ocrx_word' id='word_1_74' title='bbox 391 1180 516 1216; x_wconf 87' lang='lat' dir='ltr'><strong>non</strong></span> <span class='ocrx_word' id='word_1_75' title='bbox 555 1156 957 1232; x_wconf 85' lang='lat' dir='ltr'><strong>flagitantibus</strong></span> <span class='ocrx_word' id='word_1_76' title='bbox 991 1156 1187 1215; x_wconf 84' lang='lat' dir='ltr'><strong>oblata</strong></span> <span class='ocrx_word' id='word_1_77' title='bbox 1223 1166 1324 1219; x_wconf 73' lang='lat' dir='ltr'><strong>est.</strong></span> <span class='ocrx_word' id='word_1_78' title='bbox 1688 1216 1690 1219; x_wconf 57' lang='grc'>,</span> <span class='ocrx_word' id='word_1_79' title='bbox 1813 1159 1815 1163; x_wconf 83' lang='grc'><strong>’</strong></span> 
     </span>
     <span class='ocr_line' id='line_1_17' title="bbox 251 1237 1955 1320; baseline -0.001 -18"><span class='ocrx_word' id='word_1_80' title='bbox 251 1241 598 1302; x_wconf 60' lang='lat' dir='ltr'><strong>XXXVIII.</strong></span> <span class='ocrx_word' id='word_1_81' title='bbox 686 1238 769 1300; x_wconf 91' lang='lat' dir='ltr'><strong>At</strong></span> <span class='ocrx_word' id='word_1_82' title='bbox 808 1242 875 1299; x_wconf 89' lang='lat' dir='ltr'><strong>in</strong></span> <span class='ocrx_word' id='word_1_83' title='bbox 913 1237 1174 1300; x_wconf 88' lang='lat' dir='ltr'><strong>Chaucis</strong></span> <span class='ocrx_word' id='word_1_84' title='bbox 1220 1254 1563 1320; x_wconf 85' lang='lat' dir='ltr'><strong>coeptavere</strong></span> <span class='ocrx_word' id='word_1_85' title='bbox 1602 1241 1955 1301; x_wconf 74' lang='lat' dir='ltr'><strong>seditionem</strong></span> 
     </span>
    </p>

    <p class='ocr_par' dir='ltr' id='par_1_15' title="bbox 83 1327 1954 1406">
     <span class='ocr_line' id='line_1_18' title="bbox 83 1327 1954 1406; baseline 0.001 -19"><span class='ocrx_word' id='word_1_86' title='bbox 83 1329 444 1406; x_wconf 85' lang='lat' dir='ltr'><strong>praesidium</strong></span> <span class='ocrx_word' id='word_1_87' title='bbox 473 1328 759 1401; x_wconf 84' lang='lat' dir='ltr'><strong>agitantes</strong></span> <span class='ocrx_word' id='word_1_88' title='bbox 787 1327 1078 1385; x_wconf 84' lang='lat' dir='ltr'><strong>vexillarii</strong></span> <span class='ocrx_word' id='word_1_89' title='bbox 1116 1327 1484 1387; x_wconf 88' lang='lat' dir='ltr'><strong>discordium</strong></span> <span class='ocrx_word' id='word_1_90' title='bbox 1513 1327 1854 1404; x_wconf 87' lang='lat' dir='ltr'><strong>legionum,</strong></span> <span class='ocrx_word' id='word_1_91' title='bbox 1897 1341 1954 1388; x_wconf 89' lang='lat' dir='ltr'><strong>et</strong></span> 
     </span>
    </p>
   </div>
   <div class='ocr_carea' id='block_1_14' title="bbox 0 1519 994 3646">
    <p class='ocr_par' dir='ltr' id='par_1_16' title="bbox 0 1519 994 3646">
     <span class='ocr_line' id='line_1_19' title="bbox 133 1519 994 1580; baseline -0.002 -13"><span class='ocrx_word' id='word_1_92' title='bbox 133 1524 334 1580; x_wconf 69' lang='lat' dir='ltr'><strong>pecunia</strong></span> <span class='ocrx_word' id='word_1_93' title='bbox 358 1523 724 1578; x_wconf 76' lang='lat' dir='ltr'><strong>persolveretur.</strong></span> <span class='ocrx_word' id='word_1_94' title='bbox 782 1519 888 1565; x_wconf 91' lang='lat' dir='ltr'><strong>Non</strong></span> <span class='ocrx_word' id='word_1_95' title='bbox 911 1537 994 1565; x_wconf 75' lang='lat' dir='ltr'><strong>so·-</strong></span> 
     </span>
     <span class='ocr_line' id='line_1_20' title="bbox 80 1579 981 1640; baseline -0.006 -14"><span class='ocrx_word' id='word_1_96' title='bbox 80 1582 177 1626; x_wconf 88' lang='lat' dir='ltr'><strong>lum</strong></span> <span class='ocrx_word' id='word_1_97' title='bbox 250 1580 477 1640; x_wconf 73' lang='lat' dir='ltr'><strong>quintanis</strong></span> <span class='ocrx_word' id='word_1_98' title='bbox 546 1579 981 1624; x_wconf 81' lang='lat' dir='ltr'><strong>unaetvicesimanis·</strong></span> 
     </span>
     <span class='ocr_line' id='line_1_21' title="bbox 78 1635 979 1698; baseline -0.003 -16"><span class='ocrx_word' id='word_1_99' title='bbox 78 1655 194 1698; x_wconf 85' lang='lat' dir='ltr'><strong>que,</strong></span> <span class='ocrx_word' id='word_1_100' title='bbox 233 1638 310 1682; x_wconf 82' lang='lat' dir='ltr'><strong>sed</strong></span> <span class='ocrx_word' id='word_1_101' title='bbox 340 1638 473 1681; x_wconf 87' lang='lat' dir='ltr'><strong>etiam</strong></span> <span class='ocrx_word' id='word_1_102' title='bbox 503 1635 719 1695; x_wconf 84' lang='lat' dir='ltr'><strong>primanis</strong></span> <span class='ocrx_word' id='word_1_103' title='bbox 752 1646 796 1681; x_wconf 87' lang='lat' dir='ltr'><strong>et</strong></span> <span class='ocrx_word' id='word_1_104' title='bbox 825 1636 979 1681; x_wconf 78' lang='lat' dir='ltr'><strong>vicesi-</strong></span> 
     </span>
     <span class='ocr_line' id='line_1_22' title="bbox 80 1693 980 1755; baseline -0.006 -14"><span class='ocrx_word' id='word_1_105' title='bbox 80 1697 250 1746; x_wconf 82' lang='lat' dir='ltr'><strong>manis,</strong></span> <span class='ocrx_word' id='word_1_106' title='bbox 281 1695 406 1755; x_wconf 87' lang='lat' dir='ltr'><strong>quod</strong></span> <span class='ocrx_word' id='word_1_107' title='bbox 427 1711 450 1738; x_wconf 91' lang='lat' dir='ltr'><strong>e</strong></span> <span class='ocrx_word' id='word_1_108' title='bbox 471 1713 505 1736; x_wconf 72' lang='lat' dir='ltr'><strong>s«</strong></span> <span class='ocrx_word' id='word_1_109' title='bbox 526 1711 569 1752; x_wconf 87' lang='lat' dir='ltr'><strong>q.</strong></span> <span class='ocrx_word' id='word_1_110' title='bbox 592 1693 733 1737; x_wconf 88' lang='lat' dir='ltr'><strong>intelli</strong></span> <span class='ocrx_word' id='word_1_111' title='bbox 767 1694 872 1739; x_wconf 88' lang='lat' dir='ltr'><strong>itur.</strong></span> <span class='ocrx_word' id='word_1_112' title='bbox 923 1694 980 1737; x_wconf 87' lang='lat' dir='ltr'><strong>Et</strong></span> 
     </span>
     <span class='ocr_line' id='line_1_23' title="bbox 80 1750 983 1810; baseline -0.004 -12"><span class='ocrx_word' id='word_1_113' title='bbox 80 1762 399 1806; x_wconf 63' lang='lat' dir='ltr'><strong>rectemonet</strong></span> <span class='ocrx_word' id='word_1_114' title='bbox 430 1753 462 1795; x_wconf 55' lang='lat' dir='ltr'>N</span> <span class='ocrx_word' id='word_1_115' title='bbox 513 1750 669 1804; x_wconf 72' lang='lat' dir='ltr'><strong>ouius,</strong></span> <span class='ocrx_word' id='word_1_116' title='bbox 709 1752 808 1796; x_wconf 81' lang='lat' dir='ltr'><strong>ilas</strong></span> <span class='ocrx_word' id='word_1_117' title='bbox 843 1751 983 1810; x_wconf 77' lang='lat' dir='ltr'><strong>legio-</strong></span> 
     </span>
     <span class='ocr_line' id='line_1_24' title="bbox 81 1809 982 1870; baseline -0.002 -16"><span class='ocrx_word' id='word_1_118' title='bbox 81 1829 187 1861; x_wconf 86' lang='lat' dir='ltr'><strong>nes,</strong></span> <span class='ocrx_word' id='word_1_119' title='bbox 226 1828 370 1870; x_wconf 80' lang='lat' dir='ltr'><strong>quum</strong></span> <span class='ocrx_word' id='word_1_120' title='bbox 401 1817 643 1869; x_wconf 84' lang='lat' dir='ltr'><strong>poscerent</strong></span> <span class='ocrx_word' id='word_1_121' title='bbox 679 1809 982 1868; x_wconf 80' lang='lat' dir='ltr'><strong>largitionem,</strong></span> 
     </span>
     <span class='ocr_line' id='line_1_25' title="bbox 82 1866 980 1926; baseline -0.001 -14"><span class='ocrx_word' id='word_1_122' title='bbox 82 1886 177 1912; x_wconf 88' lang='lat' dir='ltr'><strong>non</strong></span> <span class='ocrx_word' id='word_1_123' title='bbox 198 1870 348 1912; x_wconf 86' lang='lat' dir='ltr'><strong>solum</strong></span> <span class='ocrx_word' id='word_1_124' title='bbox 370 1884 452 1926; x_wconf 84' lang='lat' dir='ltr'><strong>pro</strong></span> <span class='ocrx_word' id='word_1_125' title='bbox 473 1884 545 1919; x_wconf 84' lang='lat' dir='ltr'><strong>se,</strong></span> <span class='ocrx_word' id='word_1_126' title='bbox 567 1866 751 1926; x_wconf 51' lang='lat' dir='ltr'><strong>sed»pro</strong></span> <span class='ocrx_word' id='word_1_127' title='bbox 774 1882 980 1911; x_wconf 89' lang='lat' dir='ltr'><strong>commu·</strong></span> 
     </span>
     <span class='ocr_line' id='line_1_26' title="bbox 82 1923 832 1971; baseline -0.005 0"><span class='ocrx_word' id='word_1_128' title='bbox 82 1927 215 1971; x_wconf 79' lang='lat' dir='ltr'><strong>nibus</strong></span> <span class='ocrx_word' id='word_1_129' title='bbox 236 1923 492 1970; x_wconf 84' lang='lat' dir='ltr'><strong>commodis</strong></span> <span class='ocrx_word' id='word_1_130' title='bbox 519 1924 693 1969; x_wconf 86' lang='lat' dir='ltr'><strong>locutas</strong></span> <span class='ocrx_word' id='word_1_131' title='bbox 718 1940 832 1968; x_wconf 82' lang='lat' dir='ltr'><strong>esse.</strong></span> 
     </span>
     <span class='ocr_line' id='line_1_27' title="bbox 136 1982 977 2038; baseline -0.004 -11"><span class='ocrx_word' id='word_1_132' title='bbox 136 1985 262 2027; x_wconf 70' lang='lat' dir='ltr'><strong>later</strong></span> <span class='ocrx_word' id='word_1_133' title='bbox 311 1984 453 2038; x_wconf 74' lang='lat' dir='ltr'><strong>signa</strong></span> <span class='ocrx_word' id='word_1_134' title='bbox 499 1984 716 2037; x_wconf 77' lang='lat' dir='ltr'><strong>interque</strong></span> <span class='ocrx_word' id='word_1_135' title='bbox 772 1982 977 2038; x_wconf 76' lang='lat' dir='ltr'><strong>aquilas.</strong></span> 
     </span>
     <span class='ocr_line' id='line_1_28' title="bbox 42 2039 979 2099; baseline -0.002 -14"><span class='ocrx_word' id='word_1_136' title='bbox 42 2068 56 2081; x_wconf 87' lang='lat'><strong>.</strong></span> <span class='ocrx_word' id='word_1_137' title='bbox 82 2041 155 2086; x_wconf 80' lang='lat' dir='ltr'><strong>Ad</strong></span> <span class='ocrx_word' id='word_1_138' title='bbox 185 2041 314 2099; x_wconf 81' lang='lat' dir='ltr'><strong>signa</strong></span> <span class='ocrx_word' id='word_1_139' title='bbox 335 2040 455 2083; x_wconf 86' lang='lat' dir='ltr'><strong>euim</strong></span> <span class='ocrx_word' id='word_1_140' title='bbox 484 2039 530 2082; x_wconf 89' lang='lat' dir='ltr'><strong>in</strong></span> <span class='ocrx_word' id='word_1_141' title='bbox 552 2041 707 2083; x_wconf 84' lang='lat' dir='ltr'><strong>castris</strong></span> <span class='ocrx_word' id='word_1_142' title='bbox 729 2039 979 2098; x_wconf 77' lang='lat' dir='ltr'><strong>deponeba-</strong></span> 
     </span>
     <span class='ocr_line' id='line_1_29' title="bbox 80 2096 979 2158; baseline -0.002 -15"><span class='ocrx_word' id='word_1_143' title='bbox 80 2106 155 2145; x_wconf 81' lang='lat' dir='ltr'><strong>tur</strong></span> <span class='ocrx_word' id='word_1_144' title='bbox 187 2099 394 2158; x_wconf 83' lang='lat' dir='ltr'><strong>pecunia.</strong></span> <span class='ocrx_word' id='word_1_145' title='bbox 454 2096 515 2141; x_wconf 86' lang='lat' dir='ltr'><strong>cs.</strong></span> <span class='ocrx_word' id='word_1_146' title='bbox 547 2097 671 2140; x_wconf 89' lang='lat' dir='ltr'><strong>Suet.</strong></span> <span class='ocrx_word' id='word_1_147' title='bbox 701 2096 841 2140; x_wconf 90' lang='lat' dir='ltr'><strong>Dom.</strong></span> <span class='ocrx_word' id='word_1_148' title='bbox 874 2114 913 2141; x_wconf 85' lang='lat' dir='ltr'><strong>c.</strong></span> <span class='ocrx_word' id='word_1_149' title='bbox 933 2097 979 2141; x_wconf 89' lang='lat'><strong>7.</strong></span> 
     </span>
     <span class='ocr_line' id='line_1_30' title="bbox 79 2153 980 2215; baseline 0 -18"><span class='ocrx_word' id='word_1_150' title='bbox 79 2155 239 2215; x_wconf 83' lang='lat' dir='ltr'><strong>Veget.</strong></span> <span class='ocrx_word' id='word_1_151' title='bbox 269 2157 321 2204; x_wconf 77' lang='lat'><strong>2,</strong></span> <span class='ocrx_word' id='word_1_152' title='bbox 352 2156 425 2198; x_wconf 79' lang='lat'><strong>20.</strong></span> <span class='ocrx_word' id='word_1_153' title='bbox 498 2153 653 2212; x_wconf 84' lang='lat' dir='ltr'><strong>Turpe</strong></span> <span class='ocrx_word' id='word_1_154' title='bbox 695 2162 762 2198; x_wconf 87' lang='lat' dir='ltr'><strong>est</strong></span> <span class='ocrx_word' id='word_1_155' title='bbox 811 2154 859 2197; x_wconf 90' lang='lat' dir='ltr'><strong>in</strong></span> <span class='ocrx_word' id='word_1_156' title='bbox 908 2170 980 2207; x_wconf 87' lang='lat' dir='ltr'><strong>eo,</strong></span> 
     </span>
     <span class='ocr_line' id='line_1_31' title="bbox 71 2210 978 2273; baseline -0.003 -15"><span class='ocrx_word' id='word_1_157' title='bbox 71 2214 200 2273; x_wconf 79' lang='lat' dir='ltr'><strong>quod</strong></span> <span class='ocrx_word' id='word_1_158' title='bbox 233 2212 422 2271; x_wconf 73' lang='lat' dir='ltr'><strong>pecunia</strong></span> <span class='ocrx_word' id='word_1_159' title='bbox 454 2211 562 2255; x_wconf 75' lang='lat' dir='ltr'><strong>deos</strong></span> <span class='ocrx_word' id='word_1_160' title='bbox 591 2210 808 2256; x_wconf 88' lang='lat' dir='ltr'><strong>militares</strong></span> <span class='ocrx_word' id='word_1_161' title='bbox 838 2212 978 2255; x_wconf 88' lang='lat' dir='ltr'><strong>comi·</strong></span> 
     </span>
     <span class='ocr_line' id='line_1_32' title="bbox 0 2269 978 2361; baseline -0.005 -44"><span class='ocrx_word' id='word_1_162' title='bbox 0 2276 39 2361; x_wconf 43' lang='lat' dir='ltr'>ff</span> <span class='ocrx_word' id='word_1_163' title='bbox 77 2280 176 2317; x_wconf 72' lang='lat' dir='ltr'><strong>tans</strong></span> <span class='ocrx_word' id='word_1_164' title='bbox 207 2270 427 2328; x_wconf 83' lang='lat' dir='ltr'><strong>flagitiose</strong></span> <span class='ocrx_word' id='word_1_165' title='bbox 467 2269 729 2327; x_wconf 86' lang='lat' dir='ltr'><strong>imperatori</strong></span> <span class='ocrx_word' id='word_1_166' title='bbox 774 2277 867 2313; x_wconf 86' lang='lat' dir='ltr'><strong>erat</strong></span> <span class='ocrx_word' id='word_1_167' title='bbox 907 2285 978 2312; x_wconf 85' lang='lat' dir='ltr'><strong>ex·</strong></span> 
     </span>
     <span class='ocr_line' id='line_1_33' title="bbox 79 2326 573 2386; baseline -0.004 -15"><span class='ocrx_word' id='word_1_168' title='bbox 79 2336 199 2373; x_wconf 83' lang='lat' dir='ltr'><strong>torta</strong></span> <span class='ocrx_word' id='word_1_169' title='bbox 222 2336 264 2371; x_wconf 85' lang='lat' dir='ltr'><strong>et</strong></span> <span class='ocrx_word' id='word_1_170' title='bbox 286 2326 411 2386; x_wconf 77' lang='lat' dir='ltr'><strong>quasi</strong></span> <span class='ocrx_word' id='word_1_171' title='bbox 433 2335 573 2385; x_wconf 85' lang='lat' dir='ltr'><strong>rapta.</strong></span> 
     </span>
     <span class='ocr_line' id='line_1_34' title="bbox 128 2382 978 2430; baseline 0.001 -2"><span class='ocrx_word' id='word_1_172' title='bbox 128 2388 422 2430; x_wconf 79' lang='lat' dir='ltr'><strong>veherentur.</strong></span> <span class='ocrx_word' id='word_1_173' title='bbox 452 2385 527 2428; x_wconf 79' lang='lat' dir='ltr'><strong>Se.</strong></span> <span class='ocrx_word' id='word_1_174' title='bbox 538 2383 686 2428; x_wconf 86' lang='lat' dir='ltr'><strong>mulis.</strong></span> <span class='ocrx_word' id='word_1_175' title='bbox 715 2383 773 2428; x_wconf 79' lang='lat' dir='ltr'><strong>cf.</strong></span> <span class='ocrx_word' id='word_1_176' title='bbox 787 2382 978 2429; x_wconf 75' lang='lat' dir='ltr'><strong>Phaedr-</strong></span> 
     </span>
     <span class='ocr_line' id='line_1_35' title="bbox 74 2441 975 2502; baseline -0.004 -13"><span class='ocrx_word' id='word_1_177' title='bbox 74 2445 173 2495; x_wconf 67' lang='lat'><strong>27.</strong></span> <span class='ocrx_word' id='word_1_178' title='bbox 195 2443 342 2502; x_wconf 85' lang='lat' dir='ltr'><strong>ibique</strong></span> <span class='ocrx_word' id='word_1_179' title='bbox 356 2441 590 2486; x_wconf 76' lang='lat' dir='ltr'><strong>Schwabe.</strong></span> <span class='ocrx_word' id='word_1_180' title='bbox 624 2441 795 2486; x_wconf 86' lang='lat' dir='ltr'><strong>Moneo</strong></span> <span class='ocrx_word' id='word_1_181' title='bbox 817 2458 975 2486; x_wconf 87' lang='lat' dir='ltr'><strong>eorum</strong></span> 
     </span>
     <span class='ocr_line' id='line_1_36' title="bbox 78 2499 977 2560; baseline -0.003 -14"><span class='ocrx_word' id='word_1_182' title='bbox 78 2518 235 2559; x_wconf 81' lang='lat' dir='ltr'><strong>eausa,</strong></span> <span class='ocrx_word' id='word_1_183' title='bbox 265 2501 341 2560; x_wconf 91' lang='lat' dir='ltr'><strong>qui</strong></span> <span class='ocrx_word' id='word_1_184' title='bbox 362 2501 471 2544; x_wconf 79' lang='lat' dir='ltr'><strong>vehi</strong></span> <span class='ocrx_word' id='word_1_185' title='bbox 491 2499 843 2559; x_wconf 79' lang='lat' dir='ltr'><strong>interpretantur</strong></span> <span class='ocrx_word' id='word_1_186' title='bbox 854 2500 977 2556; x_wconf 76' lang='lat' dir='ltr'><strong>sah-</strong></span> 
     </span>
     <span class='ocr_line' id='line_1_37' title="bbox 77 2575 179 2604; baseline -0.01 0"><span class='ocrx_word' id='word_1_187' title='bbox 77 2575 179 2604; x_wconf 84' lang='lat' dir='ltr'><strong>ren.</strong></span> 
     </span>
     <span class='ocr_line' id='line_1_38' title="bbox 60 2613 973 2662; baseline -0.003 0"><span class='ocrx_word' id='word_1_188' title='bbox 60 2631 65 2634; x_wconf 86' lang='lat'>·</span> <span class='ocrx_word' id='word_1_189' title='bbox 133 2624 390 2662; x_wconf 71' lang='lat' dir='ltr'><strong>cunctatas.</strong></span> <span class='ocrx_word' id='word_1_190' title='bbox 453 2613 566 2660; x_wconf 78' lang='lat' dir='ltr'><strong>Edd.</strong></span> <span class='ocrx_word' id='word_1_191' title='bbox 588 2613 798 2659; x_wconf 86' lang='lat' dir='ltr'><strong>Beroald.</strong></span> <span class='ocrx_word' id='word_1_192' title='bbox 827 2614 973 2660; x_wconf 84' lang='lat' dir='ltr'><strong>Rben.</strong></span> 
     </span>
     <span class='ocr_line' id='line_1_39' title="bbox 79 2672 974 2735; baseline -0.002 -15"><span class='ocrx_word' id='word_1_193' title='bbox 79 2692 131 2735; x_wconf 85' lang='lat' dir='ltr'><strong>sq</strong></span> <span class='ocrx_word' id='word_1_194' title='bbox 167 2707 179 2719; x_wconf 92' lang='lat'><strong>.</strong></span> <span class='ocrx_word' id='word_1_195' title='bbox 214 2682 469 2718; x_wconf 78' lang='lat' dir='ltr'><strong>cunctatus.</strong></span> <span class='ocrx_word' id='word_1_196' title='bbox 539 2672 659 2731; x_wconf 80' lang='lat' dir='ltr'><strong>Lips.</strong></span> <span class='ocrx_word' id='word_1_197' title='bbox 704 2689 769 2718; x_wconf 79' lang='lat' dir='ltr'><strong>ex.</strong></span> <span class='ocrx_word' id='word_1_198' title='bbox 793 2672 974 2731; x_wconf 82' lang='lat' dir='ltr'><strong>ingenio</strong></span> 
     </span>
     <span class='ocr_line' id='line_1_40' title="bbox 78 2690 975 2791; baseline 0 -15"><span class='ocrx_word' id='word_1_199' title='bbox 78 2690 206 2777; x_wconf 53' lang='lat' dir='ltr'><strong>‹tt-:lit</strong></span> <span class='ocrx_word' id='word_1_200' title='bbox 247 2737 509 2781; x_wconf 74' lang='lat' dir='ltr'><strong>cunctatas,</strong></span> <span class='ocrx_word' id='word_1_201' title='bbox 559 2730 683 2791; x_wconf 84' lang='lat' dir='ltr'><strong>quod</strong></span> <span class='ocrx_word' id='word_1_202' title='bbox 720 2738 876 2790; x_wconf 79' lang='lat' dir='ltr'><strong>postea</strong></span> <span class='ocrx_word' id='word_1_203' title='bbox 903 2729 975 2776; x_wconf 87' lang='lat' dir='ltr'><strong>Pi·</strong></span> 
     </span>
     <span class='ocr_line' id='line_1_41' title="bbox 78 2787 974 2848; baseline -0.002 -13"><span class='ocrx_word' id='word_1_204' title='bbox 78 2790 218 2835; x_wconf 74' lang='lat' dir='ltr'><strong>cltena</strong></span> <span class='ocrx_word' id='word_1_205' title='bbox 250 2790 295 2832; x_wconf 91' lang='lat' dir='ltr'><strong>in</strong></span> <span class='ocrx_word' id='word_1_206' title='bbox 326 2787 428 2832; x_wconf 84' lang='lat' dir='ltr'><strong>cod.</strong></span> <span class='ocrx_word' id='word_1_207' title='bbox 456 2788 558 2832; x_wconf 85' lang='lat' dir='ltr'><strong>MS.</strong></span> <span class='ocrx_word' id='word_1_208' title='bbox 588 2787 711 2832; x_wconf 79' lang='lat' dir='ltr'><strong>vidit.</strong></span> <span class='ocrx_word' id='word_1_209' title='bbox 771 2787 895 2848; x_wconf 82' lang='lat' dir='ltr'><strong>opp.</strong></span> <span class='ocrx_word' id='word_1_210' title='bbox 929 2789 974 2833; x_wconf 90' lang='lat' dir='ltr'><strong>in</strong></span> 
     </span>
     <span class='ocr_line' id='line_1_42' title="bbox 80 2846 768 2905; baseline 0.001 -16"><span class='ocrx_word' id='word_1_211' title='bbox 80 2862 175 2905; x_wconf 80' lang='lat' dir='ltr'><strong>sqq.</strong></span> <span class='ocrx_word' id='word_1_212' title='bbox 201 2848 399 2901; x_wconf 77' lang='lat' dir='ltr'><strong>paulum</strong></span> <span class='ocrx_word' id='word_1_213' title='bbox 424 2846 768 2890; x_wconf 57' lang='lat' dir='ltr'><strong>dubitauerunt.</strong></span> 
     </span>
     <span class='ocr_line' id='line_1_43' title="bbox 136 2902 972 2957; baseline 0.001 -12"><span class='ocrx_word' id='word_1_214' title='bbox 136 2911 434 2948; x_wconf 72' lang='lat' dir='ltr'><strong>sacramento</strong></span> <span class='ocrx_word' id='word_1_215' title='bbox 454 2905 619 2957; x_wconf 78' lang='lat' dir='ltr'><strong>adigit.</strong></span> <span class='ocrx_word' id='word_1_216' title='bbox 682 2902 723 2945; x_wconf 81' lang='lat' dir='ltr'><strong>b.</strong></span> <span class='ocrx_word' id='word_1_217' title='bbox 738 2919 777 2947; x_wconf 89' lang='lat' dir='ltr'><strong>e.</strong></span> <span class='ocrx_word' id='word_1_218' title='bbox 794 2902 840 2945; x_wconf 90' lang='lat' dir='ltr'><strong>in</strong></span> <span class='ocrx_word' id='word_1_219' title='bbox 865 2903 972 2949; x_wconf 83' lang='lat' dir='ltr'><strong>novi</strong></span> 
     </span>
     <span class='ocr_line' id='line_1_44' title="bbox 82 2960 776 3022; baseline -0.004 -17"><span class='ocrx_word' id='word_1_220' title='bbox 82 2960 294 3022; x_wconf 77' lang='lat' dir='ltr'><strong>principis</strong></span> <span class='ocrx_word' id='word_1_221' title='bbox 318 2961 448 3003; x_wconf 61' lang='lat' dir='ltr'><strong>sorba</strong></span> <span class='ocrx_word' id='word_1_222' title='bbox 472 2960 616 3003; x_wconf 81' lang='lat' dir='ltr'><strong>iurare</strong></span> <span class='ocrx_word' id='word_1_223' title='bbox 638 2960 776 3002; x_wconf 73' lang='lat' dir='ltr'><strong>iuuit.</strong></span> 
     </span>
     <span class='ocr_line' id='line_1_45' title="bbox 136 3014 972 3075; baseline 0.002 -15"><span class='ocrx_word' id='word_1_224' title='bbox 136 3018 572 3075; x_wconf 73' lang='lat' dir='ltr'><strong>quartadecumani.</strong></span> <span class='ocrx_word' id='word_1_225' title='bbox 627 3014 739 3059; x_wconf 74' lang='lat' dir='ltr'><strong>Edd.</strong></span> <span class='ocrx_word' id='word_1_226' title='bbox 766 3015 972 3062; x_wconf 79' lang='lat' dir='ltr'><strong>Beroald.</strong></span> 
     </span>
     <span class='ocr_line' id='line_1_46' title="bbox 0 3069 973 3132; baseline 0 -13"><span class='ocrx_word' id='word_1_227' title='bbox 0 3069 24 3106; x_wconf 12' lang='grc' dir='ltr'><strong>ἵ·</strong></span> <span class='ocrx_word' id='word_1_228' title='bbox 78 3076 339 3132; x_wconf 64' lang='grc' dir='ltr'><strong>Βὴεη.»ψι.</strong></span> <span class='ocrx_word' id='word_1_229' title='bbox 364 3075 791 3128; x_wconf 69' lang='lat' dir='ltr'><strong>quartadecumani.</strong></span> <span class='ocrx_word' id='word_1_230' title='bbox 859 3073 973 3119; x_wconf 77' lang='lat' dir='ltr'><strong>Edd-</strong></span> 
     </span>
     <span class='ocr_line' id='line_1_47' title="bbox 78 3133 973 3193; baseline -0.004 -16"><span class='ocrx_word' id='word_1_231' title='bbox 78 3134 197 3193; x_wconf 74' lang='lat' dir='ltr'><strong>Lips.</strong></span> <span class='ocrx_word' id='word_1_232' title='bbox 210 3148 310 3191; x_wconf 74' lang='lat' dir='ltr'><strong>sqq.</strong></span> <span class='ocrx_word' id='word_1_233' title='bbox 329 3133 602 3175; x_wconf 73' lang='lat' dir='ltr'><strong>constantiae</strong></span> <span class='ocrx_word' id='word_1_234' title='bbox 623 3147 755 3176; x_wconf 73' lang='lat' dir='ltr'><strong>causa</strong></span> <span class='ocrx_word' id='word_1_235' title='bbox 773 3138 973 3187; x_wconf 78' lang='lat' dir='ltr'><strong>quartu-</strong></span> 
     </span>
     <span class='ocr_line' id='line_1_48' title="bbox 77 3188 865 3240; baseline -0.003 -5"><span class='ocrx_word' id='word_1_236' title='bbox 77 3192 341 3235; x_wconf 72' lang='lat' dir='ltr'><strong>decutnom&#39;.</strong></span> <span class='ocrx_word' id='word_1_237' title='bbox 402 3188 462 3233; x_wconf 80' lang='lat' dir='ltr'><strong>cs.</strong></span> <span class='ocrx_word' id='word_1_238' title='bbox 494 3198 588 3232; x_wconf 92' lang='lat' dir='ltr'><strong>not.</strong></span> <span class='ocrx_word' id='word_1_239' title='bbox 618 3188 672 3232; x_wconf 80' lang='lat' dir='ltr'><strong>ad</strong></span> <span class='ocrx_word' id='word_1_240' title='bbox 707 3191 771 3240; x_wconf 78' lang='lat'><strong>14,</strong></span> <span class='ocrx_word' id='word_1_241' title='bbox 796 3188 865 3233; x_wconf 77' lang='lat'><strong>84.</strong></span> 
     </span>
     <span class='ocr_line' id='line_1_49' title="bbox 135 3245 972 3291; baseline 0 0"><span class='ocrx_word' id='word_1_242' title='bbox 135 3247 248 3291; x_wconf 72' lang='lat' dir='ltr'><strong>CAP.</strong></span> <span class='ocrx_word' id='word_1_243' title='bbox 272 3245 343 3291; x_wconf 80' lang='grc'><strong>88.</strong></span> <span class='ocrx_word' id='word_1_244' title='bbox 407 3246 615 3289; x_wconf 68' lang='lat' dir='ltr'><strong>Clmucis.</strong></span> <span class='ocrx_word' id='word_1_245' title='bbox 669 3245 748 3288; x_wconf 82' lang='lat' dir='ltr'><strong>Ed.</strong></span> <span class='ocrx_word' id='word_1_246' title='bbox 766 3245 972 3291; x_wconf 77' lang='lat' dir='ltr'><strong>Beroatd.</strong></span> 
     </span>
     <span class='ocr_line' id='line_1_50' title="bbox 80 3303 871 3348; baseline -0.001 0"><span class='ocrx_word' id='word_1_247' title='bbox 80 3305 257 3348; x_wconf 50' lang='lat' dir='ltr'><strong>Cauca.</strong></span> <span class='ocrx_word' id='word_1_248' title='bbox 318 3305 376 3347; x_wconf 77' lang='lat' dir='ltr'><strong>At</strong></span> <span class='ocrx_word' id='word_1_249' title='bbox 402 3303 502 3348; x_wconf 73' lang='lat' dir='ltr'><strong>infr.</strong></span> <span class='ocrx_word' id='word_1_250' title='bbox 525 3321 564 3348; x_wconf 90' lang='lat' dir='ltr'><strong>c.</strong></span> <span class='ocrx_word' id='word_1_251' title='bbox 586 3303 659 3347; x_wconf 88' lang='lat'><strong>60.</strong></span> <span class='ocrx_word' id='word_1_252' title='bbox 687 3303 871 3347; x_wconf 72' lang='lat' dir='ltr'><strong>Chauci.</strong></span> 
     </span>
     <span class='ocr_line' id='line_1_51' title="bbox 138 3361 971 3420; baseline 0.001 -16"><span class='ocrx_word' id='word_1_253' title='bbox 138 3362 392 3404; x_wconf 67' lang='lat' dir='ltr'><strong>vexillarii.</strong></span> <span class='ocrx_word' id='word_1_254' title='bbox 486 3362 534 3404; x_wconf 82' lang='lat' dir='ltr'><em>V</em></span> <span class='ocrx_word' id='word_1_255' title='bbox 533 3361 747 3404; x_wconf 78' lang='lat' dir='ltr'><strong>e.tt&#39;llnrt&#39;i</strong></span> <span class='ocrx_word' id='word_1_256' title='bbox 800 3361 971 3420; x_wconf 76' lang='lat' dir='ltr'><strong>saepius</strong></span> 
     </span>
     <span class='ocr_line' id='line_1_52' title="bbox 0 3390 974 3531; baseline -0.002 -68"><span class='ocrx_word' id='word_1_257' title='bbox 0 3390 5 3531; x_wconf 67' lang='grc' dir='ltr'>Ι</span> <span class='ocrx_word' id='word_1_258' title='bbox 79 3419 195 3479; x_wconf 80' lang='lat' dir='ltr'><strong>apud</strong></span> <span class='ocrx_word' id='word_1_259' title='bbox 212 3418 318 3462; x_wconf 79' lang='lat' dir='ltr'><strong>Tac.</strong></span> <span class='ocrx_word' id='word_1_260' title='bbox 345 3417 461 3462; x_wconf 64' lang='lat' dir='ltr'><strong>obsit</strong></span> <span class='ocrx_word' id='word_1_261' title='bbox 490 3420 684 3463; x_wconf 75' lang='lat' dir='ltr'><strong>inultum</strong></span> <span class='ocrx_word' id='word_1_262' title='bbox 711 3428 974 3475; x_wconf 70' lang='lat' dir='ltr'><strong>vexaverunt</strong></span> 
     </span>
     <span class='ocr_line' id='line_1_53' title="bbox 77 3474 972 3535; baseline -0.003 -14"><span class='ocrx_word' id='word_1_263' title='bbox 77 3479 192 3522; x_wconf 79' lang='lat' dir='ltr'><strong>inter</strong></span> <span class='ocrx_word' id='word_1_264' title='bbox 232 3484 362 3520; x_wconf 76' lang='lat' dir='ltr'><strong>retes.</strong></span> <span class='ocrx_word' id='word_1_265' title='bbox 425 3474 530 3519; x_wconf 77' lang='lat' dir='ltr'><strong>Post</strong></span> <span class='ocrx_word' id='word_1_266' title='bbox 567 3493 668 3520; x_wconf 86' lang='lat' dir='ltr'><strong>uam</strong></span> <span class='ocrx_word' id='word_1_267' title='bbox 696 3475 870 3535; x_wconf 78' lang='lat' dir='ltr'><strong>Lipsius</strong></span> <span class='ocrx_word' id='word_1_268' title='bbox 899 3477 972 3530; x_wconf 81' lang='lat' dir='ltr'><strong>(de</strong></span> 
     </span>
     <span class='ocr_line' id='line_1_54' title="bbox 79 3533 970 3585; baseline -0.001 -6"><span class='ocrx_word' id='word_1_269' title='bbox 79 3534 171 3579; x_wconf 85' lang='lat' dir='ltr'><strong>mil.</strong></span> <span class='ocrx_word' id='word_1_270' title='bbox 239 3551 330 3577; x_wconf 74' lang='lat' dir='ltr'><strong>oni.</strong></span> <span class='ocrx_word' id='word_1_271' title='bbox 358 3533 389 3585; x_wconf 87' lang='grc' dir='ltr'><strong>Ι,</strong></span> <span class='ocrx_word' id='word_1_272' title='bbox 408 3533 450 3577; x_wconf 86' lang='grc'><strong>8.</strong></span> <span class='ocrx_word' id='word_1_273' title='bbox 473 3542 512 3576; x_wconf 85' lang='lat' dir='ltr'><strong>et</strong></span> <span class='ocrx_word' id='word_1_274' title='bbox 585 3566 596 3583; x_wconf 89' lang='lat'><strong>.</strong></span> <span class='ocrx_word' id='word_1_275' title='bbox 623 3535 690 3579; x_wconf 86' lang='lat'><strong>19.</strong></span> <span class='ocrx_word' id='word_1_276' title='bbox 714 3543 757 3579; x_wconf 90' lang='lat' dir='ltr'><strong>et</strong></span> <span class='ocrx_word' id='word_1_277' title='bbox 782 3534 835 3577; x_wconf 82' lang='lat' dir='ltr'><strong>ad</strong></span> <span class='ocrx_word' id='word_1_278' title='bbox 861 3533 970 3578; x_wconf 83' lang='lat' dir='ltr'><strong>Tac.</strong></span> 
     </span>
     <span class='ocr_line' id='line_1_55' title="bbox 79 3590 972 3646; baseline -0.003 -9"><span class='ocrx_word' id='word_1_279' title='bbox 79 3593 165 3637; x_wconf 77' lang='lat' dir='ltr'><strong>An.</strong></span> <span class='ocrx_word' id='word_1_280' title='bbox 203 3595 249 3642; x_wconf 88' lang='lat'><strong>1.</strong></span> <span class='ocrx_word' id='word_1_281' title='bbox 296 3591 379 3646; x_wconf 88' lang='lat'><strong>17.)</strong></span> <span class='ocrx_word' id='word_1_282' title='bbox 433 3599 667 3637; x_wconf 81' lang='lat' dir='ltr'><strong>censuerat</strong></span> <span class='ocrx_word' id='word_1_283' title='bbox 724 3590 972 3636; x_wconf 76' lang='lat' dir='ltr'><strong>vexillarios</strong></span> 
     </span>
    </p>
   </div>
   <div class='ocr_carea' id='block_1_15' title="bbox 1043 1521 2014 3643">
    <p class='ocr_par' dir='ltr' id='par_1_17' title="bbox 1043 1521 2014 3643">
     <span class='ocr_line' id='line_1_56' title="bbox 1051 1521 1952 1583; baseline 0.002 -17"><span class='ocrx_word' id='word_1_284' title='bbox 1051 1521 1189 1566; x_wconf 79' lang='lat' dir='ltr'><strong>fuisse</strong></span> <span class='ocrx_word' id='word_1_285' title='bbox 1211 1530 1469 1575; x_wconf 83' lang='lat' dir='ltr'><strong>veteranos,</strong></span> <span class='ocrx_word' id='word_1_286' title='bbox 1498 1521 1578 1583; x_wconf 87' lang='lat' dir='ltr'><strong>qui</strong></span> <span class='ocrx_word' id='word_1_287' title='bbox 1599 1522 1830 1582; x_wconf 73' lang='lat' dir='ltr'><strong>stipendiis</strong></span> <span class='ocrx_word' id='word_1_288' title='bbox 1885 1538 1952 1568; x_wconf 89' lang='lat' dir='ltr'><strong>er-</strong></span> 
     </span>
     <span class='ocr_line' id='line_1_57' title="bbox 1052 1580 1952 1631; baseline 0.003 -8"><span class='ocrx_word' id='word_1_289' title='bbox 1052 1580 1162 1625; x_wconf 85' lang='lat' dir='ltr'><strong>actis</strong></span> <span class='ocrx_word' id='word_1_290' title='bbox 1185 1580 1238 1623; x_wconf 85' lang='lat' dir='ltr'><strong>ad</strong></span> <span class='ocrx_word' id='word_1_291' title='bbox 1256 1580 1465 1624; x_wconf 85' lang='lat' dir='ltr'><strong>vexillum</strong></span> <span class='ocrx_word' id='word_1_292' title='bbox 1487 1580 1807 1631; x_wconf 85' lang='lat' dir='ltr'><strong>retinerentur,</strong></span> <span class='ocrx_word' id='word_1_293' title='bbox 1871 1597 1952 1626; x_wconf 92' lang='lat' dir='ltr'><strong>on-</strong></span> 
     </span>
     <span class='ocr_line' id='line_1_58' title="bbox 1053 1635 1952 1698; baseline 0.002 -17"><span class='ocrx_word' id='word_1_294' title='bbox 1053 1653 1107 1683; x_wconf 82' lang='lat' dir='ltr'><strong>ec</strong></span> <span class='ocrx_word' id='word_1_295' title='bbox 1149 1635 1400 1695; x_wconf 84' lang='lat' dir='ltr'><strong>praemium</strong></span> <span class='ocrx_word' id='word_1_296' title='bbox 1454 1646 1521 1686; x_wconf 64' lang='lat' dir='ltr'><strong>et„</strong></span> <span class='ocrx_word' id='word_1_297' title='bbox 1542 1638 1729 1682; x_wconf 88' lang='lat' dir='ltr'><strong>emerita</strong></span> <span class='ocrx_word' id='word_1_298' title='bbox 1778 1639 1952 1698; x_wconf 89' lang='lat' dir='ltr'><strong>accipe·</strong></span> 
     </span>
     <span class='ocr_line' id='line_1_59' title="bbox 1052 1692 1951 1747; baseline 0 -8"><span class='ocrx_word' id='word_1_299' title='bbox 1052 1704 1181 1747; x_wconf 76' lang='lat' dir='ltr'><strong>rent3</strong></span> <span class='ocrx_word' id='word_1_300' title='bbox 1220 1695 1416 1740; x_wconf 81' lang='lat' dir='ltr'><strong>Piehena</strong></span> <span class='ocrx_word' id='word_1_301' title='bbox 1439 1694 1498 1739; x_wconf 91' lang='lat' dir='ltr'><strong>ad</strong></span> <span class='ocrx_word' id='word_1_302' title='bbox 1520 1692 1564 1740; x_wconf 86' lang='lat' dir='ltr'><strong>h.</strong></span> <span class='ocrx_word' id='word_1_303' title='bbox 1590 1695 1619 1740; x_wconf 91' lang='lat' dir='ltr'><strong>l.</strong></span> <span class='ocrx_word' id='word_1_304' title='bbox 1641 1703 1800 1742; x_wconf 83' lang='lat' dir='ltr'><strong>contra</strong></span> <span class='ocrx_word' id='word_1_305' title='bbox 1820 1696 1951 1740; x_wconf 87' lang='lat' dir='ltr'><strong>illum</strong></span> 
     </span>
     <span class='ocr_line' id='line_1_60' title="bbox 1053 1752 1952 1812; baseline 0.001 -15"><span class='ocrx_word' id='word_1_306' title='bbox 1053 1752 1313 1805; x_wconf 81' lang='lat' dir='ltr'><strong>contendit,</strong></span> <span class='ocrx_word' id='word_1_307' title='bbox 1355 1752 1605 1798; x_wconf 79' lang='lat' dir='ltr'><strong>vexillarios</strong></span> <span class='ocrx_word' id='word_1_308' title='bbox 1632 1753 1784 1812; x_wconf 87' lang='lat' dir='ltr'><strong>potius</strong></span> <span class='ocrx_word' id='word_1_309' title='bbox 1813 1752 1952 1799; x_wconf 85' lang='lat' dir='ltr'><strong>fuisse</strong></span> 
     </span>
     <span class='ocr_line' id='line_1_61' title="bbox 1052 1810 1951 1870; baseline -0.001 -15"><span class='ocrx_word' id='word_1_310' title='bbox 1052 1820 1228 1869; x_wconf 84' lang='lat' dir='ltr'><strong>partem</strong></span> <span class='ocrx_word' id='word_1_311' title='bbox 1261 1810 1615 1870; x_wconf 83' lang='lat' dir='ltr'><strong>legionariorum</strong></span> <span class='ocrx_word' id='word_1_312' title='bbox 1640 1810 1849 1864; x_wconf 87' lang='lat' dir='ltr'><strong>militum,</strong></span> <span class='ocrx_word' id='word_1_313' title='bbox 1877 1862 1880 1867; x_wconf 27' lang='lat'>¹</span> <span class='ocrx_word' id='word_1_314' title='bbox 1905 1811 1951 1855; x_wconf 86' lang='lat' dir='ltr'><strong>ui</strong></span> 
     </span>
     <span class='ocr_line' id='line_1_62' title="bbox 1051 1869 1954 1927; baseline 0.003 -16"><span class='ocrx_word' id='word_1_315' title='bbox 1051 1883 1075 1911; x_wconf 91' lang='lat' dir='ltr'><strong>a</strong></span> <span class='ocrx_word' id='word_1_316' title='bbox 1101 1885 1181 1914; x_wconf 82' lang='lat' dir='ltr'><strong>sua</strong></span> <span class='ocrx_word' id='word_1_317' title='bbox 1209 1869 1387 1927; x_wconf 79' lang='lat' dir='ltr'><strong>legione</strong></span> <span class='ocrx_word' id='word_1_318' title='bbox 1418 1869 1647 1921; x_wconf 85' lang='lat' dir='ltr'><strong>abessent,</strong></span> <span class='ocrx_word' id='word_1_319' title='bbox 1686 1883 1740 1913; x_wconf 85' lang='lat' dir='ltr'><strong>ac</strong></span> <span class='ocrx_word' id='word_1_320' title='bbox 1769 1869 1879 1915; x_wconf 82' lang='lat' dir='ltr'><strong>vexil</strong></span> <span class='ocrx_word' id='word_1_321' title='bbox 1898 1885 1954 1914; x_wconf 90' lang='lat' dir='ltr'><strong>a-</strong></span> 
     </span>
     <span class='ocr_line' id='line_1_63' title="bbox 1052 1925 1952 1985; baseline 0.003 -17"><span class='ocrx_word' id='word_1_322' title='bbox 1052 1925 1149 1970; x_wconf 88' lang='lat' dir='ltr'><strong>rios</strong></span> <span class='ocrx_word' id='word_1_323' title='bbox 1176 1925 1448 1985; x_wconf 79' lang='lat' dir='ltr'><strong>appellatos,</strong></span> <span class='ocrx_word' id='word_1_324' title='bbox 1478 1926 1582 1984; x_wconf 84' lang='lat' dir='ltr'><strong>quia</strong></span> <span class='ocrx_word' id='word_1_325' title='bbox 1613 1927 1668 1971; x_wconf 86' lang='lat' dir='ltr'><strong>ab</strong></span> <span class='ocrx_word' id='word_1_326' title='bbox 1699 1942 1722 1969; x_wconf 87' lang='lat' dir='ltr'><strong>a</strong></span> <span class='ocrx_word' id='word_1_327' title='bbox 1758 1925 1860 1971; x_wconf 78' lang='lat' dir='ltr'><strong>uilis</strong></span> <span class='ocrx_word' id='word_1_328' title='bbox 1891 1927 1952 1971; x_wconf 88' lang='lat' dir='ltr'><strong>le-</strong></span> 
     </span>
     <span class='ocr_line' id='line_1_64' title="bbox 1052 1982 1951 2044; baseline 0.002 -20"><span class='ocrx_word' id='word_1_329' title='bbox 1052 1982 1238 2039; x_wconf 86' lang='lat' dir='ltr'><strong>gionum</strong></span> <span class='ocrx_word' id='word_1_330' title='bbox 1279 1982 1471 2041; x_wconf 84' lang='lat' dir='ltr'><strong>separati</strong></span> <span class='ocrx_word' id='word_1_331' title='bbox 1510 1984 1593 2028; x_wconf 85' lang='lat' dir='ltr'><strong>sub</strong></span> <span class='ocrx_word' id='word_1_332' title='bbox 1634 1983 1727 2027; x_wconf 87' lang='lat' dir='ltr'><strong>vexi</strong></span> <span class='ocrx_word' id='word_1_333' title='bbox 1766 1983 1803 2028; x_wconf 85' lang='lat' dir='ltr'><strong>is</strong></span> <span class='ocrx_word' id='word_1_334' title='bbox 1845 2000 1951 2044; x_wconf 81' lang='lat' dir='ltr'><strong>pru·</strong></span> 
     </span>
     <span class='ocr_line' id='line_1_65' title="bbox 1051 2039 1950 2143; baseline 0.001 -58"><span class='ocrx_word' id='word_1_335' title='bbox 1051 2042 1159 2143; x_wconf 60' lang='lat' dir='ltr'><strong>plriis</strong></span> <span class='ocrx_word' id='word_1_336' title='bbox 1201 2039 1467 2084; x_wconf 84' lang='lat' dir='ltr'><strong>militarent.</strong></span> <span class='ocrx_word' id='word_1_337' title='bbox 1547 2040 1670 2085; x_wconf 81' lang='lat' dir='ltr'><strong>Hine</strong></span> <span class='ocrx_word' id='word_1_338' title='bbox 1707 2040 1828 2100; x_wconf 80' lang='lat' dir='ltr'><strong>Lips.</strong></span> <span class='ocrx_word' id='word_1_339' title='bbox 1877 2042 1950 2098; x_wconf 85' lang='lat' dir='ltr'><strong>(ad</strong></span> 
     </span>
     <span class='ocr_line' id='line_1_66' title="bbox 1096 2097 1952 2154; baseline 0.002 -13"><span class='ocrx_word' id='word_1_340' title='bbox 1096 2099 1166 2142; x_wconf 84' lang='lat' dir='ltr'><strong>ist.</strong></span> <span class='ocrx_word' id='word_1_341' title='bbox 1189 2099 1233 2150; x_wconf 79' lang='lat'><strong>2,</strong></span> <span class='ocrx_word' id='word_1_342' title='bbox 1264 2099 1377 2154; x_wconf 81' lang='lat'><strong>100.)</strong></span> <span class='ocrx_word' id='word_1_343' title='bbox 1407 2097 1676 2142; x_wconf 86' lang='lat' dir='ltr'><strong>sententiam</strong></span> <span class='ocrx_word' id='word_1_344' title='bbox 1698 2113 1826 2145; x_wconf 88' lang='lat' dir='ltr'><strong>suam</strong></span> <span class='ocrx_word' id='word_1_345' title='bbox 1849 2098 1952 2144; x_wconf 87' lang='lat' dir='ltr'><strong>hac·</strong></span> 
     </span>
     <span class='ocr_line' id='line_1_67' title="bbox 1051 2154 1952 2213; baseline 0 -13"><span class='ocrx_word' id='word_1_346' title='bbox 1051 2165 1183 2200; x_wconf 87' lang='lat' dir='ltr'><strong>tenus</strong></span> <span class='ocrx_word' id='word_1_347' title='bbox 1215 2155 1427 2204; x_wconf 83' lang='lat' dir='ltr'><strong>mutavit,</strong></span> <span class='ocrx_word' id='word_1_348' title='bbox 1483 2165 1534 2200; x_wconf 92' lang='lat' dir='ltr'><strong>ut</strong></span> <span class='ocrx_word' id='word_1_349' title='bbox 1565 2154 1765 2213; x_wconf 84' lang='lat' dir='ltr'><strong>duplicia</strong></span> <span class='ocrx_word' id='word_1_350' title='bbox 1793 2156 1952 2201; x_wconf 83' lang='lat' dir='ltr'><strong>vexilla</strong></span> 
     </span>
     <span class='ocr_line' id='line_1_68' title="bbox 1051 2210 1951 2272; baseline 0.001 -15"><span class='ocrx_word' id='word_1_351' title='bbox 1051 2213 1132 2258; x_wconf 91' lang='lat' dir='ltr'><strong>illo</strong></span> <span class='ocrx_word' id='word_1_352' title='bbox 1161 2229 1270 2257; x_wconf 79' lang='lat' dir='ltr'><strong>aevo</strong></span> <span class='ocrx_word' id='word_1_353' title='bbox 1302 2210 1443 2256; x_wconf 77' lang='lat' dir='ltr'><strong>fuisse</strong></span> <span class='ocrx_word' id='word_1_354' title='bbox 1466 2220 1704 2265; x_wconf 85' lang='lat' dir='ltr'><strong>statueret,</strong></span> <span class='ocrx_word' id='word_1_355' title='bbox 1732 2212 1860 2272; x_wconf 90' lang='lat' dir='ltr'><strong>prius</strong></span> <span class='ocrx_word' id='word_1_356' title='bbox 1881 2230 1951 2258; x_wconf 85' lang='lat' dir='ltr'><strong>ve-</strong></span> 
     </span>
     <span class='ocr_line' id='line_1_69' title="bbox 1050 2270 1952 2323; baseline -0.001 -7"><span class='ocrx_word' id='word_1_357' title='bbox 1050 2281 1338 2323; x_wconf 86' lang='lat' dir='ltr'><strong>teranorum,</strong></span> <span class='ocrx_word' id='word_1_358' title='bbox 1388 2270 1582 2315; x_wconf 91' lang='lat' dir='ltr'><strong>alterum</strong></span> <span class='ocrx_word' id='word_1_359' title='bbox 1633 2285 1683 2313; x_wconf 87' lang='lat' dir='ltr'><strong>ex</strong></span> <span class='ocrx_word' id='word_1_360' title='bbox 1727 2270 1952 2323; x_wconf 82' lang='lat' dir='ltr'><strong>electione</strong></span> 
     </span>
     <span class='ocr_line' id='line_1_70' title="bbox 1049 2327 1952 2389; baseline -0.001 -15"><span class='ocrx_word' id='word_1_361' title='bbox 1049 2327 1301 2374; x_wconf 79' lang='lat' dir='ltr'><strong>secundum</strong></span> <span class='ocrx_word' id='word_1_362' title='bbox 1328 2327 1590 2372; x_wconf 87' lang='lat' dir='ltr'><strong>Pichenam.</strong></span> <span class='ocrx_word' id='word_1_363' title='bbox 1650 2327 1724 2372; x_wconf 88' lang='lat' dir='ltr'><strong>Ab</strong></span> <span class='ocrx_word' id='word_1_364' title='bbox 1755 2337 1952 2389; x_wconf 81' lang='lat' dir='ltr'><strong>utroque</strong></span> 
     </span>
     <span class='ocr_line' id='line_1_71' title="bbox 1050 2385 1951 2432; baseline 0.001 -1"><span class='ocrx_word' id='word_1_365' title='bbox 1050 2385 1498 2431; x_wconf 79' lang='lat' dir='ltr'><strong>discessitErnestius</strong></span> <span class='ocrx_word' id='word_1_366' title='bbox 1519 2385 1567 2428; x_wconf 91' lang='lat' dir='ltr'><strong>in</strong></span> <span class='ocrx_word' id='word_1_367' title='bbox 1588 2401 1761 2431; x_wconf 85' lang='lat' dir='ltr'><strong>excurs.</strong></span> <span class='ocrx_word' id='word_1_368' title='bbox 1784 2386 1898 2432; x_wconf 85' lang='lat' dir='ltr'><strong>adh.</strong></span> <span class='ocrx_word' id='word_1_369' title='bbox 1919 2387 1951 2432; x_wconf 87' lang='lat' dir='ltr'><strong>l.</strong></span> 
     </span>
     <span class='ocr_line' id='line_1_72' title="bbox 1049 2442 1952 2502; baseline 0.002 -15"><span class='ocrx_word' id='word_1_370' title='bbox 1049 2443 1092 2488; x_wconf 86' lang='lat' dir='ltr'><strong>Is</strong></span> <span class='ocrx_word' id='word_1_371' title='bbox 1118 2459 1284 2502; x_wconf 85' lang='lat' dir='ltr'><strong>nempe</strong></span> <span class='ocrx_word' id='word_1_372' title='bbox 1306 2443 1519 2502; x_wconf 86' lang='lat' dir='ltr'><strong>repperit,</strong></span> <span class='ocrx_word' id='word_1_373' title='bbox 1541 2442 1793 2488; x_wconf 84' lang='lat' dir='ltr'><strong>vexillarios</strong></span> <span class='ocrx_word' id='word_1_374' title='bbox 1813 2443 1952 2489; x_wconf 78' lang='lat' dir='ltr'><strong>fuisse</strong></span> 
     </span>
     <span class='ocr_line' id='line_1_73' title="bbox 1048 2500 1952 2559; baseline 0.001 -13"><span class='ocrx_word' id='word_1_375' title='bbox 1048 2500 1279 2559; x_wconf 86' lang='lat' dir='ltr'><strong>peculiare</strong></span> <span class='ocrx_word' id='word_1_376' title='bbox 1320 2517 1462 2559; x_wconf 83' lang='lat' dir='ltr'><strong>genus</strong></span> <span class='ocrx_word' id='word_1_377' title='bbox 1504 2500 1702 2545; x_wconf 87' lang='lat' dir='ltr'><strong>militum</strong></span> <span class='ocrx_word' id='word_1_378' title='bbox 1737 2500 1855 2545; x_wconf 87' lang='lat' dir='ltr'><strong>inter</strong></span> <span class='ocrx_word' id='word_1_379' title='bbox 1891 2501 1952 2548; x_wconf 88' lang='lat' dir='ltr'><strong>le-</strong></span> 
     </span>
     <span class='ocr_line' id='line_1_74' title="bbox 1048 2557 1951 2619; baseline 0.001 -17"><span class='ocrx_word' id='word_1_380' title='bbox 1048 2557 1302 2617; x_wconf 78' lang='lat' dir='ltr'><strong>gionarios,</strong></span> <span class='ocrx_word' id='word_1_381' title='bbox 1338 2566 1380 2601; x_wconf 91' lang='lat' dir='ltr'><strong>et</strong></span> <span class='ocrx_word' id='word_1_382' title='bbox 1411 2557 1596 2617; x_wconf 86' lang='lat' dir='ltr'><strong>quidem</strong></span> <span class='ocrx_word' id='word_1_383' title='bbox 1625 2558 1834 2607; x_wconf 86' lang='lat' dir='ltr'><strong>eosdem,</strong></span> <span class='ocrx_word' id='word_1_384' title='bbox 1873 2559 1951 2619; x_wconf 85' lang='lat' dir='ltr'><strong>qui</strong></span> 
     </span>
     <span class='ocr_line' id='line_1_75' title="bbox 1050 2615 1951 2662; baseline 0.001 -1"><span class='ocrx_word' id='word_1_385' title='bbox 1050 2617 1164 2662; x_wconf 90' lang='lat' dir='ltr'><strong>olim</strong></span> <span class='ocrx_word' id='word_1_386' title='bbox 1187 2615 1346 2661; x_wconf 75' lang='lat' dir='ltr'><strong>hastati</strong></span> <span class='ocrx_word' id='word_1_387' title='bbox 1377 2615 1562 2660; x_wconf 80' lang='lat' dir='ltr'><strong>fuerint.</strong></span> <span class='ocrx_word' id='word_1_388' title='bbox 1623 2615 1757 2659; x_wconf 84' lang='lat' dir='ltr'><strong>Prius</strong></span> <span class='ocrx_word' id='word_1_389' title='bbox 1782 2617 1951 2662; x_wconf 84' lang='lat' dir='ltr'><strong>salma-</strong></span> 
     </span>
     <span class='ocr_line' id='line_1_76' title="bbox 1047 2671 1948 2729; baseline 0.002 -11"><span class='ocrx_word' id='word_1_390' title='bbox 1047 2673 1140 2719; x_wconf 82' lang='lat' dir='ltr'><strong>sius</strong></span> <span class='ocrx_word' id='word_1_391' title='bbox 1201 2673 1283 2729; x_wconf 84' lang='lat' dir='ltr'><strong>(ef.</strong></span> <span class='ocrx_word' id='word_1_392' title='bbox 1330 2671 1510 2717; x_wconf 82' lang='lat' dir='ltr'><strong>Graevii</strong></span> <span class='ocrx_word' id='word_1_393' title='bbox 1562 2672 1697 2717; x_wconf 85' lang='lat' dir='ltr'><strong>Thes.</strong></span> <span class='ocrx_word' id='word_1_394' title='bbox 1740 2672 1851 2719; x_wconf 76' lang='lat' dir='ltr'><strong>Ant.</strong></span> <span class='ocrx_word' id='word_1_395' title='bbox 1891 2674 1948 2720; x_wconf 83' lang='lat' dir='ltr'><strong>R.</strong></span> 
     </span>
     <span class='ocr_line' id='line_1_77' title="bbox 1046 2730 1949 2790; baseline 0.001 -15"><span class='ocrx_word' id='word_1_396' title='bbox 1046 2732 1087 2776; x_wconf 80' lang='grc' dir='ltr'><strong>Τ</strong></span> <span class='ocrx_word' id='word_1_397' title='bbox 1089 2748 1183 2775; x_wconf 89' lang='lat' dir='ltr'><strong>om.</strong></span> <span class='ocrx_word' id='word_1_398' title='bbox 1200 2731 1255 2775; x_wconf 89' lang='grc' dir='ltr'><strong>Χ.</strong></span> <span class='ocrx_word' id='word_1_399' title='bbox 1287 2747 1331 2790; x_wconf 89' lang='lat' dir='ltr'><strong>p.</strong></span> <span class='ocrx_word' id='word_1_400' title='bbox 1352 2730 1499 2787; x_wconf 76' lang='lat'><strong>1428.)</strong></span> <span class='ocrx_word' id='word_1_401' title='bbox 1522 2738 1780 2783; x_wconf 84' lang='lat' dir='ltr'><strong>censuerat,</strong></span> <span class='ocrx_word' id='word_1_402' title='bbox 1816 2731 1949 2776; x_wconf 77' lang='lat' dir='ltr'><strong>vexil-</strong></span> 
     </span>
     <span class='ocr_line' id='line_1_78' title="bbox 1049 2787 1948 2846; baseline 0.002 -12"><span class='ocrx_word' id='word_1_403' title='bbox 1049 2789 1185 2834; x_wconf 83' lang='lat' dir='ltr'><strong>larios</strong></span> <span class='ocrx_word' id='word_1_404' title='bbox 1210 2804 1305 2832; x_wconf 86' lang='lat' dir='ltr'><strong>esse</strong></span> <span class='ocrx_word' id='word_1_405' title='bbox 1336 2787 1652 2846; x_wconf 80' lang='lat' dir='ltr'><strong>intelligendos</strong></span> <span class='ocrx_word' id='word_1_406' title='bbox 1676 2787 1784 2833; x_wconf 78' lang='lat' dir='ltr'><strong>levis</strong></span> <span class='ocrx_word' id='word_1_407' title='bbox 1805 2804 1948 2836; x_wconf 81' lang='lat' dir='ltr'><strong>arma.-</strong></span> 
     </span>
     <span class='ocr_line' id='line_1_79' title="bbox 1048 2844 1948 2892; baseline 0.002 -2"><span class='ocrx_word' id='word_1_408' title='bbox 1048 2856 1175 2891; x_wconf 74' lang='lat' dir='ltr'><strong>turae</strong></span> <span class='ocrx_word' id='word_1_409' title='bbox 1210 2845 1391 2889; x_wconf 84' lang='lat' dir='ltr'><strong>milites.</strong></span> <span class='ocrx_word' id='word_1_410' title='bbox 1449 2844 1637 2889; x_wconf 87' lang='lat' dir='ltr'><strong>Dureau</strong></span> <span class='ocrx_word' id='word_1_411' title='bbox 1671 2844 1727 2890; x_wconf 88' lang='lat' dir='ltr'><strong>de</strong></span> <span class='ocrx_word' id='word_1_412' title='bbox 1748 2844 1948 2892; x_wconf 84' lang='lat' dir='ltr'><strong>Lamalle</strong></span> 
     </span>
     <span class='ocr_line' id='line_1_80' title="bbox 1048 2901 1945 2971; baseline 0.001 -24"><span class='ocrx_word' id='word_1_413' title='bbox 1048 2903 1092 2948; x_wconf 87' lang='lat' dir='ltr'><strong>id</strong></span> <span class='ocrx_word' id='word_1_414' title='bbox 1126 2917 1296 2946; x_wconf 65' lang='lat' dir='ltr'><strong>nomon</strong></span> <span class='ocrx_word' id='word_1_415' title='bbox 1329 2901 1492 2961; x_wconf 87' lang='lat' dir='ltr'><strong>accipit</strong></span> <span class='ocrx_word' id='word_1_416' title='bbox 1522 2901 1577 2946; x_wconf 85' lang='lat' dir='ltr'><strong>de</strong></span> <span class='ocrx_word' id='word_1_417' title='bbox 1609 2901 1767 2960; x_wconf 86' lang='lat' dir='ltr'><strong>primis</strong></span> <span class='ocrx_word' id='word_1_418' title='bbox 1796 2903 1945 2971; x_wconf 71' lang='lat' dir='ltr'><strong>singu·</strong></span> 
     </span>
     <span class='ocr_line' id='line_1_81' title="bbox 1048 2958 2014 3014; baseline 0.003 -10"><span class='ocrx_word' id='word_1_419' title='bbox 1048 2960 1193 3004; x_wconf 84' lang='lat' dir='ltr'><strong>larum</strong></span> <span class='ocrx_word' id='word_1_420' title='bbox 1227 2958 1485 3003; x_wconf 83' lang='lat' dir='ltr'><strong>cohortium</strong></span> <span class='ocrx_word' id='word_1_421' title='bbox 1522 2959 1759 3014; x_wconf 83' lang='lat' dir='ltr'><strong>centuriis,</strong></span> <span class='ocrx_word' id='word_1_422' title='bbox 1790 2960 1945 3007; x_wconf 75' lang='lat' dir='ltr'><strong>vexilli</strong></span> <span class='ocrx_word' id='word_1_423' title='bbox 2004 3001 2014 3007; x_wconf 83' lang='grc'><strong>.</strong></span> 
     </span>
     <span class='ocr_line' id='line_1_82' title="bbox 1045 3014 1944 3077; baseline 0.001 -15"><span class='ocrx_word' id='word_1_424' title='bbox 1045 3016 1333 3066; x_wconf 78' lang='lat' dir='ltr'><strong>custodibus,</strong></span> <span class='ocrx_word' id='word_1_425' title='bbox 1384 3014 1728 3077; x_wconf 74' lang='lat' dir='ltr'><strong>vexillariosqne</strong></span> <span class='ocrx_word' id='word_1_426' title='bbox 1765 3018 1944 3064; x_wconf 83' lang='lat' dir='ltr'><strong>adsimi-</strong></span> 
     </span>
     <span class='ocr_line' id='line_1_83' title="bbox 1046 3072 1944 3135; baseline 0.003 -17"><span class='ocrx_word' id='word_1_427' title='bbox 1046 3074 1106 3119; x_wconf 85' lang='lat' dir='ltr'><strong>lat</strong></span> <span class='ocrx_word' id='word_1_428' title='bbox 1142 3074 1180 3117; x_wconf 86' lang='lat' dir='ltr'><strong>ei</strong></span> <span class='ocrx_word' id='word_1_429' title='bbox 1221 3072 1416 3117; x_wconf 84' lang='lat' dir='ltr'><strong>militum</strong></span> <span class='ocrx_word' id='word_1_430' title='bbox 1460 3074 1642 3133; x_wconf 77' lang='lat' dir='ltr'><strong>generi,</strong></span> <span class='ocrx_word' id='word_1_431' title='bbox 1693 3075 1771 3135; x_wconf 90' lang='lat' dir='ltr'><strong>qui</strong></span> <span class='ocrx_word' id='word_1_432' title='bbox 1809 3075 1944 3122; x_wconf 86' lang='lat' dir='ltr'><strong>hodie</strong></span> 
     </span>
     <span class='ocr_line' id='line_1_84' title="bbox 1044 3130 1940 3190; baseline 0.003 -15"><span class='ocrx_word' id='word_1_433' title='bbox 1044 3132 1263 3175; x_wconf 83' lang='lat' dir='ltr'><strong>dicuntur</strong></span> <span class='ocrx_word' id='word_1_434' title='bbox 1322 3130 1625 3177; x_wconf 66' lang='lat' dir='ltr'><strong>Grenadoere.</strong></span> <span class='ocrx_word' id='word_1_435' title='bbox 1725 3131 1940 3190; x_wconf 86' lang='lat' dir='ltr'><strong>Quorum</strong></span> 
     </span>
     <span class='ocr_line' id='line_1_85' title="bbox 1045 3188 1943 3258; baseline 0.006 -27"><span class='ocrx_word' id='word_1_436' title='bbox 1045 3189 1246 3232; x_wconf 73' lang='lat' dir='ltr'><strong>virorum</strong></span> <span class='ocrx_word' id='word_1_437' title='bbox 1298 3188 1620 3256; x_wconf 77' lang='lat' dir='ltr'><strong>disputationes</strong></span> <span class='ocrx_word' id='word_1_438' title='bbox 1672 3205 1817 3258; x_wconf 81' lang='lat' dir='ltr'><strong>quum</strong></span> <span class='ocrx_word' id='word_1_439' title='bbox 1877 3193 1943 3237; x_wconf 89' lang='lat' dir='ltr'><strong>rei</strong></span> 
     </span>
     <span class='ocr_line' id='line_1_86' title="bbox 1044 3245 1942 3299; baseline 0.001 -8"><span class='ocrx_word' id='word_1_440' title='bbox 1044 3246 1249 3291; x_wconf 84' lang='lat' dir='ltr'><strong>nondum</strong></span> <span class='ocrx_word' id='word_1_441' title='bbox 1301 3254 1407 3292; x_wconf 74' lang='lat' dir='ltr'><strong>satis</strong></span> <span class='ocrx_word' id='word_1_442' title='bbox 1456 3245 1615 3291; x_wconf 80' lang='lat' dir='ltr'><strong>secisse</strong></span> <span class='ocrx_word' id='word_1_443' title='bbox 1663 3247 1942 3299; x_wconf 77' lang='lat' dir='ltr'><strong>viderentur.</strong></span> 
     </span>
     <span class='ocr_line' id='line_1_87' title="bbox 1043 3301 1942 3365; baseline 0.002 -17"><span class='ocrx_word' id='word_1_444' title='bbox 1043 3320 1188 3362; x_wconf 77' lang='lat' dir='ltr'><strong>nuper</strong></span> <span class='ocrx_word' id='word_1_445' title='bbox 1228 3301 1451 3348; x_wconf 70' lang='lat' dir='ltr'><strong>liertelius</strong></span> <span class='ocrx_word' id='word_1_446' title='bbox 1490 3319 1653 3349; x_wconf 82' lang='lat' dir='ltr'><strong>novam</strong></span> <span class='ocrx_word' id='word_1_447' title='bbox 1688 3305 1942 3365; x_wconf 83' lang='lat' dir='ltr'><strong>inquisitio·</strong></span> 
     </span>
     <span class='ocr_line' id='line_1_88' title="bbox 1047 3360 1940 3407; baseline 0.003 -3"><span class='ocrx_word' id='word_1_448' title='bbox 1047 3379 1149 3404; x_wconf 71' lang='lat' dir='ltr'><strong>nrm</strong></span> <span class='ocrx_word' id='word_1_449' title='bbox 1183 3360 1371 3406; x_wconf 80' lang='lat' dir='ltr'><strong>instituit</strong></span> <span class='ocrx_word' id='word_1_450' title='bbox 1396 3360 1441 3406; x_wconf 84' lang='lat' dir='ltr'><strong>in</strong></span> <span class='ocrx_word' id='word_1_451' title='bbox 1465 3377 1654 3406; x_wconf 83' lang='lat' dir='ltr'><strong>excursu</strong></span> <span class='ocrx_word' id='word_1_452' title='bbox 1678 3362 1732 3405; x_wconf 89' lang='lat' dir='ltr'><strong>de</strong></span> <span class='ocrx_word' id='word_1_453' title='bbox 1765 3362 1940 3407; x_wconf 77' lang='lat' dir='ltr'><strong>vexilla-</strong></span> 
     </span>
     <span class='ocr_line' id='line_1_89' title="bbox 1046 3418 1939 3466; baseline 0.004 -4"><span class='ocrx_word' id='word_1_454' title='bbox 1046 3419 1122 3462; x_wconf 64' lang='lat' dir='ltr'><strong>ris</strong></span> <span class='ocrx_word' id='word_1_455' title='bbox 1144 3418 1379 3463; x_wconf 69' lang='lat' dir='ltr'><strong>eclitioniA</strong></span> <span class='ocrx_word' id='word_1_456' title='bbox 1415 3419 1494 3464; x_wconf 81' lang='lat' dir='ltr'><strong>ric.</strong></span> <span class='ocrx_word' id='word_1_457' title='bbox 1526 3418 1713 3464; x_wconf 79' lang='lat' dir='ltr'><strong>adnexo.</strong></span> <span class='ocrx_word' id='word_1_458' title='bbox 1765 3418 1939 3466; x_wconf 85' lang='lat' dir='ltr'><strong>Conce-</strong></span> 
     </span>
     <span class='ocr_line' id='line_1_90' title="bbox 1046 3475 1939 3524; baseline 0.004 -4"><span class='ocrx_word' id='word_1_459' title='bbox 1046 3477 1109 3520; x_wconf 81' lang='lat' dir='ltr'><strong>dit</strong></span> <span class='ocrx_word' id='word_1_460' title='bbox 1139 3476 1182 3520; x_wconf 89' lang='lat' dir='ltr'><strong>in</strong></span> <span class='ocrx_word' id='word_1_461' title='bbox 1213 3475 1363 3521; x_wconf 81' lang='lat' dir='ltr'><strong>multis</strong></span> <span class='ocrx_word' id='word_1_462' title='bbox 1412 3476 1505 3521; x_wconf 78' lang='lat' dir='ltr'><strong>ocis</strong></span> <span class='ocrx_word' id='word_1_463' title='bbox 1541 3476 1939 3524; x_wconf 71' lang='lat' dir='ltr'><strong>vexillariosintel-</strong></span> 
     </span>
     <span class='ocr_line' id='line_1_91' title="bbox 1044 3533 1938 3590; baseline 0.002 -12"><span class='ocrx_word' id='word_1_464' title='bbox 1044 3533 1120 3590; x_wconf 77' lang='lat' dir='ltr'><strong>ligi</strong></span> <span class='ocrx_word' id='word_1_465' title='bbox 1148 3541 1423 3587; x_wconf 82' lang='lat' dir='ltr'><strong>·veteranos;</strong></span> <span class='ocrx_word' id='word_1_466' title='bbox 1472 3533 1517 3578; x_wconf 84' lang='lat' dir='ltr'><strong>id</strong></span> <span class='ocrx_word' id='word_1_467' title='bbox 1560 3542 1709 3578; x_wconf 87' lang='lat' dir='ltr'><strong>tamen</strong></span> <span class='ocrx_word' id='word_1_468' title='bbox 1755 3550 1846 3579; x_wconf 91' lang='lat' dir='ltr'><strong>non</strong></span> <span class='ocrx_word' id='word_1_469' title='bbox 1891 3536 1938 3581; x_wconf 91' lang='lat' dir='ltr'><strong>in</strong></span> 
     </span>
     <span class='ocr_line' id='line_1_92' title="bbox 1044 3589 1937 3643; baseline 0.008 -9"><span class='ocrx_word' id='word_1_470' title='bbox 1044 3590 1255 3638; x_wconf 76' lang='lat' dir='ltr'><strong>omnibus</strong></span> <span class='ocrx_word' id='word_1_471' title='bbox 1266 3607 1360 3638; x_wconf 75' lang='lat' dir='ltr'><strong>esse</strong></span> <span class='ocrx_word' id='word_1_472' title='bbox 1372 3606 1466 3637; x_wconf 86' lang='lat' dir='ltr'><strong>non</strong></span> <span class='ocrx_word' id='word_1_473' title='bbox 1483 3589 1621 3637; x_wconf 87' lang='lat' dir='ltr'><strong>modo</strong></span> <span class='ocrx_word' id='word_1_474' title='bbox 1634 3606 1729 3637; x_wconf 86' lang='lat' dir='ltr'><strong>non</strong></span> <span class='ocrx_word' id='word_1_475' title='bbox 1749 3590 1937 3643; x_wconf 82' lang='lat' dir='ltr'><strong>dubitat.</strong></span> 
     </span>
    </p>
   </div>
  </div>
 </body>
</html>
