2222 4030
1895 99 1920 108 s

1797 246 1909 285 A.U.
1936 249 2013 286 ¹:07.

1795 294 1848 328 Aa
1866 291 1912 328 C.
1957 295 2017 329 14.

252 255 339 310 66
725 338 738 350 ‘
927 246 1433 313 ANNALIUM

254 383 346 455 ad.
367 382 607 442 ianuam
639 379 789 442 sacto
820 379 1148 435 moliuntur
1171 379 1355 446 sores,
1399 387 1717 432 extractum
1745 379 1927 434 cubili
1954 377 2102 436 Cae—-

252 487 439 523 sarem
489 465 715 520 tradere
753 463 1033 520 vexillum
1088 463 1318 518 intento
1355 461 1564 517 mortis
1603 472 1766 516 metu
1809 463 2102 537 subigunt.

252 571 387 606 mox
414 550 545 622 vagi
572 568 677 623 per
705 547 827 604 vias
856 549 1061 604 obvios
1091 544 1346 602 habuere
1373 546 1591 618 legatos
1618 546 1815 603 audita
1845 560 2103 605 conster-
2139 573 2144 578 ¹

252 636 491 692 natione
526 634 600 688 ad
627 631 1046 689 Germanicum
1076 632 1398 690 tendentes,
1485 630 1761 702 ingerunt
1802 643 2102 687 contume-

254 720 391 788 lias,
447 719 683 780 caedem
717 728 954 792 parant,
1008 715 1228 771 Planco
1280 714 1559 782 maxime,
1626 736 1800 790 quem
1852 716 2104 787 dignitas

252 806 388 877 fuga
439 803 836 877 impediverat.
938 820 1128 874 neque
1171 799 1330 854 aliud
1379 800 1734 872 periclitanti
1776 802 2105 856 subsidium

251 909 430 966 quam
458 899 639 944 castra
667 888 889 961 primae
909 884 1175 957 legionis,
1262 883 1384 938 illic
1414 884 1577 956 signa
1608 895 1663 940 et
1690 886 1947 960 aquilam
1979 906 2105 941 am-

256 975 455 1049 plexus
519 972 803 1044 religione
859 989 981 1025 sese
1032 969 1354 1025 tutabatur:
1420 988 1485 1023 ac
1538 969 1603 1023 ni
1651 970 1923 1045 aquilifer
1968 968 2105 1027 Cal-

252 1058 502 1134 purnius
550 1057 671 1111 vim
713 1067 1030 1111 extremam
1081 1052 1387 1120 arcuisset,
1456 1050 1683 1125 (rarum
1729 1053 1903 1109 etiam
1950 1056 2106 1111 inter

253 1140 472 1220 hostes)
509 1142 728 1214 legatus
765 1139 973 1214 populi
1010 1136 1270 1195 Romani
1301 1134 1592 1194 Romanis
1629 1137 1693 1192 in
1735 1138 1935 1193 castris
1970 1159 2106 1195 san—

252 1228 428 1303 guine
459 1247 562 1282 suo
589 1225 792 1281 altaria
823 1225 1001 1279 deum
1025 1222 1585 1280 commaculavisset.
1660 1221 1818 1296 Luce
1847 1224 2106 1292 demum,

255 1326 569 1389 postquam
601 1312 720 1366 dux
759 1320 813 1364 et
849 1307 1018 1362 miles
1060 1319 1117 1363 et
1155 1307 1306 1362 facta
1346 1307 1767 1376 noscebantur,
1813 1309 2105 1382 ingressus

253 1409 438 1455 castra
470 1393 857 1452 Germanicus
897 1392 1141 1468 perduci
1179 1393 1252 1447 ad
1292 1411 1350 1447 se
1380 1390 1665 1448 Plancum
1695 1393 1971 1468 imperat,
2014 1414 2106 1450 re-

251 1483 517 1558 cepit'que
556 1480 621 1535 in
658 1478 939 1537 tribunal.

1047 1476 1208 1533 Tum
1246 1477 1482 1533 fatalem
1521 1477 1829 1551 increpans
1865 1478 2109 1547 rabiem,
2156 1499 2163 1508 ·

250 1620 383 1679 guida
414 1618 573 1669 videri,
606 1625 652 1659 ut
691 1616 872 1659 dixerim
902 1615 1144 1659 nescivisse

249 1677 372 1728 illos,
403 1677 508 1734 quid
545 1675 629 1718 sibi
661 1674 846 1725 vellent,
877 1674 910 1716 si
944 1673 1029 1715 hoc
1059 1689 1140 1718 vo-

249 1736 386 1778 luere.
464 1733 619 1776 Minus
661 1732 792 1774 etiam
840 1731 1038 1787 speciosa
1079 1738 1143 1772 est

250 1791 382 1849 Lipsii
400 1790 568 1848 opinio.
602 1789 715 1832 Nam
739 1787 950 1831 vexillum
965 1796 1142 1842 raptum

249 1859 325 1894 aut
354 1849 572 1891 violenter
603 1861 856 1903 expressum
881 1861 975 1887 non
1000 1845 1143 1887 maius

249 1906 397 1965 potuit
425 1906 528 1948 dare
556 1905 623 1947 ius
655 1903 802 1946 caedis
833 1911 964 1960 atque
994 1918 1142 1945 armo·

249 1980 376 2011 rum,
431 1978 563 2020 quam
597 1961 721 2019 quod
756 1960 850 2002 siue
881 1958 1036 2002 vexillo
1069 1958 1144 2002 ha-

251 2021 462 2063 buissent.
522 2018 679 2075 Neque
711 2033 906 2073 unquam
942 2016 1044 2060 satis
1069 2032 1143 2074 ap-

251 2087 396 2135 paret,
426 2093 518 2135 quo
552 2074 732 2117 tandem
765 2075 953 2116 consilio
983 2074 1144 2116 milites

250 2135 459 2180 vexillum
484 2133 591 2175 illud
614 2132 952 2189 imperatorium
977 2131 1145 2188 rapuis-

250 2200 361 2235 sent.
425 2190 578 2245 Quare
608 2189 687 2232 alia
718 2187 822 2230 mihi
842 2188 1024 2235 ,videtur
1050 2203 1144 2230 esse

251 2249 380 2292 huius
403 2247 491 2291 loci
512 2247 641 2293 ratio.
701 2243 864 2287 Oritur
893 2261 1006 2288 nova
1032 2245 1141 2287 sedi-

251 2308 314 2349 tio
345 2304 666 2352 metuentium,
715 2318 772 2345 ne
801 2302 932 2345 inrita
970 2301 1142 2352 fierent,

253 2379 367 2422 quae
409 2378 486 2420 per
522 2364 722 2419 priorem
758 2359 1021 2402 seditionem
1065 2376 1141 2419 ‘³¹¹7

250 2428 533 2477 presserant,
593 2416 897 2460 exauctoratio
958 2433 1140 2468 eorum,

251 2480 327 2537 qui
389 2493 493 2520 sena
564 2475 676 2518 dena
735 2473 954 2533 stipendia
1020 2473 1141 2516 sece-

231 2534 376 2584 ἠοῖ,
429 2543 472 2577 et
514 2532 669 2575 missio
716 2532 872 2575 vicena
927 2531 1142 2589 stipendia

251 2593 420 2641 meritis
458 2591 572 2634 data.
649 2587 763 2631 Nam
801 2590 855 2631 de
894 2588 1143 2646 largitione,

252 2667 307 2694 ne
344 2654 668 2695 retraheretur,
710 2653 818 2703 puto
858 2661 953 2688 non
1005 2661 1142 2701 aeque

251 2707 404 2750 anxios
444 2706 593 2748 fuisse.
677 2703 815 2759 {gitur
857 2718 951 2745 non
991 2702 1140 2759 inepte

249 2764 504 2822 putabimus
544 2759 810 2805 seditionem
859 2759 1141 2817 potissimum

252 2823 455 2877 agitatam
507 2835 531 2862 a
579 2817 823 2868 veteranis,
876 2817 953 2875 qui
997 2831 1141 2874 nuper

253 2879 375 2920 missi
421 2878 502 2920 sub
553 2873 718 2919 vexillo
769 2875 827 2918 ibi
871 2874 1140 2918 hiemabant.

250 2935 510 2992 Manipulos
532 2947 790 2991 quanquam
822 2947 914 2974 non
937 2931 1142 2981 intactos,

250 2991 579 3048 vtranquilliores
603 2997 751 3031 tamen
776 2989 1010 3038 mansisse,
1036 2987 1141 3030 inde

250 3048 384 3097 etiam
420 3047 613 3104 colligo,
657 3046 776 3102 quod
812 3045 982 3089 Planco
1019 3045 1140 3102 peri-

251 3105 419 3150 clitanti
449 3103 695 3146 subsidium
728 3102 851 3145 fuere
876 3112 1017 3145 castra
1043 3104 1141 3159 pri-

254 3179 351 3207 mae
373 3160 572 3219 legionis.
629 3160 720 3201 Iam
743 3159 806 3202 illi
827 3159 860 3201 si
887 3159 1142 3217 flagitarunt

250 3219 478 3269 vexillum,
528 3226 674 3263 metu,
722 3232 779 3258 ne
819 3216 950 3259 inrita
983 3215 1141 3260 fierent

249 3294 329 3336 per
350 3275 612 3320 seditionem
639 3288 863 3330 expressa,
898 3273 1020 3330 quod
1046 3281 1138 3315 tan·

251 3335 352 3377 dem
382 3330 592 3377 vexillum
625 3339 725 3387 apte
764 3330 1000 3388 cogitabis,
1054 3331 1139 3373 nisi

253 3390 392 3445 illud,
426 3388 550 3448 quod
573 3387 657 3430 fuit
682 3385 859 3443 signum
886 3387 1140 3431 vexillario-

250 3463 355 3491 rum
386 3455 702 3490 veteranorum
741 3451 782 3485 et
816 3452 1028 3501 tanquam
1069 3445 1142 3502 pi-

209 3519 214 3532 ¹
250 3520 364 3562 gnus
394 3502 618 3546 missionis
646 3501 924 3558 impetratae.
984 3501 1032 3543 ld
1070 3518 1138 3545 ve·

249 3562 402 3605 xillum
429 3558 632 3603 nondum
654 3566 918 3614 acceperant
944 3560 1138 3603 veterani

1215 1631 1359 1673 nuper
1389 1613 1539 1666 missi3
1591 1614 1724 1657 situm
1757 1615 1904 1659 adhue
1935 1625 2028 1659 erat
2059 1617 2104 1658 in
2147 1652 2150 1654 .

1216 1673 1356 1715 domo
1408 1670 1668 1714 Germanici
1726 1673 1928 1731 tradique
1987 1674 2105 1716 sutu-

1214 1746 1331 1772 rum.
1402 1729 1462 1771 At
1492 1729 1566 1772 illa
1599 1738 1732 1773 nocte
1759 1730 1992 1774 Caesarem
2023 1740 2106 1774 tra-

1216 1787 1322 1830 dere
1350 1785 1558 1831 vexillum
1588 1787 1824 1843 subigunt,
1857 1797 1904 1831 ut
1925 1789 1980 1830 ita
2004 1788 2105 1830 inis-

1215 1845 1281 1887 sio
1312 1845 1401 1886 iam
1435 1844 1517 1886 rit'e
1547 1852 1721 1900 peracta
1760 1844 1981 1887 videretur
2019 1860 2105 1886 nec.

1215 1901 1414 1945 revocari
1450 1895 1820 1958 posset.sAlia111
1855 1901 1941 1946 loci
1974 1902 2105 1960 expli·

1216 1959 1437 2002 cationem
1466 1957 1587 2000 dedit
1609 1958 1821 2002 Moebius
1846 1959 1892 2001 in
1914 1958 2106 2002 Seebod.

1215 2016 1322 2059 bibl.
1357 2017 1453 2058 crit.
1491 2014 1613 2058 1823.
1649 2022 1718 2058 nr.
1741 2016 1782 2060 2.
1824 2032 1867 2074 p.
1900 2018 1995 2060 176.
2063 2015 2105 2058 Is

1214 2082 1258 2115 et
1284 2074 1376 2130 ipse
1398 2089 1502 2115 cum
1526 2071 1756 2115 Gronovio
1787 2074 1890 2117 facit
1911 2082 1952 2116 et
1977 2070 2104 2116 vexil-

1217 2130 1308 2172 lum
1334 2139 1646 2173 veteranorum
1671 2131 1717 2172 in
1747 2129 1884 2173 domo
1906 2128 2106 2176 Caesaris

1214 2187 1347 2230 situm
1372 2187 1602 2244 opinatur,
1635 2188 1738 2246 quia
1765 2188 1848 2230 illis
1881 2196 1979 2247 post
2003 2186 2106 2229 mis-

1215 2244 1389 2286 sionem
1438 2245 1718 2302 impetratam
1768 2261 1862 2287 non
1917 2244 2106 2303 amplius

1214 2300 1373 2344 vexillo
1407 2317 1520 2359 opus
1555 2301 1711 2353 fuerit,
1743 2311 1897 2360 utpote
1930 2311 2106 2346 tantum

1212 2358 1328 2417 apud
1381 2375 1505 2401 aram
1551 2359 1781 2403 Ubiorum
1821 2359 2104 2408 hiematuris;

1213 2417 1314 2459 illos
1349 2426 1496 2459 autem
1535 2416 1749 2461 vexillum
1787 2418 2009 2475 rapuisse,
2058 2424 2105 2458 ut

1213 2474 1297 2517 hac
1323 2490 1371 2516 re
1402 2474 1725 2532 significarent,
1765 2491 1809 2518 se
1832 2474 1935 2518 licet
1962 2489 2106 2533 nuper

1214 2531 1374 2574 missos
1416 2548 1467 2575 ac
1506 2531 1667 2574 vexillo
1701 2531 1893 2584 levatos,
1944 2541 2107 2582 tamen,

1213 2587 1338 2645 quasi
1360 2589 1442 2630 sub
1469 2588 1622 2631 vexillo
1645 2599 1791 2633 essent
1813 2591 1996 2642 retenti,
2027 2590 2103 2632 du·

1212 2644 1340 2688 ritiae
1373 2661 1561 2703 operum
1592 2645 1851 2689 militarium
1879 2663 1972 2689 non
2009 2646 2104 2688 sore

1213 2703 1454 2745 immunes.
1536 2703 1624 2745 Sed
1659 2704 1799 2746 videat
1831 2704 1897 2745 vir
1932 2703 2104 2754 doctus,

1215 2771 1271 2802 'ne
1313 2759 1432 2804 viam
1474 2758 1647 2810 inierit,
1698 2776 1783 2817 qua
1823 2761 1944 2803 solus
1984 2760 2101 2804 ince-

1214 2818 1301 2859 dat.

1271 2880 1432 2916 castra
1471 2875 1656 2926 primae
1704 2876 1908 2928 legionis.
1986 2874 2102 2918 Nam

1212 2931 1366 2974 eadem
1401 2930 1584 2988 quidem
1616 2939 1743 2975 erant
1780 2933 2008 2991 utriusque
2045 2934 2103 2976 le·

1213 2989 1360 3046 gionis
1394 2996 1557 3039 castra,
1600 2989 1676 3032 sed
1710 2989 1914 3047 bipartita
1945 3005 2101 3034 secun-

1213 3047 1320 3088 dum
1348 3045 1562 3103 legiones.

1268 3106 1537 3157 recepitque.
1614 3102 1689 3146 Sic
1741 3103 1843 3146 cod.
1887 3102 1986 3146 MS.
2033 3104 2101 3146 ed.

1213 3159 1420 3202 Beroald.
1455 3167 1497 3200 et
1530 3174 1674 3217 nuper
1706 3159 1774 3202 Ru
1810 3159 1916 3209 erti,
1963 3160 2100 3203 Wei-

1213 3215 1332 3267 kert,
1361 3217 1650 3267 Liinemann,
1675 3215 1771 3260 Bek
1804 3233 1866 3262 er.
1911 3219 2102 3272 recipit-

1212 3289 1298 3328 que
1333 3273 1431 3316 edd.
1474 3271 1677 3317 Rhenan.
1725 3291 1744 3317 s
1780 3290 1821 3332 q.
1874 3284 1915 3318 et
1958 3291 2101 3332 nuper

1211 3330 1399 3373 Naudet.
1476 3330 1550 3372 Ob
1595 3291 1864 3389 praeee‘dens
1893 3333 2099 3385 imperat

1212 3388 1505 3430 emendavere
1536 3389 1715 3442 recipit.
1777 3388 1866 3432 Sed
1887 3390 1978 3434 vid.
2001 3402 2095 3434 not.

1211 3445 1266 3487 ad
1286 3446 1374 3488 An.
1397 3446 1439 3493 2,
1461 3445 1501 3487 7.

1253 3502 1464 3556 fatalem
1485 3503 1734 3556 increpans
1753 3504 1946 3545 rabiem.
1989 3503 2095 3546 Vul-

1209 3559 1324 3615 garis
1354 3559 1633 3603 consuetudo
1667 3561 1898 3617 poscebat:
1937 3567 1988 3606 ut
2004 3561 2096 3617 sa-

2203 1982 2222 2009 [Α
