2222 4030
1813 160 1864 195 A.
1882 160 1938 196 U.
1956 161 2047 196 786..

1815 202 1867 238 A.
1888 202 1935 239 C.
1976 206 2037 239 33.

257 158 382 219 394
937 154 1446 223 ANNALIUM

252 290 411 348 intra
434 287 666 347 Italiam
693 299 959 359 cavetur,
1008 289 1291 346 ¹omissam
1319 287 1495 360 olim,
1547 291 1688 367 quia
1722 293 1954 367 privato
1986 299 2124 354 usui

251 376 483 433 bonum
504 374 814 450 publicum
835 376 1231 450 postponitur.
1319 372 1476 431 Sane
1508 387 1677 432 vetus
1708 379 1851 436 urbi
1880 381 2124 439 fenebre

252 461 479 517 malum
510 471 566 516 et
590 459 948 517 seditionum
975 458 1520 536 discordiarumque
1548 463 1904 521 creberrima
1931 487 2120 538 causa,

251 565 438 622 eoque
479 540 866 603 cohibebatur
897 544 1157 620 antiquis
1201 565 1437 621 quoque
1474 557 1531 602 et
1579 547 1780 605 minus
1828 553 2120 627 corruptis

249 631 537 689 moribus,
624 650 766 687 nam
810 631 1004 707 primo
1055 629 1371 685 duodecim
1413 632 1632 688 tabulis
1679 633 1976 707 sanctum,
2042 658 2119 694 ne

251 716 386 792 quis
407 715 678 773 unciario
701 717 905 774 fenore
929 714 1184 788 amplius
1212 727 1530 787 exerceret,
1571 739 1709 774 cum
1733 733 1904 778 antea
1938 743 2008 778 ex
2043 723 2121 778 li-

249 801 456 859 bidine
489 801 875 881 locupletium
906 799 1255 874 agitaretur:
1297 801 1439 858 dein
1466 804 1774 877 rogatione
1798 807 2119 865 tribunicia

245 1033 416 1078 certam
436 1024 655 1086 pecuniae
678 1032 850 1083 partem
884 1030 1059 1066 tantum
1090 1021 1140 1065 in

240 1083 403 1128 fenore
436 1098 607 1142 ponere
640 1081 866 1141 permisit,
917 1080 1138 1138 reliquam

241 1157 354 1189 Vero
394 1142 442 1185 in
488 1141 605 1200 agris
652 1138 932 1199 praediisque
973 1137 1141 1181 Italicis

241 1199 462 1246 collocari
491 1199 641 1249 iussit,
676 1212 772 1254 xquo
795 1197 935 1255 pretia
958 1212 1138 1254 posses-

240 1257 421 1302 sionum
444 1257 569 1300 bellis
597 1255 796 1298 civilibus
822 1254 956 1297 nimis
979 1254 1136 1296 immi·

239 1323 351 1365 nuta
397 1321 681 1373 augerentur.
766 1311 926 1356 Talem
972 1311 1138 1369 quippe

1212 1023 1274 1067 ita
1308 1022 1562 1091 scripsisse,
1614 1024 1699 1068 nisi
1731 1025 1852 1069 illam
1885 1026 2025 1086 legem
2061 1029 2115 1074 ad

1213 1081 1455 1179 duodecim
1479 1082 1652 1126 tabulas
1675 1083 1901 1142 pertinere
1925 1102 2118 1146 compe-

1210 1155 1319 1183 risse
1342 1170 1355 1182 .

1269 1198 1475 1241 unciario
1503 1198 1700 1255 fenore.
1773 1199 1923 1250 Mirus
1959 1210 2025 1245 est
2058 1199 2124 1246 de'

1211 1253 1372 1298 fenore
1402 1257 1605 1300 unciario
1640 1257 1865 1302 dissensus
1895 1257 2028 1301 inter
2049 1261 2114 1305 vi·

1213 1328 1289 1356 ros
1343 1312 1524 1358 doctos.
1617 1314 1809 1358 Plurimi
1860 1315 2114 1375 intelligunt

234 1368 347 1432 legis
387 1387 567 1416 sensum
605 1369 742 1414 fuisse
783 1369 1027 1429 probabilis
1075 1377 1140 1412 est

234 1429 435 1487 virorum
454 1429 696 1472 doctorum
715 1428 992 1471 coniectura.
1024 1426 1140 1469 Nam

235 1488 522 1533 uberioribus
537 1486 686 1531 verbis
706 1502 841 1530 nemo
862 1485 949 1530 scri
985 1492 1140 1526 torum

235 1546 526 1604 antiquorum
588 1545 757 1588 lueem‘
792 1543 857 1588 rei
911 1559 954 1587 a<
972 1541 1137 1585 fundit.

234 1603 327 1650 Dio
356 1603 424 1653 58,
444 1603 516 1645 21.
547 1601 656 1645 dicit
688 1601 796 1650 τοὺς
828 1597 1004 1661 νόμους
1034 1601 1141 1658 περὶ

232 1662 329 1706 τῶν
356 1661 656 1719 συμβολαίων
679 1657 774 1705 ὑπὸ
793 1660 875 1704 τοῦ
901 1663 1137 1715 Καίσαρος

232 1721 466 1769 τεθέντας.
537 1718 795 1769 Adversum
829 1717 952 1762 illam
989 1718 1134 1774 legem

231 1779 371 1836 igitur
404 1775 618 1835 pecunias
652 1775 811 1820 fenore
847 1773 1136 1826 auctitabant,

231 1836 309 1895 qui
326 1832 508 1879 omnem
526 1849 652 1877 suam
670 1834 924 1893 pecuniam,
945 1841 1019 1876 aut
1038 1831 1136 1890 plus

229 1910 366 1953 quam
397 1892 580 1944 licebat,
619 1893 666 1935 in
701 1893 858 1936 fenore
894 1897 1133 1949 ponerent.

227 1952 342 1997 Mox
365 1949 467 1995 edd.
488 1949 593 1993 Ber.
619 1949 722 1994 Alc.
743 1949 887 1992 Rben.
911 1947 1015 1991 Ald.
1036 1947 1134 1990 Mi-

228 2009 333 2069 cyll.
349 2009 469 2066 Lips.
496 2008 564 2066 pri
572 2024 640 2051 ma
660 2007 826 2051 habent
846 2007 1026 2049 omissa
1048 2021 1131 2063 pro

229 2067 484 2117 omissam,
525 2066 648 2124 quod
685 2074 750 2109 est
785 2064 831 2108 in
869 2063 969 2107 edd.
1007 2063 1128 2120 Lips.

263 2123 584 2178 osterioribus,
656 2123 783 2167 Pich.
837 2121 972 2166 Grut.
1027 2137 1128 2181 sqq.

226 2141 509 2240 {Quam-itur,
541 2180 648 2239 quid
680 2181 736 2224 sit
757 2181 803 2224 in
826 2179 929 2225 cod.
957 2178 1060 2222 MS.

283 2247 415 2283 vetus
438 2271 473 2282 ..
488 2270 500 2282 .
521 2241 720 2282 malum.
783 2237 844 2282 cf.
868 2238 969 2280 Liv.
994 2238 1037 2288 2,
1057 2235 1129 2289 28,

282 2355 529 2399 duodecim
565 2353 756 2396 tabulis.
818 2354 878 2396 At
899 2351 1056 2398 Livius
1082 2353 1124 2406 7,

225 2414 295 2460 16.
327 2412 476 2456 Haud
495 2426 644 2468 aeque
662 2413 795 2453 laeta
812 2411 1029 2463 patribus
1053 2413 1128 2452 in-

223 2470 439 2528 sequenti
465 2483 592 2512 anno
627 2469 748 2524 (urb.
772 2467 892 2525 898.)
922 2469 970 2512 C.
992 2468 1129 2510 Mar-

222 2532 314 2581 cia,
359 2528 443 2572 Cn.
467 2527 648 2570 Manlio
681 2540 797 2571 coss.
830 2530 887 2568 de
920 2526 1127 2569 unciario

211 2589 386 2647 senor-e
426 2603 458 2629 a
504 2584 567 2628 Μ
603 2583 797 2630 Duilio.
847 2583 902 2627 L.
936 2585 1127 2627 Maenio

225 2643 423 2702 tribunis
440 2645 585 2698 plebat-2
604 2642 793 2696 rogatio
820 2649 892 2685 est
905 2643 1101 2698 perlata
1114 2655 1130 2683 .-

225 2712 271 2748 et
312 2704 443 2758 plebs
484 2703 732 2757 aliquanto
774 2715 884 2742 eam
922 2699 1129 2754 cupidius

221 2762 351 2807 scivit
381 2761 659 2816 accepitque.
721 2757 950 2801 Ernestius
986 2757 1130 2800 credit

220 2819 366 2878 legem
389 2817 514 2861 illam
539 2815 778 2860 duodecim
803 2815 964 2859 tabulis
987 2814 1127 2858 sanci-

223 2885 339 2929 tam,
371 2875 532 2919 deinde
558 2874 834 2931 neglectam,
868 2889 891 2916 a
915 2873 986 2918 Μ.
1008 2872 1126 2915 Dui-

223 2935 286 2986 lio
322 2932 522 2978 severius
553 2934 843 2976 instauratam
879 2946 973 2974 esse
1004 2946 1126 2974 nova

223 2992 341 3051 lege·
413 2989 608 3034 Hackius
638 2998 791 3032 tamen
821 3004 967 3046 nuper
1000 3003 1126 3031 erro·

226 3066 326 3093 rem
354 3047 513 3092 Tacito
548 3047 789 3105 imputavit
819 3053 1026 3097 testatus,
1068 3061 1126 3088 ne

226 3107 466 3165 vestigium
502 3105 685 3163 quidem
717 3120 810 3147 esse
843 3103 974 3149 huius
1018 3102 1127 3160 legis

225 3165 275 3211 in
307 3163 550 3207 duodecim
584 3162 762 3206 tabulis.
824 3162 974 3204 Velim
1010 3161 1129 3204 duo-

228 3223 376 3270 decim
407 3220 579 3264 tabulas
609 3220 803 3277 integras
833 3219 964 3263 nobis
993 3233 1128 3262 com-

225 3280 454 3330 municet,
486 3286 535 3321 ut
556 3277 862 3343 inspiciamus.
920 3275 1036 3320 Nam
1062 3293 1127 3319 se·

227 3337 427 3381 cundum
452 3333 609 3379 mutila
629 3335 704 3377 illa
728 3333 1001 3393 fragmenta,
1032 3334 1127 3391 qui-

226 3397 310 3443 bus
332 3394 565 3452 hucusque
585 3391 778 3443 utimur,
822 3392 886 3434 nil
907 3391 1019 3435 certi
1043 3392 1124 3434 de-

229 3451 349 3500 finiri
390 3459 550 3510 potest.
629 3449 813 3492 Interim
850 3465 985 3491 nemo
1019 3449 1127 3492 mihi

227 3509 508 3573 persuadebit
533 3507 744 3553 Tacitum
767 3506 996 3554 incuriose
1018 3507 1128 3553 haec

1212 1385 1359 1414 unum
1385 1386 1546 1416 assem
1573 1387 1665 1428 pro
1698 1374 1907 1416 centenis
1940 1376 1986 1416 in
2018 1389 2113 1418 αη-

1211 1442 1343 1472 num.
1403 1428 1551 1474 Uncia
1586 1431 1704 1473 enim
1742 1439 1808 1473 est
1842 1430 2110 1478 duodecima

1246 1503 1316 1529 ars
1346 1488 1470 1537 assis.
1533 1487 1652 1531 Hinc
1684 1487 1925 1532 duodecim
1956 1490 2111 1534 uncias

1234 1545 1384 1599 senus
1417 1546 1683 1589 unciarium
1718 1554 1998 1590 menstruum
2027 1550 2110 1606 est)

1211 1619 1292 1659 per
1326 1619 1496 1646 annum
1532 1601 1698 1647 solutas
1734 1602 1892 1646 dicunt
1931 1603 2111 1650 efficere

1206 1660 1280 1712 id,
1323 1660 1445 1718 quod
1478 1661 1607 1704 nobis
1641 1658 1807 1704 dicitur
1841 1662 1972 1716 lpro
1997 1664 2111 1707 cem

1206 1732 1381 1765 annuae
1412 1733 1602 1769 usurae.
1679 1717 1767 1761 Sed
1799 1718 1847 1761 in
1890 1722 2108 1764 vocabulo

1207 1776 1413 1820 unciaria·
1426 1777 1614 1829 fenoris·
1656 1775 1833 1819 nullum
1867 1778 2106 1835 vestigium

1207 1833 1455 1892 reperitur,
1508 1849 1600 1891 quo
1632 1842 1846 1877 noscatur
1875 1834 2110 1893 decapite

1208 1900 1505 1937 centenorum
1579 1890 1743 1935 assium
1818 1894 2106 1950 cogitandum

1207 1965 1327 2003 esse3
1368 1948 1413 1992 id
1446 1947 1594 1992 solum
1629 1965 1679 1991 ex
1711 1964 1764 1991 eo
1786 1958 1905 2008 patet
1926 1952 2104 1995 unciam

1204 2008 1312 2051 assis
1348 2006 1395 2050 in
1431 2022 1634 2051 mensem
1669 2023 1751 2064 pro
1796 2021 1932 2052 usura
1969 2009 2103 2055 solvi.

1204 2069 1263 2109 At
1294 2063 1382 2108 hoc
1413 2081 1506 2108 non
1542 2063 1730 2114 sufficit,
1773 2071 1822 2107 ut
1854 2065 1966 2109 ratio
2000 2083 2106 2110 con-

1202 2131 1312 2174 stet;
1354 2121 1631 2166 desideratur
1665 2122 1811 2166 adbuc
1845 2123 2102 2167 membrum

1202 2181 1418 2232 alterum,
1463 2195 1640 2222 summa
1684 2178 1842 2232 sortis,
1887 2196 1972 2238 pro
2016 2199 2102 2240 qua

1203 2239 1334 2283 uncia
1359 2247 1585 2281 menstrua
1610 2238 1833 2289 solvatur,
1863 2255 1948 2282 nec
1975 2240 2103 2297 quis-

1201 2313 1337 2340 ouam
1367 2294 1662 2354 antiquorum
1699 2294 1975 2353 scriptorum
2001 2314 2102 2356 pro-

1203 2337 1341 2406 didit,
1373 2362 1589 2397 centenos
1621 2368 1738 2396 asses
1770 2369 1852 2412 pro
1884 2363 2005 2397 sorte
2030 2371 2101 2400 ac·

1201 2411 1432 2468 cipiendos
1457 2427 1551 2453 esse
1576 2409 1620 2452 in
1646 2409 1726 2454 bac
1746 2413 2100 2468 computatione.

1198 2468 1371 2511 Eodem
1418 2467 1516 2510 iure
1561 2476 1603 2510 et
1637 2466 1781 2510 multo
1815 2470 2101 2514 commodius

1198 2524 1496 2584 cogitabimus
1517 2524 1572 2567 de
1595 2523 1719 2567 denis
1743 2526 1911 2568 assibus
1933 2526 2022 2570 sive
2047 2529 2102 2572 de

1199 2583 1400 2633 denario,
1422 2582 1543 2640 quod
1571 2591 1635 2625 est
1651 2597 1878 2625 summum
1902 2582 1947 2625 in
1970 2601 2100 2628 num·

1199 2656 1382 2684 morum
1404 2655 1566 2697 genere
1582 2673 1594 2690 ,
1635 2647 1683 2680 ut
1706 2639 2003 2684 undenarius
2026 2643 2100 2688 det

1198 2697 1382 2742 unciam
1407 2713 1488 2756 pro
1511 2698 1665 2740 fructu
1689 2705 1947 2750 menstruo,
1977 2703 2031 2742 10
2046 2718 2095 2757 p.

1203 2756 1319 2798 Cent
1351 2754 1398 2797 in
1433 2771 1620 2798 annum.
1683 2753 1919 2811 Redigitur
1940 2757 2099 2802 deinde

1199 2813 1255 2857 ad
1289 2812 1568 2863 semuncias,
1609 2811 1653 2855 h.
1677 2828 1715 2854 e.
1746 2811 1772 2854 5
1795 2829 1837 2870 p.
1864 2813 1978 2858 Cent
2018 2817 2096 2870 (cf.

1198 2871 1291 2914 Liv.
1306 2872 1347 2920 7,
1360 2871 1448 2926 27)
1511 2869 1601 2914 Sed
1622 2869 1729 2914 baec
1751 2869 1908 2914 altiore
1934 2872 2097 2931 disqui-

1198 2929 1360 2972 sitione
1390 2927 1614 2985 indigent,
1645 2927 1717 2971 cui
1736 2926 1867 2971 huius
1891 2929 1978 2972 loci
2001 2948 2096 2990 spa·

1197 2987 1311 3030 tium
1340 3002 1434 3029 non
1472 2984 1651 3029 sufficit.
1725 2984 1858 3029 Certe
1896 2987 2094 3032 incredi-

1197 3043 1287 3088 bile
1324 3052 1411 3095 est,
1460 3043 1712 3086 unciarium
1749 3043 1900 3096 senus,
1943 3046 1978 3087 si
2011 3046 2095 3092 suit

1202 3105 1222 3145 1
1249 3118 1332 3160 pro
1352 3100 1465 3144 Cent
1485 3117 1658 3144 annuae
1687 3117 1867 3152 usurae,
1898 3103 2094 3159 potuisse

1198 3159 1391 3203 nimium
1408 3158 1549 3200 videri
1568 3158 1860 3201 debitoribus.
1892 3159 2092 3205 Omnem

1199 3227 1348 3261 autem
1391 3216 1527 3258 fidem
1575 3225 1778 3275 superat,
1827 3218 2009 3260 eosdem
2052 3229 2095 3263 et

1198 3284 1297 3319 tum
1342 3275 1397 3317 de
1441 3275 1655 3332 gravitate
1693 3272 1863 3318 fenoris
1898 3286 2094 3333 questos,

1199 3342 1436 3391 postquam
1510 3330 1639 3374 fenus
1710 3332 1765 3375 ad
1843 3336 2093 3378 semuncias

1203 3392 1248 3445 (ξ
1282 3407 1365 3449 pro
1392 3389 1523 3445 Cent)
1555 3390 1791 3433 redactum
1823 3400 1932 3434 erat.
2004 3393 2090 3435 Alii

1199 3448 1276 3503 (cf.
1313 3447 1484 3492 Stroth.
1527 3447 1582 3490 ad
1614 3446 1708 3490 Liv.
1740 3448 1780 3498 7,
1816 3448 1905 3504 16.)
1943 3450 2091 3492 uncia-

1199 3507 1320 3553 rium
1363 3505 1495 3549 fenus
1543 3504 1655 3549 illud
1706 3513 1890 3566 putant,
1949 3523 2093 3566 quum
