2222 4030
1792 221 1844 265 Α,
1863 221 1915 256 U.
1936 218 2018 254 769.

1791 267 1844 300 A.
1865 264 1910 300 c,
1958 265 2019 298 m.

258 226 382 289 144
918 175 1436 284 ANNA'LIUM

254 353 601 432 populatur,
663 351 948 409 exscindit
985 372 1108 408 non
1143 371 1350 408 ausum
1393 350 1674 423 congredi
1716 348 1946 411 hostem
1988 365 2107 424 aut,
2191 361 2194 365 ’

257 440 448 497 sicubi
488 437 808 507 restiterat,
871 438 1068 502 statim
1105 437 1372 511 pulsum,
1439 456 1546 492 nec
1589 457 1855 515 unquam
1903 440 2106 513 magiS‚

260 537 325 583 ut
371 545 440 584 ex
489 522 733 598 captivis
780 522 1079 595 cognitum
1118 532 1227 589 est,
1293 533 1624 595 paventem.
1730 521 1969 599 Quippe,
2010 525 2108 579 in-

259 611 442 667 victos
478 621 534 666 et
567 608 748 664 nullis
789 608 1017 664 casibus
1059 602 1419 680 superabiles
1451 605 1758 664 Romanos
1804 609 2110 683 praedica-

257 696 430 763 bant,
487 693 590 770 qui
612 692 841 768 perdita
872 692 1082 759 classe,
1140 690 1365 745 amissis
1397 692 1604 762 armis,
1648 706 1784 768 post
1819 703 2112 751 constrata

259 799 547 860 equorum
593 778 976 852 virorumque
1025 775 1371 849 corporibus
1409 776 1585 833 litora
1626 779 1828 835 eadem
1875 778 2111 850 virtute,

256 865 388 941 pari
414 863 630 920 ferocia
657 873 715 920 et
736 861 922 918 veluti
951 859 1107 916 aucti
1137 879 1384 916 numero
1414 860 1793 938 inrupissent.

269 974 274 978 ’
339 1022 343 1026 .
406 972 649 1033 ‘XXVL
722 971 1027 1030 Reductus
1073 971 1213 1027 inde
1252 970 1317 1027 in
1369 966 1620 1029 hiberna
1664 975 1860 1044 mileS‚
1926 975 2112 1031 laetus

259 1049 472 1131 animi,
513 1060 672 1137 quod
700 1059 942 1113 adversa
975 1057 1153 1112 maris
1190 1057 1561 1133 expeditione
1595 1079 1873 1134 prospera
1901 1079 2114 1135 pensa-

260 1145 456 1205 visset.
562 1142 791 1200 addidit
832 1141 1299 1198 munificentiam
1338 1139 1582 1213 Caesar,
1649 1155 1939 1221 quantum
1982 1143 2114 1221 quis

262 1230 466 1288 damni
501 1230 796 1305 professus
839 1238 988 1297 erat,
1033 1227 1407 1288 exsolvendo.
1492 1226 1614 1286 Nec
1652 1229 1904 1286 dubium
1931 1224 2117 1285 habe-

259 1317 434 1373 batur
473 1315 671 1370 labare
719 1308 918 1370 hostes
959 1313 1360 1390 petendaeque
1400 1313 1559 1388 pacis
1589 1315 1833 1371 consilia
1870 1334 2118 1384 sumere,

263 1413 319 1458 et
362 1401 412 1457 si
445 1399 710 1476 proxima
740 1409 926 1455 aestas
958 1398 1338 1468 adficeretur,
1399 1418 1570 1474 posse
1609 1400 1837 1456 bellum
1867 1399 2116 1476 patrari:

263 1487 364 1543 sed
401 1484 618 1541 crebris
657 1483 918 1559 epistolis
954 1481 1234 1540 Tiberius
1270 1484 1577 1555 monebat,
1641 1485 1863 1543 rediret
1900 1485 1975 1541 ad
2013 1485 2119 1540 de-

265 1575 488 1628 cretum
520 1565 915 1644 triumphum:
962 1568 1100 1623 satis
1135 1569 1254 1625 iam
1294 1580 1640 1640 eventuum,
1683 1570 1821 1627 satis
1852 1590 2117 1626 casuum:

262 1675 542 1733 prospera
571 1654 661 1709 illi
679 1665 745 1710 'et
769 1673 980 1727 magna
1009 1650 1260 1728 proelia:
1307 1674 1512 1710 eorum
1552 1676 1785 1732 quoque
1811 1655 2118 1712 meminis-

218 1781 223 1787 ·
266 1752 380 1810 set,
425 1760 572 1817 quae
597 1739 761 1795 venti
790 1750 846 1796 et
867 1739 1081 1795 fluctus
1106 1740 1272 1795 nulla
1299 1740 1465 1795 ducis
1493 1741 1660 1815 culpa
1696 1741 1892 1814 gravia
1923 1751 2120 1797 tamen

266 1837 323 1900 et
347 1845 517 1885 saeva
533 1825 755 1880 damna
776 1824 1134 1884 intulissent.
1221 1844 1281 1880 se
1303 1825 1508 1880 novies
1536 1846 1569 1881 a
1596 1826 1734 1882 divo
1755 1822 2023 1899 Augusto
2056 1826 2121 1880 in

269 1910 653 1989 Germaniam
695 1910 940 1965 missum
981 1909 1153 1985 plura
1193 1909 1439 1966 consilio
1483 1928 1660 1987 quam
1700 1910 1762 1967 vi
1798 1910 2122 1986 perfecisse.

267 1995 724 2070 sicSugambros
750 1995 814 2051 in
839 1994 1202 2052 deditionem
1225 2006 1513 2070 acceptos:
1556 1996 1636 2052 sic
1650 1996 1876 2054 Suevos
1896 2015 2124 2070 regem·-

194 2430 195 2433 ’
268 2417 466 2478 oppidis,
524 2416 778 2460 domiciliis.

281 2234 284 2237 ,
323 2187 558 2233 exscindit
577 2202 674 2229 non
696 2202 864 2230 ausum
898 2202 935 2230 c.
964 2187 1161 2231 hostem.

267 2244 447 2290 Nomen
477 2245 745 2304 possessoris
780 2244 966 2302 ponitur
998 2261 1082 2302 pro
1113 2261 1164 2287 re

266 2319 493 2363 possessa,
524 2310 571 2343 ut
595 2304 707 2344 bene
732 2309 885 2344 monet
905 2301 1027 2345 LFr.
1047 2301 1164 2344 Gro-

267 2361 456 2416 novius,
504 2359 654 2402 hostis
684 2375 767 2416 pro
799 2358 996 2402 hostium
1028 2360 1163 2409 terra,

871 2415 948 2460 Sic
991 2425 1161 2459 vasta-

267 2484 345 2518 tae
376 2475 594 2517 nationes
625 2474 733 2532 Agr.
765 2490 806 2517 c.
835 2474 908 2516 22.
978 2474 1163 2518 Frustra

267 2533 441 2592 Lipsius
483 2530 772 2575 emendabat:
826 2546 924 2573 non
969 2547 1083 2574 auso
1123 2548 1160 2575 c.

211 2592 214 2595 ‘
266 2595 419 2642 hoste,
463 2593 622 2646 pulso,
660 2596 880 2653 pqvente.
964 2589 1065 2632 Alia
1097 2597 1163 2632 est

268 2665 340 2692 res
363 2647 478 2703 Hist.
501 2647 541 2699 5,
567 2648 635 2690 16.
666 2645 742 2688 ubi
765 2645 855 2688 vid.
878 2653 973 2688 not.
1064 2695 1068 2698 ⁴

326 2705 438 2749 CAP.
459 2705 532 2748 26.
591 2706 638 2746 in
660 2704 875 2746 hiberna.
928 2702 1162 2746 Cod.MS.

269 2771 311 2806 et
340 2762 444 2806 inde
480 2762 548 2805 ed.
579 2763 682 2805 Ber.
711 2762 759 2803 in
782 2761 955 2803 Hsona.
1015 2760 1161 2804 Rhen.

268 2819 520 2866 emendavit
549 2819 774 2875 ediditque
798 2818 1027 2870 Iuhiona,
1056 2834 1162 2876 pro-

270 2887 369 2936 pter
401 2879 553 2921 locum
588 2877 653 2928 13,
687 2877 756 2920 57.
824 2876 983 2920 Postea
1013 2885 1162 2919 tamen

270 2934 438 2992 recepit
487 2934 697 2978 Beroaldi
749 2933 1055 2977 coniecturam
1110 2935 1160 2975 in

268 2993 484 3042 hiberna,
534 3008 667 3049 quam
701 2991 804 3034 dein
839 3006 996 3035 omnes
1026 2991 1163 3034 inter-

272 3058 417 3106 pretes
443 3049 762 3106 probaverunt.

329 3107 490 3146 labore
516 3109 679 3150 hostes.
753 3104 880 3161 Quid
916 3105 995 3157 sit,
1035 3105 1165 3149 intel·

273 3162 425 3219 ligitur
454 3166 477 3205 e
499 3164 646 3206 verbis
668 3164 975 3222 sequentibus.
1052 3163 1054 3165 ’

329 3221 543 3273 epistolas.
602 3219 678 3264 Sic
708 3221 808 3263 edd.
832 3221 1035 3263 Rhenan.
1060 3218 1164 3262 Ald.

273 3292 371 3334 sqq.
427 3278 632 3332 epistulis
663 3278 735 3320 ed.
769 3278 872 3323 Ber.
912 3277 1026 3320 duee
1062 3276 1165 3321 cod.

331 3407 383 3435 se
414 3391 589 3434 novies.
658 3390 845 3434 Dubitat
872 3390 1072 3448 Lipsius,
1110 3407 1170 3438 an

278 3449 466 3501 totiens;
519 3463 656 3506 quare
690 3448 972 3491 Boxhornius
1012 3448 1172 3491 novies

279 3515 420 3550 mutat
453 3507 499 3548 in
529 3508 673 3548 toties.
733 3505 791 3547 At
814 3507 1046 3563 vulgatum
1070 3506 1172 3549 satis

952 3563 1064 3605 Nam
1098 3563 1174 3605 Ti-

280 3563 409 3608 habet
442 3563 635 3622 speeiem
670 3562 876 3606 veritatis.

1231 2185 1383 2230 berius
1412 2183 1771 2231 infiermaniam
1805 2189 2036 2246 profectus
2062 2197 2128 2232 est

1236 2247 1278 2300 1)
1310 2262 1348 2288 3.
1386 2260 1429 2288 u.
1466 2261 1506 2288 c.
1537 2245 1636 2288 738.
1716 2246 1773 2290 cf.
1814 2247 1904 2290 Dio
1944 2247 2022 2295 54,
2053 2247 2125 2290 20.

1233 2303 1277 2357 2)
1296 2319 1334 2345 3.
1355 2317 1401 2344 ιι.
1417 2318 1456 2345 c.
1478 2302 1576 2346 745.
1608 2301 1698 2346 Dio
1722 2305 1792 2352 55,
1810 2304 1853 2348 2.
1904 2302 1948 2361 S)
1968 2321 2006 2348 a.
2025 2303 2127 2348 746.

1234 2358 1325 2402 Dio
1357 2360 1425 2407 55,
1456 2359 1499 2402 6.
1556 2360 1602 2416 4)
1633 2377 1672 2404 a.
1703 2362 1801 2405 747.
1855 2360 1947 2405 Dio
1980 2360 2049 2412 55,
2081 2361 2124 2404 8.

1235 2418 1279 2470 5)
1310 2433 1347 2460 3.
1366 2417 1464 2460 757.
1509 2415 1600 2460 Dio
1636 2419 1704 2470 55,
1740 2419 1806 2463 13.
1877 2420 1921 2475 6)
1958 2435 1995 2463 3.
2026 2418 2126 2462 759.

1234 2474 1326 2517 1)ἰο
1347 2474 1414 2526 55,
1435 2475 1504 2517 28.
1565 2475 1610 2531 7)
1647 2493 1684 2519 a.
1706 2474 1804 2519 763.
1853 2474 1944 2519 Dio
1967 2477 2035 2528 56,
2053 2474 2127 2519 23.

1235 2533 1280 2589 8)
1316 2548 1353 2574 3.
1381 2530 1480 2576 764.
1532 2532 1622 2575 Dio
1653 2534 1721 2585 56,
1743 2533 1815 2576 25.
1891 2535 1987 2578 lam
2020 2533 2128 2590 quid

1236 2591 1359 2631 deest
1411 2589 1466 2632 ad
1521 2605 1764 2634 numerum
1826 2590 2129 2649 explendum?

1234 2645 1355 2689 Nihil
1387 2646 1526 2699 igitur
1552 2661 1664 2704 opus
1695 2657 1784 2699 est,
1816 2656 1865 2690 ut
1892 2647 2128 2706 expeditio-

1235 2719 1312 2746 nes
1343 2703 1389 2745 in
1407 2695 1700 2748 Pannoniam
1734 2714 1777 2748 et
1800 2705 2032 2763 Illyricum
2068 2704 2129 2747 fa-

1235 2769 1331 2806 ctae
1354 2760 1441 2803 huc
1466 2761 1713 2806 trahantur.

1289 2817 1355 2860 sio
1372 2820 1661 2871 Sugambros
1681 2827 1764 2865 etc.
1825 2818 1930 2862 vid.
1951 2826 2049 2862 not.
2075 2819 2131 2862 ad

1237 2876 1276 2923 1,
1301 2875 1370 2919 56.
1429 2875 1544 2918 Edd.
1565 2876 1773 2920 Beroald.
1799 2877 2002 2920 Rhenan.
2027 2875 2130 2920 Ald.

1236 2931 1502 2976 Sicambros
1532 2941 1574 2976 et
1603 2935 1662 2977 ita
1697 2935 1808 2993 lapis
1842 2933 1982 2992 antiq.
2013 2933 2132 2992 apud

1236 2990 1546 3048 Dausquium,
1577 2991 1612 3033 si
1637 2991 1744 3034 fides
1764 2989 1954 3051 Ryekio.
2014 2991 2128 3033 Edd-

1237 3048 1356 3105 Lips.
1385 3047 1495 3090 1574
1521 3064 1619 3106 sqq.
1650 3050 1950 3103 Sugambros.
2014 3047 2130 3090 Stra·

1237 3106 1297 3148 bo
1330 3106 1382 3154 4,
1424 3121 1468 3163 p.
1495 3106 1591 3148 194.
1638 3114 1681 3147 et
1715 3107 1766 3158 7,
1802 3122 1845 3163 p.
1869 3105 1970 3149 290.
2002 3105 2131 3148 habet

1237 3159 1588 3221 ἕστηνάμβρους.
1648 3162 1739 3204 Dio
1762 3162 1830 3211 54,
1851 3162 1992 3205 20set
2026 3162 2133 3204 alibi

1237 3217 1560 3279 Συγάμβρους.
1625 3220 1681 3264 cf.
1705 3219 1845 3264 Tacit.
1867 3220 1956 3264 An.
1979 3220 2045 3271 12,
2061 3219 2132 3263 39.

1269 3311 1280 3328 '
1295 3336 1359 3377 sic
1372 3331 1545 3377 Suevos
1564 3343 1649 3378 etc.
1699 3333 1760 3378 cf.
1782 3333 1896 3377 Vell.
1912 3335 1953 3386 2,
1971 3334 2050 3377 108
2066 3350 2132 3391 sq.

1244 3390 1406 3434 Strabo
1432 3392 1460 3433 Ι.
1485 3393 1513 3435 l.
1554 3391 1645 3434 Dio
1670 3391 1738 3443 55,
1757 3393 1826 3434 28.
1893 3393 2135 3441 Wieland,

1244 3449 1518 3492 Herrmann
1545 3453 1640 3491 und
1658 3451 1881 3500 Mar-bod,
1921 3450 1994 3491 ein
2013 3449 2131 3490 Bei-

1245 3514 1352 3560 trag
1387 3521 1475 3548 zur
1504 3505 1865 3549 Charakteristil:
1897 3509 1982 3548 der
2006 3508 2134 3548 alten

1245 3563 1533 3612 Remmiam,
1597 3566 1646 3606 in
1684 3566 1762 3608 W
1757 3563 1878 3607 ald's
1916 3563 2134 3617 Magazin
