2222 4030
248 194 374 252 330
914 185 1425 266 ANNALIUM
1792 192 2014 231 A.U.77S.
2082 212 2088 217 x
2151 157 2156 160 Δ

1788 237 1840 272 A.
1858 236 1908 271 C.
1953 240 2014 274 25.

245 340 416 382 aures
473 318 782 378 conferret.
879 339 1073 398 neque
1133 320 1424 394 fulgorem
1481 316 1780 382 honorum
1815 309 2100 406 'unquam

244 417 582 485 precatum:
617 402 888 461 excubias
912 425 978 462 ac
1011 406 1242 462 labores
1279 416 1347 462 ut
1378 426 1567 463 unum
1604 428 1635 465 e
1670 411 1962 470 militibus
1990 435 2099 490 pro

232 490 651 550 ,incolumitate
692 489 1061 566 imperatoris
1099 489 1294 549 malle.
1394 486 1676 550 Attamen
1691 540 1708 565 ‚
1758 499 1919 574 quod
1965 501 2101 574 pul—

245 574 635 646 cherrimum,
696 576 974 651 adeptum
1018 585 1085 631 ut
1122 574 1538 635 coniunctione
1573 577 1839 639 Caesaris
1886 583 2102 658 dignus

242 663 598 722 crederetur.
684 656 828 719 hinc
866 659 1106 716 initium
1151 660 1291 735 spei.
1377 672 1434 721 et
1483 666 1767 740 quoniam
1810 669 2104 728 audiverit

205 756 207 759 ’
239 745 577 823 Augustum
603 745 670 804 in
689 745 1031 804 collocanda
1052 743 1174 802 filia
1196 744 1477 806 nonnihil
1506 751 1682 807 etiam
1709 753 1781 809 de
1807 755 2104 831 equitibus

241 833 535 894 Romanis
559 831 1002 891 consultavisse:
1046 829 1129 888 ita
1144 875 1178 914 ².
1201 831 1252 888 si
1277 834 1524 892 maritus
1550 834 1757 895 Liviae
1791 861 2103 915 quaerere-

243 932 372 990 tur,
413 913 749 976 haberet'in
782 916 983 972 animo
1008 915 1265 973 amicum
1287 919 1412 975 sola
1434 921 1881 980 necessitudinis
1915 927 2103 999 gloria

241 1024 510 1065 usurum.
595 1023 720 1061 non
755 1021 914 1058 enlm
946 1021 1156 1059 exuere
1183 1002 1459 1078 imposita
1482 1006 1715 1063 munia:
1762 1010 1898 1066 satis
1927 1012 2104 1073 aesti-

241 1111 405 1149 mare
428 1089 652 1148 firmari
675 1089 920 1144 domum
943 1087 1256 1145 adversum
1276 1089 1511 1166 iniquas
1526 1086 1889 1168 Agrippinae
1913 1096 2105 1152 offen-

246 1178 471 1247 sioneS,
523 1175 702 1250 idque
740 1172 1066 1231 liberorum
1101 1193 1292 1235 causa.
1387 1196 1545 1232 nam·
1565 1178 1682 1234 sibi
1714 1181 1970 1239 multum
2005 1201 2103 1240 su-

246 1283 467 1341 perque
487 1261 642 1318 vitae
665 1258 821 1329 fore,
863 1260 1026 1336 quod
1051 1259 1157 1318 tali
1181 1280 1315 1317 cum
1340 1261 1611 1339 principe
1637 1256 1996 1340 explevisset.

414 1388 540 1448 XL.
606 1382 705 1444 Ad
729 1408 795 1444 ea
822 1385 1104 1446 Tiberius
1125 1388 1364 1446 laudata
1388 1390 1604 1466 pietate
1631 1391 1834 1451 Seiani
1869 1394 2104 1472 suisque

242 1477 310 1535 in
359 1495 495 1533 eum
537 1473 837 1531 beneficiis
874 1474 1106 1531 modice
1139 1476 1463 1550 percursis,
1524 1499 1661 1536 cum
1708 1489 1936 1556 tempus
1974 1492 2108 1538 tan-

187 1576 197 1586 ’“
245 1582 424 1641 quam
461 1561 537 1617 ad
574 1559 862 1635 integram
901 1560 1393 1630 consultationem
1429 1563 1756 1638 petivisset,
1808 1566 2105 1624 adiunxit:

244 1645 469 1708 Ceteris
504 1647 855 1703 mortalibus
892 1646 958 1702 in
995 1667 1063 1704 eo
1103 1657 1255 1703 stare
1294 1648 1570 1719 consilia,
1626 1650 1772 1727 quid
1815 1651 1929 1708 sibi
1964 1672 2107 1708 con-

246 1736 460 1792 ducere
493 1743 729 1809 putent:
772 1731 1114 1808 principum
1146 1731 1438 1790 diversam
1463 1753 1583 1791 esse
1604 1747 1849 1807 sortem,
1892 1737 2109 1814 quibus

242 1818 560 1898 praecipua
581 1838 783 1876 rerum
807 1818 883 1875 ad
905 1817 1124 1874 famam
1150 1817 1478 1893 dirigenda.
1564 1820 1697 1878 ideo
1726 1841 1784 1878 se
1807 1843 1932 1879 non
1965 1823 2108 1893 illuc
2135 1861 2139 1875 .

246 1908 586 1975 decurrere,
627 1904 789 1981 quod
824 1914 1168 1980 promptum
1202 1905 1522 1981 rescriptu,
1575 1927 1745 1984 posse
1780 1908 1966 1985 ipsam
2002 1908 2110 1967 Li-

244 1993 406 2049 viam
434 2001 714 2061 statuere,
756 1990 1107 2047 nubendum
1133 2001 1267 2066 post
1289 1987 1553 2048 Drusum
1580 2013 1657 2049 an
1692 1994 1758 2050 in
1794 1994 2108 2070 penatibus

245 2078 456 2135 iisdem
503 2076 879 2134 tolerandum
925 2071 1198 2145 haberet,
1255 2095 1376 2133 esse
1412 2077 1504 2133 illi
1538 2090 1786 2136 matrem
1823 2091 1878 2136 et
1916 2081 2108 2136 aviam

245 2163 527 2239 propiora
576 2162 843 2220 consilia.
929 2161 1254 2237 simplicius
1300 2173 1597 2233 acturum,
1665 2165 1737 2221 de
1781 2165 2109 2223 inimicitiis

245 2248 509 2326 primum
541 2246 935 2322 Agrippinae,
979 2266 1124 2323 quas
1159 2248 1335 2322 longe
1367 2248 1558 2306 acrius
1596 2269 1857 2319 arsuraS,
1900 2251 1949 2306 si
1983 2271 2112 2308 ma-

248 2332 601 2393 trimonium
622 2330 829 2389 Liviae
853 2332 1020 2388 velut
1044 2331 1109 2388 in
1142 2344 1336 2407 partes
1362 2334 1608 2391 domum
1635 2333 1952 2393 Caesarum
1989 2337 2112 2393 dis-

247 2419 533 2481 traxisset.
635 2417 716 2473 sic
754 2436 988 2494 quoque
1026 2437 1330 2493 erumpere
1374 2420 1828 2478 aemulationem
1864 2422 2112 2479 femina-

247 2526 384 2563 rum
417 2523 600 2581 eaque
639 2502 933 2558 discordia
970 2514 1210 2578 nepotes
1249 2523 1384 2561 suos
1417 2506 1697 2561 convelli:
1743 2507 1888 2582 quid
1926 2509 1976 2563 si
2016 2509 2111 2563 in-

249 2591 530 2651 tendatur
554 2600 848 2646 certamen
873 2587 980 2644 tali
1005 2588 1277 2662 coniugio
1292 2589 1320 2645 ’Β
1369 2587 1660 2659 „Falleris
1685 2592 1861 2662 enim,
1884 2591 2112 2663 Seiane,

249 2677 348 2748 „si
372 2688 430 2734 te
449 2694 799 2732 mansurum
824 2673 888 2728 in
915 2674 1122 2729 eodem
1146 2674 1358 2731 ordine
1391 2687 1561 2749 putas
1590 2688 1646 2733 et
1665 2675 1926 2746 Liviam,
1966 2700 2112 2755 quae

251 2809 284 2834 „
295 2761 362 2822 C.
376 2760 642 2830 Caesari,
683 2780 822 2815 mox
842 2756 1037 2815 Druso
1066 2771 1250 2835 nupta
1274 2759 1480 2829 fuerit,
1525 2781 1588 2817 ea
1614 2774 1808 2818 mente
1832 2775 2113 2834 acturam,

253 2860 366 2920 „ut
397 2867 532 2906 cum
569 2845 763 2923 equite
789 2842 1066 2903 Romano
1092 2857 1368 2905 senescat.
1453 2842 1583 2920 Ego
1619 2859 1687 2904 ut
1725 2848 1945 2919 sinam,
1989 2870 2114 2907 cre-

311 3083 594 3125 crederetur.
666 3078 769 3122 Hoc
801 3078 990 3121 ver-bum
1027 3076 1146 3122 refer
1272 3079 1543 3134 Augustum
1654 3084 1995 3127 consultavisse.
2054 3087 2113 3130 cf.

253 3139 310 3186 ad
338 3137 576 3182 hominum
607 3135 662 3180 de
683 3136 843 3180 Seiano
867 3136 1145 3195 opinionem.
1221 3136 1349 3181 Suet.
1375 3136 1482 3181 Oct.
1519 3153 1560 3182 c.
1582 3135 1652 3181 63.

255 3195 637 3245 Coniunctionem
706 3193 890 3251 quidem
948 3194 1148 3238 Caesaris
1275 3194 1389 3239 CAP.
1411 3196 1483 3238 40.
1541 3197 1775 3250 integram
1810 3201 2110 3241 consultatio-

255 3254 461 3299 nondum
488 3251 671 3308 adeptus
702 3260 818 3302 erat,
845 3259 1031 3294 mortuo
1051 3251 1148 3294 filio
1217 3267 1343 3295 nem.
1394 3250 1472 3296 Sic
1493 3252 1731 3307 integrum
1752 3254 1972 3298 iudicium
1992 3255 2032 3304 3,
2045 3258 2087 3300 8.

258 3309 437 3356 Claudii
459 3317 562 3354 ante
584 3308 747 3352 initum
770 3325 872 3352 cum
887 3308 1037 3352 Seiani
1061 3309 1148 3353 filia
1277 3310 1328 3352 in
1353 3326 1408 3352 eo
1430 3316 1572 3352 stare.
1629 3309 1684 3353 H.
1711 3328 1749 3354 e.
1779 3328 1871 3354 non
1903 3314 2113 3358 excedere

258 3367 618 3413 matrimonium.
686 3366 898 3423 Attamen
931 3381 982 3409 ea
1012 3367 1152 3424 gloria
1222 3366 1291 3419 id,
1317 3369 1415 3411 sich
1435 3367 1621 3422 darauf
1632 3370 1968 3414 beschrc'inken.

257 3429 347 3472 iam
382 3424 623 3483 gaudebat,
661 3431 711 3466 ut
733 3423 808 3466 tali
831 3423 1155 3468 coniunctione
1282 3426 1492 3485 conuelli.
1562 3424 1640 3468 Sic
1669 3427 1710 3478 6,
1739 3426 1811 3470 48.
1847 3428 2083 3474 Tiberius.
2100 3461 2111 3472 .

260 3484 427 3541 dignus
449 3481 588 3539 vulgo
608 3480 884 3525 crederetur.
928 3479 1039 3526 vid.
1057 3489 1154 3526 not.
1224 3481 1276 3525 vi
1311 3480 1651 3525 dominationis
1691 3488 1941 3530 convulsus
1982 3488 2115 3542 (ver-

267 3540 323 3585 ad
345 3556 386 3585 e.
408 3541 453 3584 2.
476 3539 531 3583 de
550 3539 691 3587 verbo
714 3541 916 3582 credere.
1226 3540 1422 3595 dorben)
1448 3547 1495 3584 et
1522 3548 1746 3586 mutatus.
