2222 4030
1787 190 1908 249 A.i1.
1930 215 2012 250 772.

1786 260 1836 294 A.
1857 256 1902 294 e.
1951 260 2011 294 ιο.

253 218 371 282 196
911 213 1427 276 ANNALIUM

249 351 557 431 opperiens
593 330 1044 420 aegritudinem,
1087 366 1236 423 quae
1275 364 1510 401 rursum
1549 342 1902 404 Germanico
1948 350 2103 407 acci-

251 443 432 497 derat.
529 452 760 490 saevam
795 432 920 488 vim
959 432 1153 488 morbi
1197 431 1444 503 augebat
1476 431 1774 505 persuasio
1810 434 2026 490 veneni
2062 455 2098 492 a

249 524 463 581 Pisone
490 517 731 592 accepti:
767 528 823 573 et
845 517 1291 591 reperiebantur
1311 515 1435 570 solo
1466 535 1529 571 ac
1552 515 1874 589 parietibus
1900 529 2097 576 erutae

247 606 647 666 humanorum
683 622 996 677 corporum
1031 600 1344 675 reliquiae,
1381 600 1641 655 carmina
1671 611 1727 656 et
1759 602 2098 660 devotiones

248 706 306 752 et
330 710 548 749 nomen
573 687 913 745 Germanici
942 684 1233 759 plumbeis
1267 685 1481 740 tabulis
1502 685 1859 760 insculptum
1875 732 1892 756 ,
1946 707 2099 744 sem—

243 779 363 837 usti
398 778 618 834 cineres
657 778 722 830 ac'
761 773 896 828 tabo
935 769 1107 825 obliti
1150 769 1380 845 aliaque
1420 770 1730 844 maleficia,
1797 771 1929 848 quis
1972 794 2100 830 cre-

248 865 411 922 ditur
455 859 706 917 animas⁴
723 849 1071 913 numinibus
1108 853 1358 910 infernis
1396 855 1629 914 sacrari.
1716 856 1893 913 simul
1933 858 2097 922 missi

245 970 279 1007 a
301 948 517 1006 Pisone
540 943 962 1000 incusabantur
983 949 1049 994 ut
1068 938 1425 994 valetudinis
1450 941 1690 996 adversa
1714 942 2010 1003 rimantes,

411 1055 597 1116 LXX..
682 1050 770 1109 Ea
813 1049 1168 1106 Germanico
1204 1045 1366 1107 haud
1412 1050 1610 1107 minus
1648 1051 1735 1108 ira
1773 1072 1949 1127 quam
1989 1072 2096 1128 per

242 1155 467 1203 metum
502 1150 758 1215 accepta:
826 1135 893 1193 Si
928 1135 1115 1191 limen
1149 1136 1548 1206 obsideretur,
1600 1136 1650 1192 si
1703 1136 2097 1196 effundendus

1054 1354 1133 1399 Sic
1201 1358 1316 1398 dom
1347 1356 1591 1398 oculorum
1633 1356 1739 1398 tabe
1772 1362 1932 1399 notus.
2002 1354 2093 1399 An.

1206 1415 1272 1463 11,
1295 1413 1338 1457 6.
1373 1419 1426 1454 ut
1455 1415 1690 1469 quomodo
1716 1413 1786 1454 vis
1816 1415 2094 1456 morborum

1197 1473 1354 1525 pretio
1387 1470 1701 1521 medentibus,
1747 1471 1808 1512 sic
1825 1470 1935 1526 fori
1962 1472 2095 1514 tabes

1196 1530 1444 1584 pecuniam
1464 1529 1701 1570 advocatis
1713 1527 1862 1583 serat.
1923 1528 2094 1572 Contra

1202 1586 1316 1629 Hist.
1334 1585 1374 1634 3,
1395 1584 1465 1628 35.
1491 1586 1639 1627 noxia
1667 1587 1775 1627 tabo
1798 1587 1988 1635 humus,
2015 1584 2094 1628 ubi

1199 1659 1316 1686 unus
1343 1643 1454 1699 Agr.
1491 1643 1598 1686 cod.
1636 1642 1766 1686 habet
1791 1644 1911 1685 tube.
1972 1642 2091 1687 lbid.

297 1365 536 1423 opperiens
593 1356 952 1412 aegritudinem.
994 1414 1003 1424 .

241 1426 349 1483 Agr.
374 1440 414 1467 c.
435 1422 499 1464 18.
528 1415 724 1460 recentis
742 1415 887 1469 legati
913 1427 1130 1456 animum

238 1480 455 1536 opperiri.
513 1477 599 1520 An.
633 1474 699 1524 11,
727 1472 795 1515 12.
824 1472 1027 1527 opperiri
1039 1471 1131 1528 fu-

239 1550 392 1640 {aggia
421 1608 476 1636 ao
507 1589 773 1646 parietibus.
850 1584 959 1630 Scil.
994 1586 1129 1642 ἕν’τῆ

236 1657 382 1709 οἰκίᾳ,
447 1652 497 1696 ἐν
551 1640 578 1708 ᾗ
627 1643 748 1702 ᾤκει.
828 1644 921 1688 1)ἱο
955 1643 1023 1693 57,
1057 1633 1124 1686 18⁴.

233 1711 401 1756 Mureti
465 1704 845 1750 emendationem·
875 1702 1127 1756 parietinis

231 1767 440 1813 refutavit
471 1761 745 1811 oberlinus,
797 1761 871 1818 qui
911 1766 1127 1818 provocat

232 1828 284 1871 ad
315 1826 500 1868 Hieron.
523 1821 570 1865 in
595 1818 757 1862 Ezeeh.
786 1834 826 1862 c.
844 1818 916 1860 40.
946 1825 988 1860 et
1012 1814 1127 1858 Bol-

233 1883 340 1927 detti
362 1897 503 1932 som-o
528 1882 546 1922 i
561 1877 767 1921 cz'miteri
783 1877 854 1918 de'
870 1879 889 1918 ι’
905 1874 977 1917 55.
998 1888 1125 1916 mur·

233 1943 328 1985 tiri.
354 1939 484 1983 Rom‘.
513 1937 645 1986 1720,
675 1934 797 1976 unde
820 1931 1034 1977 discimus
1061 1931 1126 1974 in-

229 2009 298 2042 tra
347 1998 536 2056 parietes
586 2008 717 2051 saepe
757 1989 989 2034 recondita
1031 2003 1126 2032 esse

231 2055 461 2100 cadavera.
541 2051 627 2094 Hie
658 2065 764 2092 vero
796 2049 843 2091 in
877 2047 1125 2106 perniciem

231 2110 492 2156 Germanici
521 2107 738 2164 reliquiae
773 2105 874 2148 illae
898 2105 1123 2147 humano-

228 2186 335 2213 rum
373 2185 456 2212 cor
490 2182 619 2210 orum
655 2163 912 2208 reconditae
948 2163 994 2204 in
1025 2160 1124 2204 solo

230 2237 272 2271 et
296 2184 538 2286 parietibus
560 2222 736 2265 aedium
763 2220 1077 2264 credebantur.

287 2285 502 2326 earmina
534 2287 583 2322 et
616 2280 900 2322 devotiones.
961 2276 1011 2320 ἓν
1044 2274 1122 2320 διὰ

230 2342 380 2386 δυοῖν.
443 2340 501 2382 cf.
532 2337 666 2380 Roth.
706 2352 748 2394 p.
773 2335 843 2377 25.
917 2334 986 2376 Ad
1019 2349 1129 2376 car-

231 2396 362 2443 mina
405 2405 448 2441 et
489 2397 759 2438 devotiones
798 2389 998 2448 intellige
1042 2393 1121 2433 in-

228 2460 408 2511 sculpta
466 2470 515 2496 ex
572 2449 777 2509 sequenti
825 2450 1120 2502 insculptum.

229 2515 320 2558 Dio
358 2513 387 2557 l.
426 2511 457 2556 l.
498 2512 575 2554 καὶ
621 2509 814 2567 ἔλασμοὶ
852 2507 1121 2578 μολίβδινξη

228 2568 342 2630 ἀράς
373 2583 507 2618 τινας.
525 2566 644 2627 μετὰ
672 2568 752 2610 τοῦ
783 2564 1012 2617 ὄνοματος
1035 2581 1120 2607 αυ-

228 2632 311 2675 τοῦ
336 2630 531 2687 ἔχοντες.
593 2624 651 2670 cf.
673 2641 794 2682 supr.
817 2640 855 2667 c.
872 2622 944 2665 30.
987 2621 1120 2666 ovid.

230 2689 385 2732 Amor.
407 2685 581 2738 3,7,29.
621 2682 805 2725 Heroid.
829 2682 871 2733 6,
885 2681 956 2724 91.
999 2680 1117 2723 Plin.

228 2747 297 2799 28,
317 2745 360 2788 4.
418 2744 578 2786 senec.
601 2741 654 2783 de
680 2739 826 2783 benef.
854 2739 898 2787 6,
921 2737 990 2781 35.

285 2801 482 2846 semusti
515 2802 687 2842 cineres
730 2812 788 2839 ae
826 2798 934 2839 tabo
978 2795 1120 2838 obliti.

226 2859 320 2903 Pro
353 2861 483 2906 tabe,
539 2855 660 2915 quod
702 2854 931 2912 hucusque
966 2853 1119 2896 locum

229 2916 422 2960 obtinuit
462 2915 551 2958 iam
602 2913 774 2971 pridem
797 2912 983 2970 'Lipsius
1021 2926 1117 2954 ma·

228 2973 372 3020 luerat
395 2971 514 3015 tabo.
573 2969 772 3030 Ryckius
794 2979 940 3012 tamen
967 2977 1008 3011 et
1032 2968 1119 3011 Er-

227 3031 397 3074 nestius
428 3031 583 3072 tabem
613 3029 743 3071 etiam
776 3027 863 3071 dici
894 3041 978 3084 pro
1010 3027 1119 3067 tabo

228 3087 511 3137 contendunt
549 3086 827 3142 ‘laudantque
864 3083 986 3127 Suet.
1025 3082 1116 3127 Vit-

228 3163 268 3191 e.
309 3145 375 3187 10.
436 3144 682 3185 Burmann.
722 3143 775 3186 ad
808 3141 1002 3198 Quintil.
1037 3141 1116 3184 de-

230 3203 407 3247 clamat.
427 3200 469 3252 6,
491 3199 530 3243 3.
587 3199 739 3242 Heius.
774 3200 827 3242 ad
852 3199 932 3242 Sil.
957 3197 997 3250 3,
1016 3198 1115 3241 342.

228 3262 287 3303 At
331 3256 550 3316 quidquid
588 3255 761 3299 faciant·
786 3256 885 3306 alii,
932 3255 1116 3299 Tacitus

226 3322 433 3362 accurate
458 3321 705 3369 utrumque
728 3313 1000 3356 vocabulum
1023 3313 1118 3357 dis-

206 3372 407 3432 tinguit.
487 3370 638 3412 Tabes
679 3378 743 3411 est
788 3372 987 3413 morbus·
1059 3371 1116 3413 cf.

228 3430 334 3473 infr.
362 3430 427 3480 12,
450 3426 518 3470 50.
540 3426 666 3470 Dein
688 3433 835 3468 atrox
862 3429 1012 3470 hiems
1034 3442 1118 3470 seu

222 3502 401 3543 porum
426 3486 603 3539 provisi
630 3494 917 3527 commeatus
940 3494 986 3527 et
1009 3493 1117 3527 orta

228 3561 291 3588 ex
310 3553 500 3599 utroque
519 3543 661 3584 tabes.
725 3540 834 3584 Hist.
855 3543 895 3591 4,
915 3542 984 3585 81.
1017 3545 1112 3596 qui.

1197 1703 1238 1752 2,
1258 1701 1327 1743 70.
1360 1699 1537 1755 infecta
1568 1702 1675 1742 tabo
1699 1702 1866 1742 humus
1891 1699 1934 1743 h.
1958 1716 1994 1743 e.
2020 1699 2093 1743 lo-

1198 1775 1277 1802 cus
1319 1760 1439 1800 sanie
1474 1766 1518 1800 et
1555 1758 1793 1815 putredine
1829 1757 2093 1802 cadaverum

1197 1815 1406 1859 infectus.
1448 1814 1574 1858 Idem
1597 1815 1916 1858 vocabulorum
1938 1814 2094 1859 discri-

1197 1889 1304 1916 men
1356 1872 1436 1914 Vir
1469 1871 1546 1914 ilio
1596 1873 1888 1916 observatum
1945 1871 2090 1917 video.

1198 1930 1256 1974 cf.
1286 1931 1405 1973 Aen.
1465 1963 1477 1981 ‚
1507 1931 1605 1973 442.
1635 1931 1742 1973 tabe
1773 1930 1952 1973 erudeli
1979 1943 2094 1986 quos

1191 1990 1378 2044 peredit
1405 2002 1561 2030 amor.
1625 1988 1796 2032 Contra
1818 1987 1926 2030 ibid.
1948 1987 1990 2037 3,
2015 1988 2090 2033 29.

1197 2054 1380 2088 terram
1402 2047 1510 2087 tabo
1531 2047 1798 2096 maculant,
1838 2053 1880 2086 et
1906 2045 1971 2089 sic
1994 2044 2092 2089 aliis

1394 2103 1583 2147 Accedit
1613 2101 1764 2145 Ovidii
1804 2100 2090 2160 aliorumque

1396 2160 1607 2218 Exempla
1641 2167 1813 2211 autem,
1863 2174 1975 2217 quae
2008 2168 2090 2203 ta-

1197 2103 1323 2147 locis.

1198 2177 1317 2203 usus.

1194 2220 1300 2260 bem
1343 2233 1428 2276 pro
1467 2220 1574 2260 tabo
1616 2216 1722 2260 dare
1765 2216 2003 2267 dicuntur,
2054 2216 2090 2260 si

1194 2276 1309 2319 bene
1359 2275 1645 2326 consideras,
1710 2273 1824 2317 nihil
1876 2275 2089 2332 probant.

1194 2333 1310 2375 Nam
1340 2349 1427 2402 apu
1445 2339 1457 2374 >l
1483 2334 1669 2376 sueton.
1695 2331 1723 2375 l.
1747 2330 1778 2374 l.
1806 2336 2090 2375 cadaverum

1194 2393 1326 2432 tobes
1366 2390 1534 2434 indicat
1569 2397 1734 2432 statum
1769 2389 2090 2447 corruptionis,

1194 2463 1284 2505 quo
1323 2457 1450 2491 erant
1492 2448 1731 2498 cadavera‚·
1784 2463 1878 2490 non
1917 2447 2088 2491 saniem

1191 2506 1299 2548 inde
1325 2505 1615 2548 defluentem.
1666 2503 1832 2548 Nostro
1854 2505 1959 2548 loco
1981 2521 2085 2548 ver-

1192 2564 1300 2606 bum
1322 2563 1454 2604 obliti
1472 2561 1724 2605 necessario
1746 2562 1942 2619 postulat
1963 2564 2087 2606 tabo.

1246 2621 1442 2662 semusti
1467 2621 1656 2662 cineres.
1716 2619 1819 2662 Non
1841 2621 1952 2662 halb
1976 2633 2086 2662 ver-

1191 2678 1395 2719 brannte
1427 2679 1598 2724 Asche,
1641 2693 1773 2735 quam
1814 2675 2084 2735 interpreta-

1190 2734 1363 2776 tionem
1414 2733 1629 2776 nonnulli
1684 2734 1939 2788 dederunt;
2005 2736 2085 2780 sed

1190 2793 1608 2835 halbverbranntes
1624 2791 1818 2840 Gebein‚
1844 2799 1893 2834 ut
1915 2793 2084 2837 rectius

1190 2848 1282 2891 alii.
1343 2848 1544 2907 intellige
1579 2849 1780 2892 membra
1817 2850 2084 2894 cadaverum

1191 2921 1242 2948 ex
1270 2906 1373 2965 igne
1402 2916 1551 2964 rapta,
1576 2914 1812 2965 antequam
1835 2907 2080 2951 combure-

1188 2972 1376 3016 rentur3
1403 2963 1509 3006 hinc
1529 2965 1633 3008 tabo
1659 2962 1812 3007 oblita.
1871 2964 1960 3008 Sed
1985 2980 2081 3008 non

1189 3019 1313 3065 iuvat
1334 3021 1464 3064 altius
1486 3030 1740 3078 penetrare.
1968 3049 1971 3051 -

1246 3092 1490 3135 rimantes.
1542 3089 1841 3147 ἐξετάζοντες,
1871 3089 2080 3149 >speonna-

1188 3176 1274 3213 :tsc-
1360 3163 1417 3205 cf.
1462 3159 1625 3204 Psalm.
1661 3163 1741 3210 41,
1771 3163 1813 3205 7.
1876 3167 2082 3223 ‘⁴3:059

1189 3235 1433 3292 ³2³3·va
1496 3216 1570 3289 ’ἡ
1615 3236 1728 3292 *2:22
1775 3230 1883 3293 *emt
1930 3218 2081 3294 0⁴⁸5}

1242 3288 1246 3293 ’
1399 3287 1406 3293 ’
1596 3307 1719 3364 ³³3³.
1760 3288 1876 3359 vnn}
1909 3307 2007 3360 >⁸²52
2030 3286 2079 3346 ib

1247 3371 1359 3415 (ΞΜ).
1379 3372 1450 3414 70.
1510 3374 1641 3414 haud
1661 3374 1816 3416 minus
1837 3377 1909 3416 ira
1934 3390 2079 3430 quom

1182 3445 1270 3484 per
1291 3437 1478 3472 metum.
1542 3432 1603 3472 lta
1624 3447 1744 3489 supr.
1771 3434 1809 3482 1,
1837 3434 1904 3474 11.
1925 3436 2076 3474 mcer-

1187 3496 1286 3530 tum
1311 3495 1438 3529 metu
1459 3501 1522 3528 on
1541 3503 1628 3540 per
1654 3489 1895 3530 inuidiam.
1957 3489 2073 3533 lbid.

1187 3560 1227 3586 c.
1255 3544 1323 3587 56.
1357 3552 1468 3586 astu
1498 3546 1653 3601 magis
1683 3561 1823 3600 quom
1852 3560 1940 3600 pet·
1963 3547 2074 3603 sor-
