2222 4030
255 184 371 244 166
919 176 975 238 ιΑ
994 178 1113 239 NN
1127 178 1177 239 A
1193 178 1348 238 LIU
1367 169 1432 237 M
1794 178 1846 259 ᾗ
1861 179 1915 262 ξ
1938 181 2020 262 ⁷1‘-'

247 311 627 388 Philopatore
661 309 916 367 Cilicum
956 311 1191 383 regibus
1237 308 1528 366 defunctis
1571 311 1962 370 turbabantur
1999 335 2108 368 11a-·

249 401 470 465 tione5‚
513 394 807 472 plerisque
834 393 1209 463 Romanum,
1254 395 1383 450 aliis
1405 394 1632 467 regium
1664 395 1976 470 imperium
2005 421 2108 455 cu-

247 484 572 560 pientibus:
616 493 674 537 et
696 480 1034 556 provinciae
1056 480 1227 556 Syria
1253 477 1425 555 atque
1458 478 1672 536 Iudaea
1703 481 1884 538 fessae
1911 485 2109 540 oneri-

251 571 362 626 bus
386 567 856 624 deminutionem
879 565 1088 622 tributi
1119 566 1385 623 orabant.

418 690 639 755 XLIII.
726 692 914 768 Igitur
957 689 1098 748 haec
1145 704 1200 748 et
1242 693 1314 753 de
1348 690 1663 763 Armenia,
1732 715 1881 771 quae
1936 716 2110 772 supra

250 780 601 850 memoravi,
667 781 823 854 apud
887 789 1079 853 patres
1131 777 1445 835 disseruit:
1499 800 1607 835 nec
1663 801 1832 854 posse
1880 794 2111 839 motum

249 866 562 927 Orientem
589 865 704 920 nisi
732 862 1075 920 Germanici
1103 862 1387 936 sapientia
1427 865 1731 939 componi:
1779 887 1915 921 nam
1945 888 2110 923 suam

252 963 504 1010 aetatem
531 970 798 1023 vergere,
842 947 1023 1003 Drusi
1053 949 1323 1003 nondum
1358 949 1494 1003 satis
1524 950 1860 1009 adolevisse.
1937 951 2112 1009 Tunc

255 1039 490 1095 decreto
527 1047 764 1111 patrum
802 1033 1117 1108 permissae
1153 1031 1508 1089 Germanico
1546 1033 1922 1108 provinciae,
1966 1058 2112 1113 quae

249 1123 403 1180 mari
439 1121 817 1185 dividuntur,
862 1117 1172 1192 maiusque
1211 1119 1555 1192 imperium,
1600 1140 1839 1196 quoquo
1881 1122 2115 1191 adisset,

250 1228 427 1286 quam
457 1202 549 1261 his
575 1206 676 1281 qui
704 1214 855 1258 sorte
883 1215 983 1259 aut
1015 1203 1199 1258 missu
1232 1203 1518 1279 principis
1555 1205 1907 1264 obtinerent.
1997 1207 2114 1264 Sed

250 1292 532 1355 Tiberius
562 1292 902 1348 demoverat
932 1286 1104 1364 Syria
1134 1286 1434 1347 Creticum
1457 1288 1730 1351 Silanum
1766 1311 1872 1366 per
1904 1292 2117 1348 adfini-

250 1389 427 1435 tatem
477 1394 808 1432 connexum
852 1371 1244 1443 Germanico,
1311 1374 1449 1452 quia
1498 1372 1690 1432 Silani
1736 1376 1853 1432 filia
1893 1376 2118 1434 Neroni

249 1461 641 1520 vetustissimo
694 1459 1019 1521 liberorum
1068 1459 1191 1519 eius
1228 1453 1395 1536 pacta
1431 1470 1580 1521 erat:
1646 1463 2116 1540 praefeceratque

249 1689 431 1738 cuniam
456 1705 591 1750 quam
626 1689 878 1750 possidebat
906 1689 1146 1749 plurimam
1224 1689 1344 1738 Patri
1379 1699 1651 1738 successerat
1682 1689 1947 1753 Philopator
1986 1693 2119 1745 filius,

250 1751 305 1796 ab
336 1748 539 1796 Antonio
575 1747 818 1792 Samosatis
856 1749 1061 1815 obsessus
1104 1756 1149 1792 et
1221 1765 1359 1848 ‹Euem
1387 1797 1394 1806 θ
1418 1765 1560 1805 regno
1614 1749 1828 1817 ,spoliavit
1865 1753 2120 1818 ..Augustus

249 1807 412 1854 deinde
438 1822 547 1865 pace
572 1813 782 1849 renovata
805 1806 1047 1850 obstrictus
1070 1813 1148 1848 est.
1221 1808 1237 1861 (
1258 1807 1330 1851 ‚ho
1356 1807 1424 1855 51,
1446 1807 1535 1862 2.);
1569 1807 1726 1854 tribult
1748 1807 1874 1850 fratri
1900 1811 1992 1854 eius
2003 1810 2118 1853 Tar-

248 1864 342 1913 Dio
361 1866 432 1917 49,
451 1865 523 1907 20.
546 1863 620 1907 22,
665 1862 892 1907 Plutarch.
915 1864 961 1906 in
979 1865 1149 1907 Anton.

285 1956 294 1967 .
330 1922 430 1966 931.
473 1930 515 1965 et
557 1921 748 1979 Appian.
783 1920 934 1965 Parth.
982 1938 1024 1980 p.
1056 1920 1150 1965 159.

249 1939 488 2024 f’ostremo
534 1980 632 2034 (an.
669 1995 712 2020 u.
750 1978 876 2035 725.)
922 1978 1151 2038 Augustus

250 2035 528 2088 Antiochum
571 2036 626 2078 ad
668 2052 714 2078 se
756 2035 920 2084 excivit
962 2036 1149 2079 damna-

250 2104 439 2154 tumque
459 2094 517 2137 ob
543 2093 723 2143 caedem
758 2091 886 2150 legati
914 2111 936 2135 a
963 2091 1149 2140 Mithri-

251 2153 353 2200 date
383 2151 577 2197 Romam
614 2149 736 2193 misSi
775 2149 1000 2193 interfecit
1042 2149 1150 2205 (Dio

250 2211 319 2262 52,
351 2207 443 2265 43.)
478 2222 760 2265 regnumque
794 2207 884 2260 (an.
917 2206 1032 2263 734.)
1069 2206 1150 2252 tri·-

251 2267 349 2316 buit
375 2264 527 2312 fratris
553 2264 647 2311 filio
672 2263 925 2309 Mithridati
949 2265 1150 2310 nomine.

254 2325 316 2372 cf.
352 2324 443 2366 Dio
475 2321 544 2375 54,
571 2323 614 2364 9.
649 2321 722 2379 qui
774 2337 952 2364 causam
1008 2322 1153 2365 addit:

251 2380 410 2436 ἐπειδὴ
447 2382 530 2425 τὸν
571 2381 746 2434 πατέρα
781 2377 923 2422 αὐτοῦ
962 2376 985 2422 ὁ
1018 2385 1151 2433 βασι-

253 2439 356 2490 λεὺς
393 2436 533 2492 αὐτῆς
567 2433 825 2482 ἀπεκτόνει.
888 2437 1155 2485 Antiochus.

283 2514 392 2546 ,uem
419 2496 493 2542 hic
523 2505 755 2541 mortuum
788 2493 1004 2551 legimus,
1035 2493 1152 2539 filius

277 2555 338 2599 uit
361 2553 574 2599 Antiochi
605 2552 657 2599 ab
683 2553 885 2608 Augusto
918 2551 1154 2602 interfecti,

255 2622 301 2656 et
334 2621 459 2672 pater
493 2609 730 2661 Antiochi,
781 2608 857 2667 qui
898 2609 1015 2666 apud
1053 2609 1150 2651 No-

254 2680 399 2714 strum
425 2677 490 2712 est
513 2667 618 2711 infr.
646 2667 712 2719 13,
731 2667 772 2709 7.
814 2665 927 2709 Hist.
950 2669 993 2717 2,
1012 2667 1081 2709 81.
1113 2675 1156 2709 et

256 2730 298 2779 5,
324 2731 364 2772 l·
427 2725 484 2774 Cf·
511 2728 632 2775 Suet»
658 2725 753 2774 Cal·
784 2740 825 2774 Cr
850 2724 919 2772 16.
972 2724 1063 2768 Dio
1088 2724 1156 2776 59,

255 2785 297 2834 8.
329 2787 399 2835 60,
424 2785 464 2832 8.

317 2879 623 2939 Philopatore
659 2884 865 2927 Cilicum.
935 2882 1005 2930 De
1042 2882 1156 2927 Cili-

260 2943 354 2986 ciae
383 2941 547 3000 regulis
580 2941 731 3000 accipe
766 2941 886 2985 haec.
945 2940 1155 2984 Tarcon-

259 3000 482 3051 dimotus,
522 2997 597 3057 qui
632 2998 678 3041 in
712 2999 831 3042 bello
868 2998 984 3042 civili
1013 2998 1155 3041 Pom-

257 3058 411 3118 peium
433 3066 588 3099 contra
609 3055 840 3100 Caesarem
870 3056 1156 3113 potissimum

258 3113 309 3158 r‘e
332 3113 480 3162 navali
506 3115 700 3165 iuverat.
729 3130 753 3157 a
779 3113 946 3156 victore
971 3114 1158 3172 gratiam

259 3180 420 3215 nactus
441 3174 537 3217 'tum
564 3171 746 3228 quidem
779 3171 825 3213 in
853 3187 997 3233 regno
1025 3186 1156 3212 man-

261 3231 316 3273 sit
354 3228 461 3284 (Dio
493 3228 562 3276 41,
598 3228 710 3284 63.),
762 3237 912 3286 postea
947 3245 970 3272 a
1004 3227 1156 3273 Cassio

261 3284 432 3334 invitus
455 3283 508 3326 ad
532 3283 790 3330 societatem
814 3286 1075 3343 compulsus
1095 3294 1160 3326 ost

264 3343 386 3400 (Dio
421 3342 501 3390 47,
533 3340 649 3401 26.),
729 3341 902 3384 Interiit
947 3343 992 3386 in
1038 3341 1158 3387 bello

263 3400 453 3448 Actiaco
493 3399 540 3442 in
615 3397 783 3441 artibus
818 3400 1007 3442 Antonii
1049 3400 1158 3455 (Dio

263 3461 332 3509 50,
359 3457 464 3513 34).
522 3454 572 3501 Fi
598 3453 624 3497 ii
653 3454 749 3501 eius
769 3465 868 3517 post
892 3456 1067 3501 cladem
1104 3457 1158 3503 ab

266 3515 470 3560 Antonio
519 3513 781 3556 defecerunt
825 3512 942 3566 (Dio
977 3516 1047 3565 51,
1076 3515 1159 3570 7.).

1224 1864 1490 1911 condimoto
1515 1866 1606 1920 (an.
1634 1882 1674 1908 u.
1697 1865 1796 1910 734.
1842 1866 1933 1911 Di⁰
1955 1868 2023 1920 54,
2046 1869 2122 1930 9.),

1223 1930 1324 2023 post
1339 1939 1469 1988 quen-1
1487 1919 1974 1983 regnavitPhilopator,
1993 1926 2120 1970 cuius

1256 1996 1296 2024 nc.
1325 1988 1495 2023 ιη’·ηίιο
1523 1987 1602 2026 est.

1281 2051 1671 2095 deminutionem.
1747 2050 1823 2099 Sic
1856 2052 1982 2097 Pich.
2018 2071 2119 2114 sqq.

1224 2116 1274 2150 ut
1307 2106 1479 2149 videtur
1513 2123 1535 2149 e
1565 2108 1665 2152 cod,
1693 2109 1794 2153 MS.
1848 2111 2122 2156 diminutio-

1223 2180 1332 2265 elzlim
1367 2164 1468 2208 edd.
1501 2164 1692 2222 priores.
1768 2166 1829 2212 cf.
1861 2178 1957 2212 not.
1992 2169 2049 2214 ad
2083 2175 2123 2220 1,

1284 2292 1398 2336 CAP.
1421 2292 1492 2336 43.
1554 2308 1712 2345 supra.
1771 2295 1875 2339 Vid.
1902 2311 1940 2339 c.
1965 2296 2007 2340 3.

1284 2371 1467 2405 motum
1490 2363 1750 2408 Orientem.
1803 2367 1861 2411 cf.
1885 2377 1982 2410 not.
1998 2386 2122 2429 supr.

1229 2421 1281 2463 ad
1314 2423 1350 2470 l,
1374 2420 1442 2462 57.

1283 2479 1527 2535 maiusque
1545 2482 1814 2531 imperium.
1854 2482 1974 2526 Idem
1990 2501 2121 2528 sena-

1227 2544 1296 2579 tus
1344 2535 1454 2582 olim
1499 2538 1717 2582 tribuerat
1756 2538 1977 2598 Augusto.
2065 2543 2124 2587 cf.

1228 2594 1317 2636 Dio
1340 2593 1492 2642 53‚32.
1518 2596 1568 2638 ἐν
1590 2598 1651 2651 τῷ
1678 2593 1866 2653 ὑπηκόῳ
1888 2598 1939 2642 ’ιό
1963 2600 2125 2644 πλεῖον

1228 2653 1323 2693 τῶν
1351 2649 1632 2710 ἑκασταχόθι
1669 2652 1912 2712 ἀρχόντων
1949 2654 2126 2714 ἰσχύειν

1227 2709 1495 2765 ἐπέτρεψεν.
1591 2711 1735 2758 Etiam
1776 2713 2018 2772 Pompeius
2070 2717 2125 2760 ad

1231 2766 1521 2834 debellandos
1560 2770 1721 2829 piratas
1753 2771 2006 2815 obtinuerat
2038 2775 2127 2816 im-

1229 2840 1406 2882 perium
1434 2835 1573 2868 tollus
1603 2827 1736 2870 maris
1763 2837 1807 2870 et
1840 2832 2127 2883 continentis,

1231 2898 1343 2939 quae
1388 2899 1482 2924 non
1526 2884 1695 2928 abesset
1736 2901 1758 2927 a
1798 2888 1910 2934 mari
1945 2887 2126 2948 longius

1230 2939 1391 2982 itinere
1413 2942 1548 2983 trium
1573 2942 1762 2985 dierum.

1287 3013 1434 3054 quam
1456 3002 1542 3041 his.
1605 2999 1724 3042 Num
1747 3016 1892 3056 quam
1919 3003 2016 3046 iis?

1287 3055 1369 3110 qui
1401 3065 1531 3097 sorte
1571 3064 1655 3097 aut
1694 3061 1840 3099 missu
1879 3062 2122 3115 principis.

1232 3111 1300 3177 (Jf.
1333 3121 1428 3156 not.
1461 3114 1514 3158 ad
1546 3115 1582 3164 l,
1608 3114 1678 3156 74.
1741 3115 1823 3158 Ed.
1850 3116 1954 3160 Ald.
1986 3120 2123 3161 omit-

1232 3177 1283 3211 ut
1335 3170 1396 3211 ui.

1321 3235 1576 3271 emoverat.
1636 3227 1742 3276 Una
1771 3229 1877 3276 ΑΜ,
1912 3232 2125 3276 dimove-

1232 3291 1326 3329 ras!

1292 3342 1521 3384 Cretlcmn
1571 3341 1808 3392 Silanum.

1232 3414 1274 3444 c.
1300 3400 1342 3443 4.

1283 3464 1426 3510 pocta
1457 3466 1574 3501 erat.
1652 3458 1811 3517 Neque
1853 3469 2001 3504 tamen
2031 3471 2126 3506 rata

1232 3514 1368 3557 fuisse
1393 3515 1613 3572 eavpactio
1637 3517 1840 3570 videtur;
1880 3534 1983 3562 nam
2017 3519 2125 3564 infr.

1884 3346 1944 3390 cf.
2000 3364 2123 3406 supr.
