2222 4030
1804 212 1859 290 fi:
1877 212 1932 292 tf:
1954 212 2037 293 ⁷33:

261 212 395 278 298
934 207 1452 274 ANNALIUM

255 338 623 424 dahaturq-ue
680 339 1042 421 primo-ribus
1098 345 1411 412 disserere,
1488 354 1545 400 et
1598 339 1663 400 in
1719 347 2119 405 adul-ationem

257 435 454 509 lapsos
477 428 791 488 cohibebat
817 431 965 508 ipse:
1006 429 1443 504 mandabatque
1467 423 1726 486 honores
1750 433 2119 491 nobilitatem

254 519 579 586 maiorum,
646 517 1059 573 claritudinem
1091 512 1369 583 militiae,
1432 513 1712 571 inlustres
1759 517 1924 574 domi
1969 531 2120 575 artes

254 602 601 679 spectando,
655 614 724 660 ut
764 602 902 659 satis
949 608 1240 658 constaret
1283 617 1408 655 non
1445 599 1594 656 alios
1629 601 1891 676 potiores
1924 603 2120 663 fuisse.

256 702 361 746 sua
385 687 761 758 consulibus,-
802 707 905 745 sua
921 683 1302 762 ‘praetoribus
1325 685 1562 759 speeieS.
1634 687 1940 745 minorum
1969 709 2120 765 quo-

256 793 372 850 que
408 772 856 846 magistratuum
895 769 1143 828 exercita
1175 775 1455 844 potestas:
1507 771 1810 850 legesque,
1854 774 1905 829 si
1935 775 2123 830 maie-

256 858 422 917 statis
459 858 720 936 quaestio
758 858 1138 924 eximeretur,
1179 854 1340 911 bono
1373 854 1440 911 in
1476 875 1606 915 usu.
1707 853 1792 916 At
1822 860 2121 917 frumenta

257 956 317 1002 et
347 944 630 1020 pecuniae
663 942 1002 1015 vectigaleS,
1045 952 1235 998 cetera
1270 939 1655 1015 publicorum<
1682 943 1986 1002 fructuum
2021 965 2120 1001 so-

256 1029 564 1088 cietatibus
594 1029 861 1105 equitum
894 1023 1311 1084 Romanorum
1345 1026 1738 1098 agitabantur.
1831 1026 1954 1086 Res
1987 1049 2120 1086 suas

253 1113 471 1174 Caesar
513 1111 942 1190 spectatissimo
970 1111 1213 1188 cuique,
1267 1110 1625 1187 quibusdam
1663 1113 1881 1186 ignotis
1919 1134 1989 1171 ex
2030 1116 2122 1171 fa·-

252 1219 357 1258 ma·
405 1199 751 1256 mandabatt
833 1196 1130 1273 semelque
1188 1195 1488 1272 adsumpti
1545 1199 1901 1256 tenebantur
1946 1218 2121 1274 pror-

254 1304 354 1343 sus
390 1284 528 1341 -sine
569 1282 781 1353 modu,
841 1302 978 1340 cum
1018 1281 1285 1358 plerique
1330 1280 1540 1338 iisdem
1592 1284 1846 1357 negotiis
1882 1285 2121 1341 insene—

252 1382 496 1429 scerent.
599 1362 811 1425 Plebes
851 1366 974 1424 acri
1010 1367 1254 1445 quidem
1297 1386 1536 1425 annona
1578 1364 1959 1443 fatigabatur:
2017 1372 2120 1427 sed

251 1457 420 1513 nul-la
452 1456 518 1510 in
546 1473 618 1511 eo
648 1453 820 1529 culpa
853 1473 924 1510 ex
959 1453 1256 1530 principe:
1302 1452 1450 1530 quin
1487 1453 1902 1512 infecunditati
1934 1467 2121 1512 terra-

251 1562 387 1599 rum
435 1550 536 1596 aut
579 1539 799 1614 asperis
842 1541 1024 1596 maris
1061 1538 1300 1595 obviam
1331 1539 1430 1608 iit,
1483 1550 1772 1615 quantum
1814 1541 2118 1617 impendio

252 1625 679 1702 diligentiaque
714 1635 961 1700 poterat.
1046 1619 1128 1681 Et
1153 1643 1229 1679 ne
1254 1624 1594 1699 provinciae
1631 1625 1802 1681 novis
1837 1627 2120 1683 oneribus

252 1714 636 1769 turbarentur
655 1721 838 1787 utque
861 1720 1058 1766 vetera
1081 1709 1207 1764 sine
1231 1709 1478 1767 avaritia
1502 1721 1605 1766 aut
1626 1711 1972 1768 crudelitate
1992 1732 2122 1769 ma-

255 1798 608 1872 gistratuum
641 1795 993 1866 tolerarent,
1046 1793 1415 1871 providebat.
1503 1815 1823 1872 corporum
1858 1797 2122 1868 verbera,

253 1882 660 1959 ademptiones
682 1881 982 1939 bonorum
1007 1881 1269 1939 aberant.

423 1966 482 2024 V
485 1966 563 2028 II.
632 1965 783 2027 Rari
819 1986 927 2042 per
958 1962 1193 2023 Italiam
1216 1963 1481 2022 Caesaris
1511 1965 1663 2040 agri,
1705 1966 1969 2024 modesta
1997 1987 2122 2024 ser-

252 2054 427 2124 vitia,
479 2053 637 2110 intra
671 2072 890 2128 paucos
936 2052 1184 2110 libertos
1222 2052 1465 2122 domuS,
1518 2072 1586 2108 ac
1625 2052 1675 2107 si
1713 2053 1950 2128 quando
1989 2073 2123 2109 cum

250 2139 497 2216 privatis
545 2139 923 2214 disceptaret,
975 2139 1176 2194 forum
1227 2148 1283 2193 et
1329 2136 1441 2196 ius,
1544 2135 1713 2208 Quae
1750 2149 1960 2194 cuncta
1997 2159 2121 2195 non

253 2225 498 2301 quidem
520 2223 675 2282 comi
695 2223 820 2293 via,
863 2223 965 2280 sed
998 2219 1278 2279 horridus
1310 2222 1746 2299 actplerumque
1769 2217 2123 2279 formidatus

311 2417 616 2461 eximeretur.
675 2412 921 2473 optativus
945 2411 1147 2456 Graeco-

254 2491 379 2527 rum,
409 2483 458 2516 ut
478 2472 605 2524 250.
627 2474 675 2516 si
695 2474 887 2515 mollius
908 2473 1148 2527 acchoeres.

255 2533 362 2576 Vid.
386 2531 447 2575 ib.
471 2540 569 2575 not.

298 2590 568 2646 frumenta.
627 2587 704 2632 Sc.
738 2587 992 2646 vectigalia,
1026 2587 1149 2645 quod

207 2659 215 2663 ⁴
252 2647 596 2706 intelligendum
621 2655 687 2690 est
712 2663 736 2689 e
755 2662 858 2693 voc.
884 2646 1151 2699 vectigales.

253 2706 315 2750 cf.
338 2705 451 2763 Agr.
486 2720 527 2748 c.
559 2705 627 2748 19.
685 2704 797 2746 Mox
829 2703 901 2746 ed.
932 2701 1040 2745 Ald.
1075 2715 1153 2744 res

252 2777 345 2805 sua
365 2769 535 2821 puncto
556 2761 707 2821 posito
730 2770 832 2805 ante
855 2762 1153 2816 quibusdam3

255 2819 359 2864 dein
378 2821 522 2862 iidem
546 2835 628 2878 pro
654 2821 839 2863 iisdem.

312 2878 428 2920 acri.
485 2877 602 2920 Edd.
621 2878 721 2920 Ber.
746 2876 846 2920 Alc.
869 2874 997 2930 agri,
1028 2872 1153 2932 quod

254 2935 489 2978 Victorius
519 2934 567 2977 in
592 2951 675 2978 suo
699 2933 937 2992 exemplari
960 2931 1155 2976 correxit

255 2994 358 3034 acri
376 3000 419 3034 et
439 2993 503 3036 sic
527 2992 628 3036 edd.
658 2991 859 3035 Rhenan.
882 3005 981 3048 sqq.
1041 2989 1154 3032 Mox

254 3066 342 3107 pro
358 3049 668 3105 fatigabatur
690 3065 771 3108 per
793 3049 863 3092 ed.
890 3046 1049 3091 Oberl.
1079 3046 1149 3090 vi-

256 3107 323 3150 tio
347 3122 585 3164 operarum
607 3106 792 3164 inrepsit
802 3106 1152 3162 fatigabantur,

260 3163 383 3223 quod
406 3164 581 3207 transiit
602 3165 651 3208 in
673 3165 783 3209 alios
806 3163 961 3206 libros.

318 3222 500 3275 asperis
525 3225 686 3264 maris.
744 3221 804 3265 cf.
829 3221 868 3272 3,
891 3221 961 3262 54.

318 3279 528 3322 avaritia
554 3310 565 3321 .
586 3311 597 3322 .
619 3310 629 3321 .
655 3280 1034 3334 magistratuum.
1097 3275 1156 3320 cf.

266 3338 306 3388 1,
327 3337 374 3380 2.

322 3394 434 3439 CAP.
456 3393 500 3437 7.
558 3396 772 3436 modesta
795 3392 1003 3435 servitia.
1056 3391 1162 3435 Mn-

263 3453 398 3494 desta
421 3451 631 3494 Muretus
652 3450 766 3493 inter
800 3459 970 3493 relatur
991 3465 1162 3506 pauca,

266 3509 399 3551 intra
446 3511 654 3551 modum.
743 3465 1076 3549 Flieinshemius
1119 3515 1162 3549 et

264 3565 494 3610 Ernestius
516 3566 570 3609 de
596 3564 802 3608 moribus
827 3580 1059 3607 servorum
1083 3580 1159 3607 ac-

1224 2413 1421 2471 cipiunt,
1457 2413 1579 2471 quod
1604 2411 1700 2456 iion
1732 2413 2003 2471 attingerent
2025 2430 2119 2457 reni

1223 2471 1471 2528 publicam,
1512 2486 1606 2512 non
1640 2479 1845 2529 potentes
1880 2471 2012 2514 nimis
2044 2479 2120 2514 aut

1222 2527 1467 2571 insolentes
1505 2537 1677 2578 essent,
1717 2537 1766 2570 ut
1797 2537 1966 2585 postea.
2026 2528 2121 2570 Hos

1223 2585 1423 2643 sequitur
1469 2583 1670 2628 Rieklefs
1713 2594 1755 2627 et
1798 2584 2122 2642 Kiesslingius;

1222 2644 1350 2686 illum
1366 2641 1648 2685 Strombeck.
1663 2641 1826 2691 Hacke,
1848 2642 2119 2685 Herrmann.

1224 2700 1340 2743 Sane
1377 2699 1496 2743 inter
1527 2713 1666 2742 raros
1696 2715 1842 2754 agros
1877 2708 1917 2742 et
1948 2714 2123 2754 paucos

1223 2760 1420 2801 libertos
1444 2773 1537 2799 non
1565 2765 1629 2800 est
1653 2756 1779 2800 locus
1799 2757 2042 2800 disserendi
2066 2757 2120 2800 de

1223 2815 1426 2859 moribus
1461 2831 1716 2859 servorum.
1780 2816 1994 2857 Modesto
2017 2829 2123 2857 ser-

1224 2874 1344 2915 vitia
1374 2871 1627 2930 significant
1658 2871 1925 2916 modestiam
1950 2871 2121 2914 Tiberii

1224 2932 1270 2974 in
1306 2929 1512 2974 servitiis.
1544 2930 1730 2989 ·Neque
1766 2938 1912 2973 tamen
1945 2929 2000 2971 de
2032 2945 2124 2972 nu-

1224 3004 1350 3031 mero
1382 2995 1580 3039 tantum,
1633 2987 1711 3030 sed
1738 2987 1871 3030 etiam
1906 2986 1960 3028 de
1995 2986 2120 3029 cultu

1228 3054 1270 3087 et
1304 3045 1449 3103 pretio
1481 3045 1685 3088 modesto
1717 3045 2005 3088 servitiorum
2040 3060 2120 3086 co-

1227 3104 1352 3161 gites.
1414 3102 1593 3145 Etenim
1620 3102 1722 3146 Iulii
1746 3101 1946 3146 Caesaris
1970 3100 2118 3143 luxum

1226 3163 1273 3204 in
1309 3160 1392 3203 hac
1427 3176 1474 3202 re
1515 3159 1624 3202 dum
1657 3157 1917 3217 perstringit
1955 3157 2121 3201 Sueto-

1226 3219 1342 3268 nius,
1366 3216 1522 3260 scribit
1544 3234 1584 3260 c.
1597 3217 1668 3258 47.
1692 3217 1898 3261 Servitia
1920 3216 2123 3257 rectiora

1223 3276 1535 3331 politioraque
1587 3275 1820 3315 immenso
1867 3273 2022 3326 pretio
2078 3281 2121 3315 et

1230 3334 1356 3376 cuius
1377 3332 1528 3386 ίρευηι
1559 3333 1703 3374 etiam
1731 3334 1949 3384 puderet,
1978 3331 2042 3373 sic
2073 3338 2123 3371 ut

1233 3390 1495 3432 rationibus
1513 3396 1691 3431 vetaret
1717 3387 1897 3444 inferri.

1289 3448 1412 3489 comi
1430 3448 1518 3487 via.
1579 3446 1701 3489 Suet.
1718 3446 1825 3488 Oth.
1854 3462 1892 3487 c.
1909 3445 1950 3485 4.
1976 3445 2122 3486 alium

1232 3506 1332 3547 alia
1387 3503 1467 3545 via
1526 3505 1724 3546 militem
1780 3504 2121 3544 demerebatur.

1235 3561 1409 3606 Graece
1434 3556 1542 3610 ὁδός
1565 3560 1596 3604 i.
1618 3577 1660 3618 q.
1685 3557 1868 3621 τρόπος.
