2222 4030
271 264 391 356 ffio
943 253 1446 317 ANNALIUM
1821 255 2035 338 2:32⁷&

264 394 398 470 pius
427 390 818 476 speculatores
849 387 1044 444 audiri
1071 387 1372 443 fremitum
1410 406 1698 462 equorum
1733 389 2120 471 immensique

264 491 321 536 et
359 474 652 533 inconditi
689 473 936 547 agminis
971 491 1244 528 murmur
1280 471 1542 531 attulere.
1647 471 1835 547 Igitur
1872 481 2121 554 propin-

264 584 381 640 quo
409 580 668 618 summae
699 559 787 614 rei
817 557 1152 615 discrimine
1181 556 1571 630 explorandos
1599 559 1860 616 militum
1893 565 2121 625 animos

261 660 451 716 ratUS‚
495 665 754 722 quonam
782 645 844 700 id
879 643 1056 699 modo
1093 641 1504 715 incorruptum
1540 644 1719 714 foret,
1764 658 1961 702 secum
1997 646 2120 721 a‘gi-

261 734 446 793 tabat:
483 729 807 788 'Tribunos
846 739 902 784 et
927 726 1299 782 centuriones
1323 726 1472 783 laeta
1497 729 1726 804 saepius
1754 751 1932 806 quam
1961 753 2121 788 com-

262 830 427 893 perta
463 815 762 887 nuntiare:
817 814 1170 869 libertorum
1211 810 1446 867 servilia
1479 812 1742 887 ingenia:
1789 817 1990 873 amicis
2025 818 2121 873 in-

263 922 384 959 esse
418 901 843 959 adulationem:
890 897 940 951 si
962 896 1166 952 concio
1196 908 1467 966 vocetur,
1511 898 1634 955 illic
1661 921 1924 977 quoque,
1970 923 2118 979 quae

258 987 432 1064 pauci
458 985 773 1061 incipiant,
815 982 1076 1057 reliquos
1102 982 1452 1054 adstrepere.
1539 984 1774 1057 penitus
1794 989 2119 1044 noscendas

255 1085 509 1142 menteS‚
564 1090 698 1127 cum
744 1067 947 1123 secreti
985 1079 1042 1124 et
1078 1065 1423 1123 incustoditi
1458 1065 1614 1124 inter
1645 1070 1921 1126 militaris
1956 1072 2119 1142 cibos

260 1178 422 1251 spem
449 1167 550 1214 aut
572 1167 796 1211 metum
816 1153 1166 1228 proferrent.

423 1265 593 1325 XIII.
681 1261 866 1322 Nocte
903 1275 1108 1338 coepta
1142 1283 1407 1337 egressus
1442 1264 1712 1338 augurali
1749 1285 1858 1340 per
1891 1267 2117 1324 occulta

256 1365 313 1410 et
337 1353 616 1427 vigilibus
650 1350 884 1423 ignara,
929 1349 1139 1405 comite
1177 1370 1328 1419 uno,
1373 1361 1671 1406 contectus
1710 1346 1989 1408 humeros
2028 1354 2119 1408 fe-

233 1439 384 1516 ¹rina
435 1437 617 1513 pelle,
685 1435 808 1492 adit
851 1445 1175 1492 castrorum
1225 1435 1378 1505 viaS‚
1442 1435 1672 1492 adsistit
1723 1438 2118 1493 tabernaculis

251 1525 584 1598 fruiturque
617 1521 773 1577 fama
809 1519 926 1575 sui:
983 1541 1117 1575 cum
1151 1516 1248 1576 hic
1287 1521 1662 1577 nobilitatem
1697 1522 1886 1592 duciS‚
1942 1523 2118 1579 deco·-

251 1629 378 1665 rem
426 1608 605 1676 alius,
661 1605 906 1681 plurimi
948 1605 1321 1679 patientiam,
1381 1606 1739 1676 comitatem,
1797 1627 1904 1682 per
1949 1609 2116 1677 seria,

249 1714 354 1769 per
386 1694 546 1749 iocos
573 1692 828 1747 eundem
862 1690 1128 1746 animum
1163 1691 1439 1747 laudibus
1466 1692 1690 1748 ferrent
1722 1693 2116 1749 reddendam-

248 1798 363 1855 que
393 1778 639 1852 gratiam
666 1777 732 1832 in
757 1775 879 1832 acie
905 1776 1259 1832 faterentur:
1307 1776 1485 1832 simul
1520 1777 1775 1852 perfidos
1814 1788 1870 1834 et
1906 1789 2116 1853 rupto-

247 1883 339 1920 res
373 1863 532 1938 pacis
563 1861 781 1918 ultioni
813 1871 868 1917 et
895 1861 1116 1934 gloriae
1141 1862 1501 1919 mactandos,
1590 1859 1754 1918 Inter
1779 1883 1928 1938 quae
1957 1883 2116 1920 unus

249 1945 538 2017 hostium,
589 1946 837 2004 Latinae
875 1946 1115 2020 linguae
1160 1947 1376 2015 sciens,
1419 1957 1546 2002 acto
1588 1948 1663 2003 ad
1699 1948 1925 2004 vallum
1962 1968 2114 2024 equo

247 2053 390 2090 voce
416 2053 628 2106 magna
657 2032 934 2104 coniuges
962 2044 1019 2089 et
1045 2051 1214 2104 agros
1246 2044 1303 2089 et
1328 2031 1608 2107 stipendii
1636 2032 1701 2088 in
1730 2033 1883 2102 dies,
1926 2033 2113 2090 donec

246 2119 595 2187 bellaretur,
662 2117 955 2172 sestertios
1021 2129 1328 2186 centenOS‚
1402 2117 1454 2173 si
1508 2117 1639 2193 quis
1692 2118 2113 2191 transfugisset,

248 2198 512 2260 Arminii
535 2191 777 2258 nomine
807 2202 1136 2276 pollicetur.
1225 2200 1495 2258 Incendit
1531 2223 1596 2258 ea
1633 2203 1990 2259 contumelia
2024 2204 2114 2259 le-

247 2289 492 2362 gionum
530 2288 670 2343 iras:
725 2287 957 2344 veniret
994 2287 1149 2355 dies,
1193 2287 1430 2343 daretur
1468 2306 1692 2363 pugna,
1737 2301 2112 2364 sumpturum

289 2507 439 2564 soret.
504 2504 716 2548 Heinsius
742 2505 950 2563 emendat
969 2504 1143 2559 ferret,
1213 2504 1286 2548 hic
1303 2513 1450 2548 totum
1468 2502 1744 2562 praetorium
1768 2504 1855 2547 dici
1874 2506 2109 2563 augurale;

249 2564 368 2623 quod
404 2563 550 2622 placet
577 2562 816 2617 Ernbesti05
858 2561 1073 2605 Wolfius
1096 2562 1141 2604 id
1213 2562 1380 2605 frustra
1407 2562 1694 2612 Vertranius,
1743 2562 1981 2619 legendum
2013 2579 2106 2606 esse

247 2638 343 2665 non
380 2621 483 2664 satis
520 2619 711 2662 latinum
747 2636 839 2663 esse
878 2619 1054 2671 scribit;
1099 2628 1143 2662 et
1214 2619 1460 2674 augustali
1499 2635 1581 2676 pro
1620 2622 1851 2672 augurali.
1937 2620 2106 2663 Verba:

247 2679 405 2722 melius
438 2677 555 2720 haud
587 2676 720 2719 dubie
750 2676 978 2735 vulgatum
991 2677 1140 2731 soret,
1208 2692 1298 2731 per
1321 2679 1501 2718 occulta
1525 2683 1568 2717 et
1594 2678 1796 2729 vigilibus
1817 2677 2000 2731 ignora,
2031 2676 2105 2720 alii

247 2739 370 2796 q'uod
394 2735 459 2778 sic
482 2734 669 2792 ponitur
691 2736 950 2791 profieret.
1212 2735 1418 2776 referunt
1450 2734 1504 2776 ad
1536 2733 1868 2790 praecedentia,
1906 2744 1952 2777 ut
1974 2733 2106 2792 expli-

302 2793 537 2835 militan's.
614 2791 688 2834 Sic
722 2790 822 2834 edd,
858 2792 962 2834 Ber.
996 2790 1139 2834 Rhen.
1214 2791 1344 2834 candi
1377 2806 1508 2833 causa
1537 2791 1684 2832 addita
1719 2807 1812 2832 esse
1844 2792 2106 2844 videantur;

245 2850 364 2908 Lips.
396 2865 492 2908 sqq.
559 2850 794 2891 militares
839 2849 910 2891 ed.
950 2847 1056 2892 Ald.
1098 2858 1142 2892 et
1211 2848 1311 2896 alii,
1362 2856 1410 2890 ut
1442 2846 1665 2899 Rieklefs‚
1718 2849 1882 2891 rectius
1918 2849 2104 2892 coniun-

246 2923 308 2951 nu
343 2923 392 2950 er
415 2905 595 2966 quidam
619 2905 829 2949 editores.
1211 2914 1345 2964 gunt:
1384 2920 1472 2958 per
1512 2908 1688 2947 occulta
1717 2931 1772 2938 —-
1802 2908 1917 2949 adit.
1983 2905 2103 2962 ‚Non

263 2996 266 2998 v
300 2924 423 3008 ΕΜ).
470 2963 538 3007 18.
626 2977 836 3017 egressus
896 2963 1137 3017 augurali.
1211 2963 1332 3005 enim
1366 2971 1495 3021 porta
1523 2963 1671 3005 solum
1698 2962 1876 3006 insolita
1903 2979 2104 3021 egressus

243 3022 490 3074 Augurale
517 3022 571 3076 (s.
598 3021 964 3075 auguratorium
990 3037 1024 3063 s.
1047 3037 1138 3063 au·
1211 3028 1275 3063 est
1295 3021 1523 3077 praetorio
1533 3052 1544 3071 ‚
1576 3020 1651 3062 sed
1679 3019 1842 3062 deinde
1867 3022 1998 3064 etiam
2023 3037 2104 3078 per

195 3124 199 3136 Ι
242 3081 550 3135 gur-aculam)
602 3078 852 3122 seeundum
905 3078 1138 3136 Hyginum
1211 3077 1384 3121 occulta
1420 3087 1462 3120 et
1497 3077 1707 3134 vigilibus
1749 3076 1905 3134 ignara
1945 3078 2001 3120 ad
2032 3094 2101 3122 ca-

244 3143 370 3195 parte
402 3135 551 3179 dextra
581 3144 645 3178 est
675 3135 888 3194 praetorii
923 3135 982 3178 ad
1017 3136 1136 3180 viam
1208 3143 1408 3178 strorum
1428 3135 1518 3177 vias
1538 3135 1751 3190 pervenit.

244 3192 562 3252 principalem,
608 3200 658 3234 ut
694 3192 781 3234 dux
817 3191 866 3234 in
908 3209 963 3236 eo
1000 3209 1136 3250 augu·
1264 3194 1429 3234 comite
1450 3206 1560 3233 uno·
1622 3190 1680 3233 cf.
1715 3193 1754 3242 1,
1783 3190 1824 3235 5.

244 3250 366 3293 rium
399 3257 519 3292 recte
553 3265 710 3306 capere
741 3252 896 3307 possit.
966 3249 1136 3292 Ablati-
1252 3250 1418 3304 serina
1441 3251 1581 3304 pelle.
1641 3247 1708 3291 Ut
1738 3248 1941 3292 habitum
1976 3265 2099 3292 men-

244 3324 327 3353 vus
368 3308 588 3361 augurali
620 3308 736 3349 viam
790 3307 980 3359 indicat,
1047 3323 1134 3364 qua
1206 3306 1366 3353 tiretur
1380 3305 1737 3355 Germanorum,
1769 3322 1963 3376 quorum
1983 3305 2099 3348 mul-

244 3380 446 3424 egressus
497 3371 578 3406 est.
658 3362 716 3406 cf.
757 3373 854 3406 not.
897 3366 953 3408 ad
991 3367 1028 3416 1,
1060 3366 1130 3408 60.
1204 3364 1239 3407 ti
1265 3363 1312 3406 in
1337 3363 1506 3407 castris.
1539 3363 1658 3420 Lips.
1692 3363 1922 3407 cf.(2e1·m.
1947 3365 2065 3408 e.17.

244 3423 385 3480 Igitur
414 3436 614 3480 egressus
644 3429 731 3468 est,
774 3437 867 3464 non
933 3439 986 3465 ua
1019 3421 1132 3465 sole·
1259 3422 1559 3475 pacientiam.
1621 3425 1849 3479 καρτερία.
1911 3422 2097 3464 Sueton.

242 3480 318 3523 bat
339 3477 515 3546 egredi,
547 3477 625 3521 sed
647 3492 727 3535 per
749 3494 915 3534 augura
939 3496 985 3532 e,
1011 3479 1132 3522 unde
1205 3477 1289 3520 Iul.
1320 3478 1362 3520 c.
1384 3479 1454 3522 68.
1484 3495 1543 3521 ne
1562 3480 1794 3532 patientia
1815 3487 1860 3521 et
1880 3481 2093 3534 pertina—

243 3537 394 3594 egredi
438 3534 685 3578 insolitum.
759 3535 942 3578 Frustra
982 3537 1132 3580 conie-
1204 3537 1277 3578 cia
1306 3537 1455 3579 hostis
1485 3537 1640 3580 animi
1669 3551 1862 3578 suorum
1885 3537 2095 3593 frange-

242 3601 478 3640 etaverunt
500 3592 695 3651 quidam,
719 3609 743 3636 a
763 3594 986 3637 sanctiore
1008 3603 1132 3651 parte
1203 3600 1385 3637 rentur.
