2222 4030
170 591 182 618 l

1800 204 1851 240 A.
1865 205 1919 240 U.
1933 203 2018 239 769.

1801 246 1854 286 A.
1871 247 1916 284 C.
1957 248 2016 284 16.

256 209 376 272 156
920 200 1428 266 ANNALIUM

251 361 388 400 cum
417 336 675 411 virgines
693 322 957 393 Vestales
982 335 1048 391 in
1066 335 1201 391 foro
1229 345 1287 389 et
1307 331 1527 390 iudicio
1553 333 1777 405 audiri,
1830 341 2102 414 quotiens

250 423 656 485 testimonium
680 421 969 492 dicerent,
1011 431 1178 476 vetus
1199 438 1328 474 mos
1349 418 1545 479 fuerit.

421 558 673 621 XXXV.
725 557 846 619 Res
882 578 951 614 eo
993 578 1150 614 anno
1185 557 1442 632 prolatas
1474 553 1636 614 haud
1672 559 1982 630 referrem,
2037 563 2103 618 ni

247 648 508 727 pretium
530 647 682 714 foret
703 642 812 704 Cn.
837 642 1071 700 Pisonis
1098 653 1154 698 et
1180 643 1379 699 Asinii
1407 639 1572 699 Galli
1610 663 1784 718 super
1819 664 1886 701 eo
1922 666 2105 720 nego-

248 736 332 794 tio
362 734 619 790 diversas
643 729 959 787 sententias
985 747 1243 787 noscere.
1327 726 1466 785 Piso
1483 774 1500 798 ,
1543 750 1883 806 quanquam
1907 732 2105 789 afutu-

247 841 384 878 rum
409 838 468 875 se
496 817 720 875 dixerat
743 812 983 882 Caesar,
1027 813 1104 868 ob
1131 811 1194 868 id
1215 813 1401 887 magis
1429 815 1682 887 agendas
1707 816 2008 886 censebat,
2047 828 2105 874 et

248 906 488 963 absente
511 901 780 978 principe
804 909 1072 955 senatum
1097 908 1152 953 et
1177 898 1401 974 equites
1422 919 1591 972 posse
1624 919 1726 955 sua
1762 901 1967 957 munia
2004 922 2105 958 su-

248 991 464 1049 stinere
489 989 773 1044 decorum
796 984 884 1040 rei
906 983 1180 1058 publicae
1201 983 1346 1042 fore.
1407 981 1619 1039 Gallus
1633 1029 1649 1052 ‚
1696 984 1834 1058 quia
1857 987 2120 1060 speciem'

245 1065 536 1133 libertatis
571 1069 709 1128 Piso
753 1058 1155 1143 praeceperat,
1206 1063 1363 1124 nihil
1404 1068 1543 1124 satis
1595 1068 1843 1124 inlustre
1893 1082 1994 1127 aut
2037 1092 2105 1127 ex

246 1161 529 1235 dignitate
561 1154 770 1231 populi
790 1152 1055 1212 Romani
1084 1151 1203 1208 nisi
1236 1174 1436 1209 coram
1469 1165 1525 1209 et
1552 1154 1662 1210 sub
1684 1154 1870 1223 oculis
1894 1153 2107 1212 Caesa-

245 1246 352 1304 ris:
407 1262 592 1319 eoque
625 1250 982 1296 conventum
1013 1235 1218 1296 Italiae
1251 1250 1308 1295 et
1344 1238 1399 1294 ei
1435 1238 1748 1295 adfluentis
1768 1241 2104 1314 provincias

242 1328 606 1408 praesentiae
647 1325 772 1381 eius
812 1324 1099 1381 servanda
1135 1323 1384 1383 dicebat.
1480 1319 1780 1381 Audiente
1813 1321 1956 1382 haec
1992 1325 2104 1383 Ti-

242 1417 408 1476 berio
458 1434 524 1470 ac
570 1411 778 1467 silente
827 1409 1058 1484 magnis
1090 1409 1389 1488 utrimque
1425 1409 1905 1468 contentionibus
1943 1423 2100 1468 acta:

245 1503 347 1560 sed
376 1519 468 1558 res
496 1497 732 1555 dilatae.

294 1707 342 1750 in
359 1705 474 1763 soro
512 1709 558 1747 et
590 1700 778 1745 iudicio.
838 1698 925 1743 Hic
948 1713 1133 1758 quoque
1201 1699 1345 1744 MSti.
1386 1723 1445 1735 -
1503 1699 1619 1744 Edd.
1657 1700 1866 1746 Beroald.
1895 1702 2102 1748 Rhenan.

238 1764 289 1810 ἓν
311 1763 389 1808 διὰ
415 1763 550 1807 δυοῖν
579 1775 672 1803 esse
694 1757 802 1802 dicit
821 1756 958 1800 Roth.
986 1772 1030 1814 p.
1058 1756 1130 1798 49.
1204 1759 1309 1802 Ald.
1345 1773 1442 1816 sqq.
1485 1760 1542 1800 ob
1585 1760 1632 1800 id
1675 1761 1830 1815 magis
1869 1765 2104 1816 agendum

240 1822 446 1881 explicat:
488 1821 536 1862 in
576 1817 767 1866 iudicio,
811 1817 938 1872 quod
964 1815 1134 1870 palam

225 1881 378 1939 fiebat
409 1880 459 1923 in
478 1877 618 1934 fore).
661 1873 720 1918 cf.
755 1882 854 1917 not.
889 1872 944 1915 ad
975 1871 1134 1930 Agric-

238 1955 283 1984 c.
303 1940 346 1986 2.
383 1938 431 1978 in
462 1934 645 1978 comitio
670 1947 725 1974 ac
741 1931 877 1987 sor-0.

295 1995 408 2039 CAP.
444 1993 514 2037 85.
559 2005 636 2034 res
664 2005 718 2032 eo
747 2003 876 2030 anno
904 1990 1135 2042 prolatas.

191 2090 194 2091 γ
235 2051 479 2102 Formula,
513 2064 600 2108 qua
621 2046 882 2089 indicantur
901 2045 1038 2087 seriae
1057 2060 1137 2086 re-

235 2126 341 2154 rum
374 2107 647 2166 agendarum
681 2111 724 2146 et
758 2103 805 2145 in
838 2111 995 2145 senatu
1016 2110 1060 2145 et
1087 2099 1135 2144 in

236 2169 356 2212 soro.
404 2165 462 2210 cf.
496 2163 592 2209 Cic.
627 2161 682 2205 ad
715 2159 878 2215 Quint.
904 2159 944 2211 3,
963 2160 1004 2201 8.
1067 2159 1133 2201 ld.

237 2224 558 2286 proMuraen.
587 2236 630 2263 c.
655 2217 726 2262 13.
788 2216 980 2260 Causam
1015 2215 1134 2259 illius

238 2280 509 2342 prolationis
534 2276 739 2336 plerique
762 2291 866 2317 eum
892 2273 1064 2317 Crollio
1087 2273 1136 2315 in

238 2357 293 2383 eo
342 2346 586 2397 quaerunt,
651 2332 774 2392 quod
822 2332 1035 2390 princeps
1090 2346 1139 2373 se

237 2397 469 2441 afuturum
492 2394 674 2436 dixerat.
735 2389 823 2433 Alii
857 2388 1054 2447 cogitant
1083 2388 1138 2431 de

233 2454 358 2498 feriis
390 2452 602 2496 messium
631 2458 674 2492 et
699 2447 1057 2497 vindemiarum,
1087 2453 1139 2488 ut

235 2513 297 2557 ita
334 2512 454 2554 inter
483 2506 857 2552 consultationem
889 2504 944 2547 de
975 2503 1059 2547 hac
1087 2518 1137 2545 re

236 2569 402 2615 Caesar
438 2566 597 2610 dixisse
632 2563 863 2614 videatur,
905 2578 952 2604 se
981 2559 1136 2604 afutu-

236 2644 357 2672 rum.
418 2624 487 2668 Illi
525 2622 710 2666 rectius.
771 2621 885 2663 Nam
922 2619 976 2662 de
1012 2616 1134 2659 seriis

236 2684 451 2729 messium
497 2691 541 2725 et
578 2678 914 2726 vindemiarum
948 2676 985 2719 si
1023 2683 1138 2717 esset

236 2757 414 2790 serm0,
458 2755 551 2783 uno
587 2737 743 2781 saltem
775 2736 915 2779 verbo
954 2734 1000 2776 id
1036 2731 1134 2774 No-

235 2810 382 2844 strum
430 2796 736 2840 indicaturum
779 2792 916 2836 fuisse
957 2804 1133 2834 censen.

237 2858 310 2902 De
352 2854 547 2899 ludibrio
579 2849 771 2903 Tiberii,
824 2865 914 2908 quo
962 2847 1136 2912 solebat

238 2913 483 2958 absentiam
526 2925 653 2954 suam
699 2907 996 2966 pronuntiare
1038 2920 1136 2948 sme

238 2980 404 3017 eventu
445 2968 503 3012 cf.
536 2967 723 3011 sueton.
759 2965 863 3010 Tib.
905 2980 946 3008 c.
976 2962 1049 3007 38.
1094 2969 1138 3005 et

237 3030 404 3074 Noster
425 3025 529 3069 infr.
557 3027 599 3076 4,
618 3024 664 3067 4.

299 3086 384 3128 Cn.
397 3083 594 3127 Pisonis.
654 3079 732 3124 Sic
751 3080 851 3123 edd.
865 3077 1011 3138 Ryck.
1034 3093 1136 3137 sqq.

240 3143 375 3188 Prius
400 3141 631 3184 edebature
671 3138 759 3182 Gn.
782 3137 980 3181 Pisonis.

278 3199 564 3257 'ct-futurum.
634 3195 712 3256 Sic
753 3195 855 3239 cod.
890 3193 993 3238 MS.
1038 3193 1140 3236 edd.

242 3259 423 3302 Ernest.
473 3270 571 3312 sqq.
627 3249 716 3289 -—¹
762 3252 878 3296 Edd.
930 3250 1139 3294 Beroald.

243 3311 506 3361 Rhen.Ald.
529 3310 824 3366 adfuturum.
884 3308 997 3353 Edd.
1027 3308 1143 3351 med.

245 3372 400 3419 aetatis
425 3370 532 3414 inde
554 3385 580 3412 a
602 3367 744 3426 Lipsii
778 3366 926 3425 prima
950 3366 1146 3424 abfutu-

248 3447 374 3475 rum.

305 3489 362 3530 ob
397 3487 444 3529 id
472 3482 629 3537 magis
654 3484 865 3537 agendas
889 3490 974 3525 etc.
1035 3481 1148 3524 Edi-

1187 3482 1404 3525 ·voculae
1442 3483 1558 3527 inest
1603 3484 1683 3531 vis.

249 3546 396 3589 dimus
449 3552 594 3587 totum
639 3539 795 3584 locum
840 3554 864 3582 e
909 3539 999 3583 fide
1042 3540 1148 3584 cod.
1204 3540 1433 3598 fluentes.

1204 1818 1437 1870 censebat,
1466 1823 1516 1858 ut
1538 1818 1726 1859 absente
1741 1819 1948 1873 principe
1968 1834 2103 1862 sena-

1206 1882 1284 1917 tus
1321 1882 1365 1916 et
1398 1876 1570 1930 equites
1596 1883 1791 1929 possent
1821 1890 1909 1919 sua
1939 1879 2104 1920 munia

1205 1932 1461 1975 sustinere:
1535 1935 1762 1975 decorum
1811 1935 1926 1989 reip.
1967 1935 2099 1989 fore.

1206 1988 1515 2046 Scripturam:
1578 1997 1625 2031 et
1659 2021 1670 2032 .
1703 2019 1717 2033 .
1753 1999 1973 2033 senatum
2004 2023 2016 2034 .
2045 2023 2058 2035 .
2091 2025 2104 2036 .

1203 2061 1348 2102 posse
1369 2076 1382 2099 ,
1449 2046 1627 2090 Ernest.
1680 2063 1783 2106 sqq.
1835 2064 2099 2106 expressere.

1206 2106 1434 2159 Agendas
1459 2121 1529 2147 res
1563 2113 1749 2156 uerunt,
1785 2105 1888 2163 quia
1919 2122 2001 2149 vox
2026 2121 2103 2150 res

1205 2162 1342 2204 nimis
1382 2120 1559 2219 proculp
1587 2162 1725 2205 abest.
1796 2163 1885 2206 sed
1928 2180 1976 2207 ea
2018 2181 2104 2207 vox

1207 2218 1301 2263 sive
1321 2235 1460 2277 prope
1482 2219 1570 2262 sive
1591 2218 1751 2278 procul
1774 2220 1911 2272 absit,
1933 2221 2103 2265 nullius

1209 2285 1273 2320 est
1307 2276 1544 2320 momenti.
1616 2275 1773 2332 Quum
1801 2278 1849 2320 in
1874 2286 1970 2322 toto
1999 2279 2103 2323 loco

1208 2349 1358 2377 sermo
1391 2335 1447 2377 sit
1477 2334 1531 2377 de
1558 2336 1697 2377 rebus
1724 2343 1799 2378 aut
1822 2337 2005 2392 agendis
2028 2346 2106 2380 aut

1209 2391 1478 2440 differendis,
1503 2391 1672 2435 nemini
1695 2401 1841 2451 potest
1861 2392 2105 2437 molestum

1207 2449 1379 2501 videri,
1421 2458 1472 2493 ut
1495 2464 1572 2492 res
1598 2449 1653 2492 ad
1679 2451 1863 2493 verbum
1893 2456 2105 2506 agendas

1205 2505 1513 2565 intelligatur.·
1584 2506 1651 2550 Ob
1695 2508 1745 2549 id
1788 2508 1966 2562 magis,
2024 2525 2105 2552 um

1207 2567 1339 2606 desto
1381 2567 1536 2607 mehr.
1624 2565 1780 2619 Magis
1830 2581 1987 2623 graece
2041 2575 2105 2610 est

1205 2622 1390 2680 μᾶλλον
1409 2622 1632 2680 habetque
1655 2622 1748 2666 vim
1783 2623 2106 2682 ἕπανορθωτι-

1206 2675 1308 2733 κήν.
1392 2678 1507 2722 Nam
1562 2680 1750 2738 elliptice
1795 2680 1906 2725 haec
1945 2682 2109 2726 Noster

1207 2737 1363 2780 scribit
1393 2752 1501 2794 pro:
1543 2753 1804 2796 quanquam
1825 2770 1835 2780 .
1854 2769 1865 2781 .
1883 2770 1895 2782 .
1931 2740 2107 2788 Caesar,

1209 2810 1309 2838 eam
1342 2810 1438 2837 non
1474 2810 1567 2837 esse
1608 2812 1786 2838 causam
1831 2797 2108 2854 prolationis,

1207 2851 1352 2894 immo
1379 2852 1437 2895 ob
1462 2851 1510 2894 id
1545 2852 1685 2910 magis
1716 2862 1803 2898 etc.
1846 2882 1905 2890 —-
1964 2855 2107 2898 Video

1210 2918 1255 2953 et
1275 2910 1594 2968 Kiesslingium
1622 2914 1831 2966 agendas
1852 2912 2108 2957 restituisse.

1271 3031 1318 3067 et
1348 3025 1394 3067 ei
1417 3024 1690 3080 adfluentis.
1766 3025 1841 3069 Sic
1871 3026 1973 3070 cod.
2002 3027 2107 3071 MS.

1213 3082 1431 3127 Unanimi
1461 3092 1610 3125 tamen
1644 3099 1866 3126 consensu
1895 3083 2105 3130 Beroald.

1213 3150 1256 3183 et
1278 3156 1406 3198 seqq.
1442 3140 1638 3182 editores
1675 3141 1865 3183 omisere
1899 3142 1966 3192 εἰς
2005 3142 2108 3184 sor-

1213 3206 1328 3241 tasse
1374 3197 1614 3239 molestum
1660 3197 1899 3241 videbatur
1942 3200 1999 3242 ob
2045 3217 2109 3243 se-

1214 3270 1359 3312 quens
1384 3255 1482 3295 eius
1504 3255 1804 3312 putabamque
1829 3256 1875 3297 ei
1892 3257 2111 3312 respicere

1216 3311 1271 3354 ad
1298 3312 1568 3354 vocabulum
1594 3311 1758 3355 Italiae.
1821 3313 1908 3355 Sed
1933 3315 1978 3356 ei
1999 3315 2109 3357 refe-

1215 3368 1408 3412 rendum
1430 3369 1484 3411 ad
1496 3369 1752 3422 Tiberium,
1772 3378 1822 3413 ut
1843 3372 2112 3429 respondeat

1217 3425 1420 3483 sequenti
1462 3428 1575 3469 eius.
1645 3426 1724 3471 Sic
1799 3429 2003 3487 raecipua
2044 3429 2111 3471 illi

1805 3485 1846 3529 d.
1878 3485 1983 3530 Ald.
2018 3490 2110 3529 ad-
