2222 4030
158 2693 161 2697 s
242 2650 332 2695 hoc
366 2648 544 2694 dicendi
578 2663 742 2708 genus,
787 2647 1005 2715 quoniam
1041 2646 1140 2689 bre-

1776 189 1899 234 AJU.
1916 191 1996 227 771.

1777 237 1830 275 Α.
1847 237 1879 272 c
1939 238 1998 273 18.

229 197 350 258 184
888 190 1410 254 ANNALIUM

225 347 368 385 sone
380 325 658 403 >precibus
681 324 1144 393 contumacibu5‚
1166 323 1673 403 discesseruntque>
1685 326 1899 403 apertis
1915 331 2085 390 odiis,

226 425 474 490 postque
510 430 679 467 rarus
713 411 779 466 in
813 410 1102 467 tribunali
1138 407 1404 465 Caesaris
1436 407 1574 465 Piso
1622 422 1704 481 et,
1761 415 1813 470 si
1847 418 2085 491 quando

229 498 551 566 adsideret,
616 507 782 570 atrox
817 516 883 553 ac
923 493 1629 554 dissentiremanifestus.
1693 519 1807 554 vox
1855 519 2089 576 quoque

230 584 357 640 eius
397 582 598 639 audita
632 593 717 639 est
750 583 815 637 in
850 580 1154 647 convivi0‚
1200 599 1334 635 cum
1362 580 1519 653 apud
1540 599 1736 654 regem
1760 582 2091 643 Nabataeo-

228 689 366 725 rum
399 687 650 724 coronae
684 686 892 724 aureae
927 685 1139 738 magno
1172 664 1433 738 pondere
1457 663 1693 723 Caesari
1726 681 1783 726 et
1808 663 2093 745 Agrippi-

231 774 374 823 nae,
425 754 582 810 leves
618 751 832 809 Pisoni>
865 762 921 807 et
956 749 1162 805 ceteris
1200 749 1583 808 offer-rentur:
1642 754 1927 829 principis
1963 755 2093 813 Ro-

230 838 425 908 mani,
467 857 592 894 non
612 833 823 896 Parthi
858 834 1010 907 regis
1047 834 1170 890 filio
1208 854 1302 890 eas
1336 836 1538 909 epulas
1569 838 1723 895 dari:
1769 841 2094 917 abiecitque

233 925 411 996 simul
436 943 717 981 coronam
742 933 799 978 et
822 921 1009 976 multa
1036 918 1101 975 in
1125 920 1332 975 luxum
1353 921 1612 991 addidit,
1666 945 1815 999 quae
1843 924 2095 983 Germa—

231 1009 367 1067 nico
392 1029 732 1088 quanquam
759 1006 966 1064 acerba
988 1005 1397 1061 tolerabantur
1418 1016 1634 1066 tamen.

404 1144 627 1206 LVIII.
671 1143 835 1202 Inter
858 1164 1007 1220 quae
1034 1144 1107 1200 ab
1131 1164 1265 1218 rege
1287 1139 1649 1200 Parthorum
1671 1140 1976 1219 Artabano
2010 1148 2099 1203 le-

234 1233 354 1310 gati
389 1253 619 1291 venere.
674 1230 915 1286 miserat
951 1229 1270 1286 amicitiam
1302 1249 1367 1284 ac
1411 1230 1618 1286 foedus
1653 1243 2100 1302 memoraturOS,

236 1331 294 1377 et
332 1339 542 1394 cupere
581 1315 860 1374 renovari
899 1315 1130 1371 dextras
1167 1315 1563 1391 daturumque
1599 1310 1820 1372 honori
1847 1315 2101 1381 Germa—

234 1404 386 1474 nici,
425 1415 495 1460 ut
531 1402 722 1478 ripam
752 1397 1080 1476 Euphratis
1115 1401 1434 1457 accederet:
1483 1411 1676 1475 petere
1715 1401 1982 1473 interim,
2026 1424 2101 1458 nc

234 1489 521 1546 Vonones
554 1488 618 1544 in
655 1485 827 1564 Syria
859 1483 1178 1542 haberetur
1210 1507 1329 1541 neu
1361 1506 1629 1560 proceres
1663 1487 1926 1560 gentium
1959 1510 2103 1564 pro-

235 1575 475 1652 pinquis
503 1572 731 1632 nuntiis
761 1573 836 1628 ad
866 1572 1190 1628 discordias
1212 1566 1487 1631 traheret.
1573 1567 1671 1628 Ad
1696 1593 1761 1628 ea
1785 1565 2104 1629 Germani*-

237 1681 338 1718 cus
385 1661 458 1716 de
504 1659 776 1716 societate
812 1655 1228 1716 Romanorum
1261 1651 1738 1734 Parthorumque
1777 1659 2104 1732 magnifice,

237 1747 310 1802 de
334 1746 594 1802 adventu
615 1743 767 1817 regis
795 1754 853 1798 et
877 1744 1039 1799 cultu
1071 1742 1162 1798 sui
1188 1762 1320 1797 cum
1346 1742 1555 1798 decore
1582 1763 1647 1798 ac
1682 1745 1970 1800 modestia
2010 1765 2106 1800 re-

237 1831 496 1907 spondit.
606 1827 895 1885 Vonones
934 1827 1415 1903 Pompeiopolim
1452 1824 1695 1884 Ciliciae
1745 1829 2105 1887 maritimam

235 1917 447 1974 urbem
486 1925 716 1973 amotus
754 1925 853 1972 est.
914 1914 1118 1970 datum
1154 1913 1216 1968 id
1252 1933 1377 1969 non
1409 1914 1590 1969 modo
1624 1914 1898 1988 precihus
1926 1911 2106 1973 Arta-

237 1991 414 2071 bani,
457 2002 558 2058 sed
598 1999 989 2057 contumeliae
1014 1997 1281 2067 PisoniS,
1327 1997 1422 2054 cui
1459 1999 1822 2071 gratissimus
1868 2012 1992 2058 erat
2026 2003 2105 2058 ob

238 2087 497 2165 plurima
525 2086 716 2143 officia
743 2097 801 2142 et
823 2085 978 2141 dona
995 2130 1011 2154 ‚
1049 2084 1265 2160 quibus
1286 2082 1634 2139 Plancinam
1662 2085 2022 2146 devinxerat.

293 2305 508 2360 precibus
542 2304 901 2346 contumacibus.
974 2301 1140 2363 Preces

231 2360 286 2406 'et
305 2363 725 2408 contumacia‘sunt
757 2360 991 2404 ἀντίθετα.
1029 2359 1140 2402 Pre-

241 2434 315 2482 qes
349 2436 362 2463 ι
397 2419 486 2463 'tur
523 2426 820 2462 contumaces
844 2418 1015 2475 -accipe
1055 2432 1139 2475 pro

242 2436 455 2539 preciffus
483 2492 579 2520 non
603 2475 745 2525 veris,
784 2475 862 2518 sed
888 2476 949 2517 ita
980 2474 1141 2524 mixtis,

242 2543 293 2579 ut
358 2534 526 2579 'verbis
608 2533 774 2577 emicet
853 2530 1139 2576 contumacia

245 2593 460 2648 (trotzige
502 2591 704 2647 Buten).
783 2589 936 2648 Placet
968 2588 1137 2632 Nostro

1269 2302 1424 2354 ripam
1467 2300 1517 2344 E.
1559 2304 1812 2345 accederet.
1896 2303 1956 2347 cf.
1996 2301 2106 2347 infr.

1212 2360 1280 2411 12,
1302 2359 1372 2402 31.
1406 2361 1677 2401 societatem
1701 2368 1917 2403 nostram
1950 2364 2110 2404 volen-

1212 2425 1283 2460 tes
1315 2424 1640 2469 accesserant;
1686 2417 1747 2460 ib.
1776 2433 1815 2460 c.
1842 2417 1910 2461 33.
1943 2420 1987 2461 si
2017 2435 2108 2475 qua

1212 2477 1463 2517 clementer
1526 2476 1683 2516 accedi
1731 2473 1969 2530 poterunt.
2051 2477 2109 2520 cf.

1211 2532 1481 2576 Ramshorn.
1506 2529 1584 2574 Gr.
1607 2535 1648 2585 §.
1675 2533 1771 2575 128.

1270 2629 1364 2656 neu
1378 2628 1591 2670 proceres
1611 2619 1839 2668 gentium.
1893 2615 1977 2660 sic
2008 2618 2110 2662 cod.

1213 2672 1314 2715 MS.
1357 2671 1458 2715 edd.
1507 2671 1715 2717 Beroald.
1756 2673 1962 2717 Rhenan.
2007 2674 2112 2718 ΑΜ.

1215 2731 1449 2773 Mercerus
1486 2737 1527 2771 et
1550 2728 1746 2775 Pichena
1780 2730 2016 2775 volebant:
2057 2748 2114 2775 ne

1214 2787 1283 2830 vel
1305 2802 1364 2829 ne
1383 2787 1422 2828 is
1474 2801 1526 2828 ro
1547 2800 1657 2831 neu.
1720 2785 1965 2846 Vulgatum
1996 2791 2113 2834 bene

1218 2843 1417 2887 defendit
1465 2875 1476 2886 .
1498 2843 1572 2886 Fr.
1595 2844 1868 2889 Gronovius.
1929 2846 2008 2890 Est
2041 2863 2114 2906 ge-

1217 2919 1301 2946 nus
1323 2903 1403 2944 τοῦ
1424 2901 1474 2946 ἓν
1494 2899 1572 2944 διὰ
1593 2903 1740 2946 δυοῖν.
1802 2903 1919 2947 Nam
1937 2910 2113 2948 senten:

1216 2960 1280 3004 tia
1311 2967 1400 3002 est:
1442 2975 1500 3002 ne
1523 2959 1578 3002 V.
1606 2965 1652 3003 in
1675 2961 1724 3005 S.
1748 2963 2027 3014 habentium
2065 2964 2116 3005 id

1216 3032 1386 3071 nempe
1442 3017 1562 3072 peti,
1636 3033 1697 3061 ne
1742 3034 1963 3074 proceres
2014 3029 2114 3070 ete„

1218 3076 1286 3118 vel
1301 3091 1314 3118 ι
1357 3075 1409 3118 id
1433 3077 1555 3117 enim
1577 3078 1621 3119 si
1635 3077 1791 3131 fieret,
1831 3077 2114 3125 timendum,

244 2707 370 2754 vitati
420 2723 474 2751 eo
515 2723 650 2766 quam
700 2721 893 2748 maxime
940 2702 1142 2749 consuli-

242 2774 332 2810 tur.

303 2879 479 2936 apertis
520 2878 652 2922 odiis.
724 2876 802 2922 Sic
843 2877 944 2921 edd.
982 2874 1144 2920 Oberl.

245 2953 345 2996 sqq.
363 2935 620 2982 suasoribus
641 2935 692 2979 Li
726 2936 792 2978 sio
819 2945 862 2979 et
886 2935 918 2978 1.
935 2935 1010 2978 Fr.
1028 2932 1148 2976 Gro-

246 2995 408 3038 novio.
437 3022 496 3032 --
554 2952 783 3039 CodASlS.
806 2993 907 3036 edd.
922 2992 1026 3036 Ber.
1047 3006 1145 3050 sqq.

248 3054 435 3107 oper-tis.

253 3168 255 3177 ’
284 3177 508 3211 'coronae
528 3180 716 3209 aureae.
776 3164 848 3209 De
868 3181 923 3209 eo
947 3165 1051 3209 luxu
1079 3163 1145 3207 in-

250 3231 320 3268 ter
339 3222 547 3269 convivia
562 3223 759 3266 adhibito
784 3222 1011 3267 cf.1ustin.
1027 3222 1093 3273 18,
1103 3224 1148 3265 2.

252 3280 498 3340 Capitolia.
521 3279 570 3324 in
592 3279 728 3324 Aelio
748 3281 889 3325 Vero.
913 3296 954 3325 c.
969 3280 1010 3324 5.
1059 3279 1146 3324 Po·

252 3337 345 3398 lyb.
370 3339 438 3389 15.
460 3337 532 3382 81.

310 3451 426 3556 (slav.
463 3452 536 3498 58.
586 3451 852 3498 Artabano.
881 3480 885 3487 ·
923 3452 986 3499 ef·
1026 3468 1150 3512 supr.

255 3527 297 3556 e.
351 3543 364 3558 .

1217 3139 1279 3175 ne
1307 3147 1531 3187 proceres
1564 3142 1650 3176 etc.
1711 3133 1788 3176 Sic
1822 3149 1946 3190 supr.
1981 3137 2019 3186 1,
2041 3135 2113 3177 79.

1216 3205 1278 3232 ne
1315 3190 1472 3233 Clanis
1595 3191 1940 3246 transferretur
1979 3194 2116 3248 idque

1216 3262 1326 3348 Ξὶὶςές
1346 3247 1633 3348 ῃμέῗνηίειέηι,
1688 3248 1916 3304 adferret.
2010 3249 2114 3292 Vid.

1277 3390 1443 3430 datum
1467 3390 1526 3430 id.
1583 3389 1800 3433 Precibus
1818 3388 1907 3432 hoc
1927 3389 2117 3434 verbum

1224 3445 1395 3505 optime
1417 3448 1653 3500 convenit3
1683 3464 1778 3492 non
1799 3463 1849 3490 ae
1883 3463 1937 3489 ue
1957 3455 2115 3490 contu-

1226 3505 1408 3547 melfiae.
1467 3503 1557 3547 Sed
1581 3506 1675 3550 vid.
1702 3513 1797 3550 not.
1905 3518 1944 3546 c.
1968 3504 2039 3547 20.
