2222 4030
1810 256 1877 292 A.
1895 256 1946 293 U.
1969 255 2049 291 768.

1823 301 1875 336 A.
1897 298 1942 335 C.
1985 302 2049 334 15.

289 262 369 320 82
898 301 902 306 .
948 250 1466 316 ANNALIUM

289 386 584 447 discordia
606 404 673 440 ex
695 383 1010 442 certamine
1032 378 1408 446 histrionum.
1463 387 1789 444 indulserat
1823 391 1878 444 ei
1906 391 2134 448 ludicro

291 471 618 547 AugustuS‚
671 470 815 527 dum
837 469 1169 527 Maecenat-i
1189 472 1555 547 obtemperat
1579 473 1762 528 effuso
1791 472 1856 528 in
1880 495 2138 546 amorem

288 555 576 634 Bathylli:
626 575 815 632 neque
847 556 970 631 ipse
1001 552 1356 613 abhorrebat
1386 559 1602 615 talibus
1636 558 1845 614 studiis
1881 571 1936 616 et
1969 561 2137 617 civile

286 645 526 700 rebatur
559 640 790 697 misceri
821 641 1224 714 voluptatibus
1255 642 1436 715 vulgi.
1499 643 1613 699 alia
1639 642 1883 700 Tiberio
1905 665 2139 701 morum

288 730 410 785 via:
457 727 558 783 sed
586 727 875 802 populum
911 745 1017 800 per
1049 736 1135 781 tot
1167 745 1354 782 annos
1385 728 1648 785 molliter
1681 725 1953 786 habitum
1985 750 2140 786 non-

288 814 434 870 dum
453 812 706 869 audehat
735 812 810 867 ad
831 810 1073 867 duriora
1092 822 1337 870 vertere.
1390 859 1393 866 .

454 893 582 956 LV.
630 895 826 954 Druso
864 893 1137 964 Caesare,
1193 893 1259 954 C.
1291 894 1574 954 Norbano
1609 895 1772 958 Coss.
1805 898 2141 956 decernitur

276 980 643 1039 *Germanico
678 975 1015 1055 triumphus
1036 993 1312 1037 manente
1334 981 1522 1050 bello,
1566 985 1756 1059 quod,
1802 1004 2140 1060 quanquam

286 1069 353 1124 in
376 1078 650 1124 aestatem
673 1085 902 1122 summa
927 1085 1038 1140 ope
1064 1066 1335 1139 parabat,
1373 1065 1546 1123 initio
1567 1069 1721 1123 veris
1749 1079 1805 1123 et
1828 1069 2137 1143 repentino

285 1154 352 1220 in
381 1150 583 1210 Cattos
623 1171 867 1207 excursu
900 1149 1213 1224 praecepit.
1279 1170 1419 1206 nam
1453 1170 1582 1227 spes
1615 1152 1929 1213 incesserat
1968 1152 2142 1208 dissi-

284 1238 422 1295 dere
444 1233 673 1293 hostem
693 1235 758 1291 in
774 1230 1116 1291 Arminium
1137 1255 1203 1291 ac
1224 1233 1546 1309 Segestem,
1590 1234 1884 1311 insignem
1907 1249 2143 1294 utrum—

269 1341 400 1400 'que
419 1321 666 1398 perfidia
690 1320 755 1376 in
779 1339 888 1376 nos
913 1331 1013 1377 aut
1033 1318 1165 1379 fide.
1251 1316 1563 1378 Arminius
1592 1322 1864 1386 turbator
1890 1319 2142 1378 Germa-

272 1408 441 1464 niae:
487 1406 748 1480 Segestes
781 1404 979 1481 parari
1006 1403 1394 1462 rebellionem
1427 1405 1765 1483 saepe‘alias
1787 1420 1844 1465 et
1866 1426 2138 1482 supremo

283 1492 590 1561 conviviO,
639 1502 773 1566 post
812 1490 972 1566 quod
1005 1490 1070 1545 in
1104 1511 1267 1547 arma
1305 1491 1482 1562 itum,
1537 1493 1789 1568 aperuit:
1844 1492 2141 1568 suasitque

281 1577 442 1634 Varo
457 1623 473 1646 ‚
510 1588 578 1633 ut
598 1596 657 1632 se
681 1587 736 1631 et
749 1573 1094 1631 Arminium
1119 1587 1174 1631 et
1195 1587 1417 1633 ceteros
1437 1580 1709 1654 proceres
1732 1578 2007 1634 vinciret:
2045 1577 2141 1632 ni-

278 1657 368 1721 hil
394 1681 669 1718 ausuram
693 1661 928 1736 plebem
951 1660 1320 1736 principibus
1349 1663 1590 1733 amotis,
1633 1675 1807 1739 atque
1844 1663 1958 1738 ipsi
1989 1654 2163 1719 tem-'

278 1767 389 1823 pus
411 1748 568 1816 fore,
606 1767 724 1822 quo
751 1746 1000 1801 crimina
1025 1757 1078 1802 et
1101 1746 1376 1804 innoxios
1399 1748 1772 1807 discerneret.
1818 1749 1918 1804 sed
1944 1747 2140 1804 Varus

276 1834 397 1889 fato
422 1830 561 1889 etvi
572 1826 838 1896 Arminii
861 1831 1088 1890 cecidit.
1154 1830 1446 1905 SegesteS‚
1491 1854 1830 1910 quanquam
1853 1853 2141 1890 consensu

270 1917 467 1991 gentis
492 1916 558 1995 in
581 1914 807 1972 bellum
831 1927 1080 1985 tractUS‚
1124 1914 1347 1973 discors
1381 1919 1686 1988 manebat,
1727 1918 1910 1975 auctis
1941 1918 2142 1994 priva-

279 2002 389 2059 tim
426 2000 611 2071 odiis,
655 2001 815 2077 quod
839 1999 1151 2058 Arminius
1183 2001 1368 2060 filiam
1403 2003 1533 2070 eius
1548 2004 1651 2061 alii
1674 2017 1904 2080 pactam
1928 1999 2140 2079 rapu&

336 2139 573 2183 discordia
597 2152 662 2180 ex
681 2139 956 2181 certamine
976 2139 1176 2182 histrio-

276 2211 410 2239 num.
475 2195 565 2238 Dio
604 2197 670 2247 56,
705 2196 774 2238 47.
819 2193 910 2239 κᾶν
939 2191 1087 2251 τούτῳ
1121 2195 1174 2242 τὸ

277 2256 485 2309 πλῆθος,
541 2255 635 2296 τῶν
678 2252 918 2310 ὀρχηστῶν
953 2268 1077 2302 τινος
1109 2254 1177 2310 μὴ

277 2309 562 2366 θελήσαντος
631 2312 708 2354 ἐπὶ
775 2313 838 2366 τῷ
909 2315 1175 2370 τεταγμένῳ

276 2372 434 2430 μισθῷ
465 2370 510 2417 ἐς
540 2367 590 2412 τὸ
626 2372 827 2424 θέατρον
860 2370 911 2412 ἐν
945 2374 1040 2417 τοῖς
1070 2369 1174 2425 Ay]-

274 2430 567 2486 γουσταλίοις
609 2427 837 2480 ἒςελθεῖν,
901 2427 1174 2473 ἐστασίασε·

277 2488 354 2529 καὶ
377 2484 430 2529 οὐ
457 2480 682 2543 πρότερον
704 2480 968 2528 ἐπαύσαντο
1004 2498 1175 2540 ταρατ-

275 2541 465 2603 τόμενοι
478 2576 491 2598 ,
535 2546 647 2600 πρὶν
669 2541 776 2590 τοὺς
797 2540 1063 2600 δημάρχους
1091 2539 1177 2597 τήν

277 2617 326 2646 τε
367 2599 539 2659 βουλὴν
579 2599 847 2657 αὐθημερὸν
889 2604 1176 2657 συναγαγεῖν

277 2661 356 2702 καὶ
407 2661 631 2714 δεηθῆναι
685 2657 823 2710 αὐτῆς
843 2691 855 2713 ‚
929 2660 1175 2715 ἐπιτρέψαι

278 2721 415 2774 σφίσι
447 2718 609 2760 πλεῖον
646 2731 688 2759 τι
718 2719 800 2763 τοῦ
836 2719 1175 2774 νενομισμένου

279 2774 530 2819 ἀναλῶσαι.
572 2774 834 2817 Ηί3ι1·ι”οήε.ς
853 2774 1047 2832 intellige
1066 2789 1174 2832 pan-

280 2834 506 2882 tomimos,
539 2846 700 2890 genere
724 2830 845 2874 dicto
870 2847 952 2888 pro
976 2832 1142 2888 specie.

335 2893 599 2933 indulserat
634 2889 679 2930 ei
711 2891 891 2930 ludicro
924 2892 1045 2943 Aug.
1084 2896 1157 2931 etc

281 2948 341 2991 cf.
365 2948 552 2990 Sueton.
593 2946 699 2989 Oet.
725 2963 764 2989 e.
789 2945 861 2988 45.
894 2946 985 2988 Dio
1012 2946 1081 2997 54,
1105 2947 1174 2990 17.

279 3005 434 3050 luven.
483 3006 524 3055 6,
564 3003 634 3048 63.
725 3003 907 3046 suidas:
957 3001 1175 3061 ’Όρχησις

278 3057 586 3120 παντόμιμος.
636 3058 808 3115 ταύτην
843 3058 866 3104 ὁ
902 3058 1175 3119 Αὔγουστος

277 3123 461 3176 Καῖσαρ
481 3121 674 3177 ἐφεῦρε,
707 3115 933 3163 Πυλάδου
971 3123 1048 3163 καὶ
1069 3125 1173 3162 Βα-

277 3175 454 3222 θύλλου
475 3179 660 3232 πρῶτον
675 3175 819 3231 αὐτὴν
832 3175 1171 3236 μετελθόντων.

340 3235 453 3280 CAP.
491 3236 561 3277 55.
600 3235 730 3276 initio
767 3237 890 3278 veris
924 3244 969 3277 et
999 3250 1172 3289 repen-

238 3296 242 3302 '
282 3294 384 3336 tino
405 3293 456 3334 in
472 3291 520 3335 C.
549 3306 765 3334 excursu.
827 3292 1000 3350 Copula
1025 3302 1070 3335 et
1094 3293 1169 3336 of-

280 3349 425 3394 fendit
492 3349 728 3392 Muretum
796 3358 837 3391 et
898 3351 1169 3394 Acidalium.

279 3406 495 3450 Wolfius
546 3405 709 3463 accipit
747 3422 831 3463 pro
877 3416 921 3449 et
964 3409 1168 3464 quidem.

281 3464 474 3507 Videtur
497 3472 646 3506 tamen
668 3462 742 3507 hic.
765 3463 946 3520 simplex
969 3481 1060 3507 esse
1085 3482 1170 3507 co·-

280 3522 399 3580 pula.
461 3520 642 3564 Initium
677 3520 796 3570 veris
829 3520 1074 3578 opponitur
1099 3539 1167 3566 ae·

281 3578 408 3628 stati,
470 3577 728 3636 repentinus
773 3593 983 3626 excursus
1027 3579 1166 3636 bello,

1248 2140 1372 2197 quod
1396 2156 1574 2185 summa
1595 2157 1680 2199 ope
1698 2142 1900 2201 parabat.
1933 2140 2007 2185 Sic
2017 2139 2137 2193 263.

1247 2198 1704 2242 Hermundurorum
1716 2200 1882 2253 opibus
1894 2208 1939 2243 ec
1954 2200 2002 2242 V
1998 2199 2140 2246 ibiuio

1247 2259 1376 2299 duce.
1435 2255 1647 2299 Ceterum
1674 2258 1846 2314 saepius
1869 2264 1913 2299 et
1935 2256 1981 2300 in
1995 2256 2140 2304 Tacui

1249 2314 1371 2355 libris
1409 2312 1689 2371 superfluum
1723 2324 1787 2357 est
1820 2315 1969 2357 visum
1997 2313 2140 2358 intel-⁸—

1242 2372 1461 2427 prefibus.
1520 2370 1579 2414 cf.
1628 2382 1720 2420 not.
1757 2372 1811 2414 ad
1849 2372 1960 2415 Ilist.
1999 2375 2034 2422 l,
2065 2371 2136 2414 79.

1246 2429 1289 2479 2,
1307 2428 1378 2470 21.
1407 2425 1449 2484 4,
1474 2428 1544 2471 86.
1577 2427 1673 2480 An.
1691 2431 1732 2481 2,
1755 2429 1826 2472 39.
1857 2429 2017 2489 13221.
2038 2426 2121 2482 28..

1304 2487 1351 2527 in
1370 2486 1542 2529 Cattos.
1602 2486 1719 2544 Edd.
1741 2487 1843 2530 Ber..
1858 2487 2137 2545 .Rhe1‚1.ssqq.

1251 2542 1303 2585 ad
1319 2541 1560 2586 Pichenam
1582 2545 1779 2587 Chattos
1799 2544 1871 2591 hic
1890 2553 1987 2593 ete.
2001 2543 2070 2597 56.
2093 2546 2135 2598 Ξ,

1247 2600 1289 2642 7.
1312 2600 1383 2642 25.
1411 2601 1481 2643 41.
1503 2601 1574 2643 88.
1644 2602 1731 2656 Sed
1760 2601 1847 2644 An.
1876 2599 2014 2657 11,f16
2034 2598 2136 2660 sqq.

1246 2658 1449 2700 scribunt
1462 2659 1637 2700 Cattos.
1666 2659 1842 2709 Strabo,
1856 2659 2139 2702 Ptolemaeus

1247 2723 1290 2757 et
1323 2714 1413 2762 Dio
1451 2714 1625 2757 ‘habent
1662 2713 1854 2759 Χάττοι.
1938 2716 2138 2769 Eandem

1248 2771 1600 2871 ἒρίωζίοηειίἑε)
1623 2767 1817 2872 religegt
1838 2832 1848 2840 .
1871 2772 1975 2873 Νὺξ
1998 2838 2014 2872 i
2034 2767 2136 2873 velit.

1294 2844 1404 2870 erm.
1461 2839 1499 2871 c'.
1605 2852 1640 2871 .·
1744 2847 1764 2872 e
1799 2837 1803 2842 “
1835 2847 1942 2874 mco
1978 2849 1996 2873 s
2018 2839 2091 2874 am
2114 2840 2138 2875 a

1247 2886 1472 2929 scribendi
1493 2885 1541 2929 in
1563 2887 1652 2930 hoc
1671 2887 1889 2931 vocabulo
1912 2887 2139 2945 antiquior

1246 2960 1340 2986 esse
1375 2944 1579 2996 videtur,
1621 2953 1662 2987 et
1698 2962 1768 2988 res
1803 2946 2137 2990 levissimi-mo-

1246 3001 1413 3054 men1i;
1469 3018 1605 3059 quare
1650 3003 1712 3045 nil
1748 3019 1831 3046 nos
1871 3003 2136 3047 morabitur.

1244 3058 1566 3102 Recentiorum
1616 3060 1688 3102 alii
1737 3061 1911 3103 malunt
1962 3060 2136 3108 Cattos,

1246 3125 1294 3159 ut
1340 3115 1594 3167 Bekkerus,
1655 3118 2002 3170 Liinemannus3

1243 3174 1466 3225 Chattos,
1524 3182 1574 3216 ut
1624 3174 1882 3230 Passovius,

1240 3231 1423 3287 aliique.

1302 3290 1511 3341 Segestes
1526 3290 1701 3342 parari
1723 3290 2015 3333 rebellionem
2047 3298 2132 3334 etc.

1241 3346 1298 3444 {fl
1334 3346 1422 3387 Dio
1461 3346 1528 3398 56,
1566 3346 1633 3388 19.
1677 3346 1801 3390 Flor.
1831 3348 1873 3398 4,
1907 3348 1976 3390 12.
2018 3346 2132 3391 Vell.

1943 3174 2136 3226 Hessius,

1236 3489 1244 3496 »
1298 3461 1498 3502 crimina
1524 3468 1569 3502 et
1592 3453 1830 3505 innoxios.
1889 3460 1932 3504 h.
1959 3478 1997 3504 e.
2032 3477 2131 3504 vera

1241 3517 1430 3562 crimina
1452 3526 1494 3561 et
1517 3518 1618 3561 ficta
1632 3550 1645 3567 ,
1667 3519 1823 3562 noxios
1847 3526 1888 3562 et
1910 3518 2129 3563 innoxios.

1239 3576 1300 3622 cf.
1325 3575 1614 3620 Doederlein.
1642 3576 1672 3618 l.
1697 3577 1727 3619 l.

2063 3117 2136 3160 alii
2203 3116 2206 3122 '
