2222 4030
786 209 1378 307 PRAEFATIO.
1901 231 2015 276 xx1

415 346 558 427 quia
605 340 1110 421 Guelferbytanus
1159 341 1264 398 ille
1311 340 1580 399 eiusdem
1627 352 1715 399 est
1754 341 2017 400 familiae

414 452 550 490 cum
585 428 887 487 codicibus
918 423 1368 485 Oxoniensibus
1401 438 1458 484 et
1493 428 1845 504 plerumque
1881 449 2018 486 cum

410 514 506 574 his
530 516 612 574 ita
637 514 967 589 conspirat,
1008 523 1076 570 ut
1096 532 1128 568 e
1153 509 1628 589 Guelferbytano
1653 512 1843 589 possis
1870 513 2018 570 scri-

406 612 643 677 pturam
667 595 1106 657 Oxoniensium
1130 597 1430 667 divinare,
1465 595 1518 652 si
1544 596 2019 673 quando-Brote-

407 687 533 744 rius
559 705 689 743 eam
711 704 837 742 non
862 683 1147 760 prodidit.
1211 680 1444 740 Multae
1468 681 1675 740 insunt
1697 684 2016 742 correctio-

413 791 520 829 nes
557 792 592 828 a
633 770 961 828 recentiore
993 788 1177 825 manu
1212 768 1428 837 factae,
1481 786 1632 843 quae
1667 769 2018 847 plerumque

416 856 797 914 consentiunt
820 875 956 912 cum
983 853 1246 912 editione
1268 851 1564 931 Spirensi:
1609 853 1712 910 sed
1733 874 2020 914 nonnun-

411 963 595 1020 quam
624 942 700 999 ab
723 961 789 998 ea
812 941 1165 1016 discrepant.

237 1019 455 1086 Codex
477 1024 744 1109 Spinae,
787 1027 893 1105 qui
917 1024 1170 1083 Heinsio
1205 1021 1486 1082 laudatur
1516 1022 1594 1080 ad
1618 1018 1774 1083 Hist.
1795 1021 1872 1082 V.
1906 1024 2020 1084 ali-

410 1113 643 1191 quoties
658 1158 677 1183 ,
719 1112 948 1170 nemini
970 1123 1271 1188 praeterea
1295 1109 1578 1167 innotuit·

239 1189 398 1255 Cod.
423 1195 575 1256 MS.
599 1192 1141 1264 Μναηᾶιιῖαηιις,
1193 1195 1364 1254 cuius
1398 1194 1780 1253 collationem
1810 1207 2020 1272 protu-

411 1284 485 1342 lit
529 1281 851 1358 Pompeius
886 1282 1352 1359 Lampugnanus
1394 1278 1663 1359 (Maqu.
1696 1277 2022 1361 Freherus)

410 1369 476 1426 in
500 1368 686 1426 libro:
732 1359 1014 1426 Collatio
1045 1374 1335 1424 notarum
1362 1362 1421 1426 Ι.
1445 1359 1667 1446 Lipsii
1691 1363 1759 1423 in
1790 1360 1862 1425 C.
1885 1363 1949 1425 T
1947 1370 2022 1424 a-‘

412 1452 599 1512 citum
633 1472 766 1511 cum
797 1449 947 1511 MS.
975 1448 1464 1510 IlffirandulanO.
1505 1448 1807 1530 Bergomi
1840 1452 2024 1511 1602.

407 1539 652 1616 Lipsius
675 1539 964 1598 iudicavit
986 1534 1148 1597 hunc
1175 1539 1438 1596 codicem
1463 1537 1712 1597 MStum
1751 1549 1854 1596 aut
1884 1540 2024 1597 nul-

407 1623 541 1684 lum
579 1645 702 1683 esse
729 1637 832 1683 aut
855 1625 1082 1683 nullius
1106 1624 1303 1701 pretii.
1360 1625 1430 1684 cf.
1452 1619 1627 1681 Iusti
1646 1616 1868 1704 Lipsii
1888 1619 2023 1682 dis-

409 1709 659 1792 punctio
682 1718 972 1768 notarum
999 1704 1465 1768 Mirandulani
1485 1702 1736 1768 Codicis
1762 1702 2024 1768 adCor-

415 1794 647 1854 aelium
671 1793 999 1867 Tacitum,
1055 1792 1145 1854 ed.
1172 1815 1314 1863 seo„
1369 1789 1740 1876 Antoerpiae
1771 1790 2024 1877 expffi-
2106 1794 2115 1808 ‘

414 1881 556 1940 cina
588 1877 1030 1939 Flaminiana.
1075 1878 1395 1942 MDCVII.
1881 1894 1884 1897 ’
2087 1955 2089 1957 ¹

249 1960 407 2026 Cod.
446 1963 597 2026 MS.
634 1965 965 2047 Hispanus
1007 1960 1425 2026 Comi-moine
1464 1965 1671 2042 Lipsio
1713 1964 2027 2045 aliquoties

414 2065 939 2125 commemoratur,
992 2053 1098 2130 qui
1131 2049 1342 2111 habuit
1377 2046 1755 2110 collationem
1790 2053 1917 2110 eius
1950 2053 2028 2110 li-

417 2140 516 2197 bri
539 2140 613 2197 ab
635 2141 876 2198 Andrea
903 2136 1152 2198 Schotto
1177 2139 1411 2198 factam.

243 2216 399 2284 Cod.
421 2220 571 2286 MS.
600 2220 899 2283 Sambuci
927 2226 1121 2283 eidem
1142 2223 1349 2300 Lipsio
1377 2222 1690 2296 laudatur,
1743 2224 1848 2302 qui
1875 2224 2028 2284 vidit

416 2309 830 2371 vindobonae.
874 2313 947 2371 cf.
971 2309 1134 2386 Lips.
1160 2311 1234 2367 ad
1259 2308 1415 2370 Hist.
1440 2305 1521 2378 II,
1548 2306 1652 2369 27.

329 2395 381 2475 ἓ.
411 2395 508 2457 19.
563 2395 686 2470 Qui
723 2395 954 2455 codices
986 2395 1226 2467 Mssa,
1271 2414 1613 2475 quanquam
1650 2396 1851 2472 plures
1889 2408 2028 2456 sunt

166 2502 448 2552 numero,
490 2503 616 2540 non
654 2494 852 2541 tamen
889 2483 969 2540 ita
1008 2482 1407 2553 satisfaciunt,
1450 2492 1518 2538 ut
1552 2481 1769 2539 idonea
1807 2482 2028 2541 auxilia

166 2568 340 2627 nobis
373 2569 781 2644 suppeditent:
838 2570 1023 2626 immo
1061 2568 1360 2646 plerisque
1397 2566 1544 2626 locis
1570 2588 1710 2626 vera
1738 2567 2030 2643 scriptura

164 2672 288 2711 uno
321 2654 523 2712 codice
558 2653 908 2714 Florentino
938 2653 1392 2729 Langobardico
1426 2652 1659 2714 nititur.
1744 2651 1900 2710 Nam
1934 2674 2030 2711 ce-

166 2739 282 2797 teri
324 2739 467 2798 libri
507 2752 608 2797 aut
649 2740 1029 2799 consentiunt
1067 2761 1204 2797 cum
1239 2740 1378 2810 illo,
1440 2750 1543 2796 aut
1580 2756 1768 2813 nugas
1810 2739 2031 2812 ferunt,

165 2824 272 2882 ubi
308 2825 691 2895 dissentiunt,
748 2837 847 2884 aut
886 2825 1146 2902 deniqne
1180 2824 1524 2900 posterioris
1556 2823 1876 2900 sapientiae
1918 2826 2030 2885 bo*

168 2929 396 2986 naeque
434 2911 863 2967 emendationis
900 2913 1056 2966 dona
1096 2911 1409 2985 praebent,
1466 2909 1574 2967 ubi
1602 2909 1852 2968 feliciter
1889 2910 2030 2969 inde

166 2993 521 3070 discrepant.
602 2992 826 3053 Contra
852 2996 914 3052 in
943 2995 1017 3052 iis
1043 2995 1218 3065 locis,
1275 3014 1423 3074 quos
1447 2995 1631 3053 codex
1659 2994 1821 3054 Flor.
1849 2991 2029 3054 habet

167 3079 515 3137 notabiliter
550 3082 897 3156 depravatos
935 3080 1323 3158 mutilosque,
1379 3079 1559 3139 ceteri
1588 3100 1794 3139 omnes
1823 3077 2030 3140 hario-

167 3165 400 3235 lantur,
442 3185 551 3222 nec
579 3185 830 3244 usquam
862 3167 1078 3224 damna
1111 3166 1453 3226 resarciunt.
1536 3162 1619 3226 Et
1638 3164 1792 3225 Hist.
1818 3164 1927 3239 III,
1947 3164 2028 3239 5.,

168 3250 274 3309 ubi
313 3251 442 3309 cod.
475 3249 637 3313 Flor.
675 3263 875 3329 peccat
914 3252 1372 3329 transpositione
1412 3251 1700 3327 longioris
1745 3252 1892 3324 loci,
1950 3274 2027 3312 ne

169 3355 323 3395 unus
349 3336 595 3414 quidem
622 3337 779 3397 inter
807 3350 1032 3397 ceteros
1059 3339 1242 3396 libros
1269 3358 1472 3396 veram
1496 3337 1790 3396 rationem
1817 3339 2026 3399 tenuit.

166 3421 239 3479 cf.
266 3422 350 3479 ibi
379 3435 499 3482 not.
586 3420 724 3498 Quo
758 3423 895 3482 satis
924 3425 1330 3484 manifestatur
1356 3443 1425 3482 ex
1453 3444 1577 3483 uno
1604 3424 1767 3482 fonte
1792 3424 2027 3483 fluxisse

167 3526 390 3567 omnes.
480 3505 680 3583 Quare
704 3510 972 3589 plerique
998 3510 1363 3572 arbitrantur
1389 3510 1653 3570 codicem
1684 3509 1856 3569 illum
1885 3509 2028 3572 Flo-
