2222 4030
1872 150 1922 194 Α.
1942 159 1994 196 U.
2013 161 2095 197 776.

1872 205 1920 238 A.
1942 203 1988 240 c,
2033 206 2097 244 2³,

325 175 447 234 306
991 161 1503 225 ANNALIUM

327 303 507 362 Hunc
543 299 814 357 comitem
851 296 1040 354 exsilii
1064 293 1383 351 admodum
1408 292 1694 347 infantem
1719 304 1883 366 pater
1903 295 2184 372 Sempro..

330 390 463 446 nius
487 387 553 442 in
581 383 838 440 insulam
859 379 1166 438 Cercinam
1192 378 1422 434 tulerat.
1474 377 1597 432 illic
1635 378 1870 434 adultus
1906 380 2060 437 inter
2084 402 2183 437 ex·-

327 486 514 531 torres
551 482 606 527 et
639 468 974 524 liberalium
1013 465 1227 529 artium
1259 462 1484 517 nescios
1521 482 1657 517 mox
1688 483 1795 536 per
1821 459 2081 520 Africam
2117 485 2184 522 ac

333 557 596 616 Siciliam
622 554 907 610 mutando
935 550 1200 606 sordidas
1227 567 1446 602 merces
1483 549 1938 604 sustentabatur:
1990 570 2183 626 neque

329 655 528 699 tamen
557 639 758 712 effugit
779 654 1021 709 magnae
1045 634 1315 688 fortunae
1335 632 1614 705 pericula.
1659 653 1723 687 ac
1748 633 1814 688 ni
1838 628 2042 690 Aelius
2065 634 2184 691 La·—

328 728 448 783 mia
475 737 530 782 et
551 723 622 783 L.
646 719 948 799 Apronius
964 765 979 787 ,
1024 717 1129 794 qui
1151 712 1414 772 Africam
1437 717 1847 787 obtinuerant,
1889 719 2184 777 insontem

325 811 741 888 protexissent,
785 803 1134 863 claritudine
1174 801 1415 859 infausti
1448 802 1676 875 generis
1716 814 1771 858 et
1794 804 2052 879 paternis
2078 807 2185 861 ad-

324 896 507 978 ‘versis
527 897 678 952 foret
706 894 1043 949 abstractus,

498 1056 662 1116 XIV.
708 1054 765 1111 Is
804 1072 1039 1131 quoque
1078 1071 1268 1107 annus
1301 1050 1623 1124 legationes
1650 1049 2011 1109 Graecarum
2037 1054 2184 1110 civi-

326 1158 514 1204 tatum
540 1140 780 1209 habuit,
835 1138 1048 1196 Samiis
1074 1135 1352 1204 Iunonis,
1405 1134 1542 1192 Cois
1570 1131 1909 1212 Aesculapii
1933 1139 2180 1196 delubro

324 1242 620 1288 vetustum
652 1225 800 1303 asyli
834 1225 926 1281 ius
959 1235 1028 1279 ut
1059 1222 1389 1278 firmaretur
1423 1221 1771 1297 petentibus,
1859 1222 2046 1290 Samii
2080 1225 2185 1281 de-

324 1327 479 1374 creto
514 1308 1020 1387 Amphictyonum
1060 1308 1429 1376 nitebantur,
1484 1307 1615 1383 quis
1650 1308 2030 1383 praecipuum
2071 1310 2185 1368 fuit

322 1420 518 1459 rerum
555 1396 826 1454 omnium
857 1393 1174 1462 iudicium,
1218 1413 1332 1469 qua
1367 1403 1703 1467 tempestate
1729 1391 1944 1450 Graeci
1976 1396 2185 1451 condi-

323 1487 398 1543 tis
445 1503 552 1559 per
585 1477 790 1539 Asiam
830 1479 1078 1536 urbibus
1117 1498 1220 1534 ora
1261 1477 1439 1532 maris
1480 1476 1877 1552 potiebantur.
1977 1477 2183 1557 Neque

323 1571 523 1645 dispar
563 1567 719 1642 apud.
755 1563 909 1622 Coos
947 1563 1292 1640 antiquitaS‚
1355 1574 1411 1618 et
1458 1563 1765 1644 accedebat
1801 1564 2079 1621 meritum
2114 1586 2183 1622 ex

322 1657 472 1714 loco.
516 1673 655 1708 nam
690 1651 842 1708 cives
863 1648 1170 1708 Romanos
1203 1648 1422 1722 templo
1449 1645 1786 1724 Aesculapii
1811 1649 2183 1720 induxerant,

323 1761 458 1798 cum
495 1739 656 1795 iussu
691 1736 843 1809 regis
875 1729 1246 1790 Mithridatis
1283 1733 1436 1807 apud
1477 1745 1713 1789 cunctas
1749 1730 1923 1790 Asiae
1960 1734 2182 1792 insulas

325 1839 380 1883 et
403 1825 577 1881 urbes
603 1822 1057 1879 trucidarentur.
1143 1817 1342 1874 Variis
1380 1813 1594 1873 dehinc
1630 1830 1687 1875 et
1721 1820 1950 1895 saepius
1986 1820 2182 1877 inritis

320 1921 661 1986 praetorum
698 1906 1001 1983 questibus
1036 1917 1328 1979 postremo
1355 1901 1569 1960 Caesar
1593 1905 1664 1960 dc
1692 1904 2062 1963 immodestia
2088 1901 2184 1962 hi-

324 1995 614 2052 strionum
659 1992 912 2048 rettulit:
973 1990 1159 2046 multa
1208 1990 1281 2045 ab
1328 1989 1400 2044 iis
1443 1989 1508 2043 in
1546 1990 1854 2064 publicum
1891 1991 2182 2061 seditiose,

321 2082 494 2138 foeda
515 2099 622 2155 per
644 2080 851 2134 domos
875 2075 1115 2133 tentari:
1161 2071 1384 2131 Oscum
1410 2075 1710 2150 quondam
1734 2075 2058 2147 ludicrum,
2094 2077 2183 2133 le-

322 2165 594 2222 vissimae
621 2163 779 2239 apud
805 2162 1047 2236 vulgum
1072 2159 1511 2227 oblectationiS‚
1538 2180 1605 2216 eo
1627 2160 1988 2234 flagitiorum
2010 2173 2067 2219 et
2088 2162 2182 2218 vi-

381 2420 522 2472 pater
565 2408 885 2464 Sempronius.
980 2404 1053 2451 Cf.
1096 2421 1216 2463 supr.
1349 2406 1460 2449 CAP.
1498 2406 1566 2448 14.
1610 2405 1866 2449 civitatum.
1950 2404 2065 2448 Edd.
2099 2405 2181 2448 Be-

329 2474 368 2524 1,
391 2472 461 2516 53.

383 2582 601 2625 sordidas
629 2590 818 2620 merces.
880 2573 1112 2617 Ernestius
1143 2590 1221 2616 ac-

329 2641 436 2698 cipit
459 2654 551 2682 non
574 2637 626 2678 de
649 2643 770 2678 certo
790 2631 1008 2676 mercium
1043 2647 1220 2690 genere,

328 2698 405 2742 sed
441 2697 494 2738 de
524 2701 776 2737 mercatura
809 2689 1034 2741 universa,
1082 2705 1219 2788 guam

330 2754 554 2800 sordidam
583 2759 626 2793 et
658 2748 796 2792 nobili
830 2746 1002 2790 homini
1037 2746 1081 2789 in
1118 2762 1219 2789 eco-

327 2829 424 2856 ram
463 2806 730 2870 putaverint.
803 2805 908 2847 Non
945 2805 1048 2847 satis
1080 2812 1214 2846 reete.

325 2871 443 2914 Nam
485 2866 706 2910 sordidae
747 2875 926 2904 merces
966 2860 1038 2905 bic
1071 2861 1217 2919 potius

325 2923 644 2984 intelligendae⁴
657 2929 762 2965 sunt
786 2920 840 2963 de
868 2919 1004 2960 tenui
1034 2933 1216 2960 merca-

328 2993 464 3035 tura,
507 2995 618 3039 quae
653 2977 833 3022 sordida
865 2976 987 3019 audit
1008 2975 1216 3019 Ciceroni

326 3044 380 3086 de
405 3040 498 3083 Off.
530 3042 565 3090 1,
588 3035 660 3079 48.
718 3035 975 3078 Mercatura
999 3034 1033 3076 si
1056 3049 1217 3090 magna

327 3108 370 3144 et
400 3097 579 3155 copiosa
611 3102 700 3144 est,
734 3092 876 3134 multa
909 3091 1108 3148 undique
1143 3091 1215 3133 ad·

325 3163 508 3217 portans
531 3151 768 3208 multisque
793 3148 887 3192 sine
913 3150 1104 3191 vanitate
1134 3147 1215 3189 irn-

324 3212 518 3273 pertiens
533 3242 545 3260 ,
573 3224 667 3250 non
689 3215 754 3250 est
776 3205 1021 3249 admodum
1046 3206 1216 3264 vitupe-

324 3270 479 3315 randa.
539 3264 616 3308 Sic
639 3265 799 3309 Cicero
828 3263 857 3306 l.
883 3263 914 3308 l.

384 3391 532 3434 neque
575 3381 751 3417 tamen.
824 3374 947 3416 Vett.
992 3371 1094 3414 edd.
1135 3386 1215 3413 nec

325 3446 498 3481 tamen.
557 3431 647 3474 lac.
662 3429 925 3491 Gronovius
946 3447 968 3471 e.
994 3429 1095 3472 cod.
1111 3427 1212 3471 MS.

325 3493 443 3537 dedit
469 3504 610 3546 neque
631 3496 663 3529 t.

1245 2500 1249 2502 .
1291 2464 1436 2507 roald.
1469 2463 1612 2505 Rhen.
1635 2461 1738 2504 Ale.
1767 2462 1872 2505 Ald.
1906 2463 2182 2506 civitatium.

1292 2520 1396 2563 Vid.
1433 2529 1527 2562 not.
1565 2520 1619 2560 ad
1651 2518 1694 2566 3,
1715 2518 1786 2561 63.
1820 2543 1875 2553 —-
1938 2519 2180 2577 Vulgatum

1293 2586 1357 2619 est
1394 2578 1438 2620 in
1475 2577 1576 2620 edd.
1610 2576 1730 2632 Lips.
1769 2592 1866 2634 sqq.
1927 2577 2039 2619 Mox
2073 2577 2176 2622 Ald-

1292 2637 1419 2691 queis
1441 2651 1524 2693 pro
1548 2636 1671 2690 quis,
1713 2635 1776 2676 uti
1798 2635 1925 2677 solet.

1347 2733 1442 2773 qua
1474 2723 1763 2772 tempestate.
1826 2717 1938 2760 Edd.
1971 2717 2178 2764 Beroald.

1291 2774 1489 2833 aliaeque
1524 2783 1630 2818 vett.
1668 2790 1724 2817 ea
1761 2792 1850 2831 qua
1884 2783 2177 2830 tempestate.

1288 2832 1406 2875 Dein
1430 2841 1612 2875 auctore
1634 2831 1850 2876 Rhenano
1882 2833 2047 2877 editum
2084 2844 2176 2878 esta

1290 2906 1346 2932 ea
1368 2897 1642 2943 tempestate
1666 2906 1758 2946 qua
1771 2923 1784 2944 ,
1818 2890 1909 2933 vel:
1942 2907 2033 2948 qua
2055 2900 2179 2935 tem-

1283 2955 1492 3001 pestate,
1519 2947 1639 3005 quod
1661 2946 1893 3005 hucusque
1914 2949 2067 2994 locum
2089 2952 2178 2995 ob-

1284 3004 1418 3047 tinuit
1440 3005 1486 3047 in
1506 3005 1715 3048 omnibus
1738 3005 1838 3048 edd.

1345 3102 1432 3130 ora
1465 3088 1615 3131 maris
1640 3089 1952 3143 potiebantur.
1993 3090 2052 3135 cf.
2076 3100 2171 3137 not.

1286 3145 1340 3188 ad
1367 3147 1404 3192 1,
1427 3143 1500 3188 33.

1344 3244 1447 3271 cum
1480 3229 1608 3271 iussu
1640 3229 1763 3282 regis
1786 3230 1848 3272 ln.
1908 3229 1967 3274 ef.
1988 3232 2110 3276 vell.
2133 3234 2176 3285 2,

1289 3286 1356 3328 18.
1428 3286 1620 3343 Appian.
1654 3287 1707 3328 Β.
1746 3287 1902 3330 Mithr.
1938 3289 1994 3330 22
2024 3299 2064 3333 et
2099 3290 2172 3335 23.

1287 3344 1381 3387 Cic.
1407 3359 1475 3401 pr.
1503 3344 1651 3387 Flacc.
1675 3345 1745 3387 25.

1349 3425 1516 3469 Oscum
1548 3429 1791 3470 ludicrum.
1852 3429 1919 3473 Cf.
1947 3429 2039 3473 Liv.
2065 3432 2106 3481 7,
2127 3434 2171 3477 2.

1284 3483 1446 3526 Strabo
1471 3484 1520 3534 5,
1554 3501 1596 3541 p.
1620 3485 1718 3528 583.
