2222 4030
303 195 426 258 354
970 189 1495 251 ANNALIUM
1840 173 2079 271 2:¹33&ss

473 320 692 383 LXVI.
778 321 898 380 Sed
922 333 997 380 ut
1014 322 1206 379 studia
1237 339 1551 395 procerum
1582 330 1640 376 et
1672 319 1906 396 largitio
1942 326 2168 401 princi-

306 412 398 488 pis
434 410 749 466 adversum
785 427 950 464 casus
967 439 969 442 v
986 407 1263 464 solatium
1300 405 1592 474 tulerant,
1648 405 1730 462 ita
1765 416 2168 467 accusatorum

304 496 496 552 maior
522 493 589 548 in
616 492 822 549 dies‘et
844 491 1115 549 infestior
1139 489 1229 545 vis
1252 489 1378 545 sine
1400 490 1730 547 levamento
1765 495 2166 565 grassabatur:

306 580 786 654 corripueratque
798 575 1026 634 Varum
1043 573 1406 646 Quintilium
1429 575 1673 630 divitem
1696 589 1752 634 et
1773 575 2010 635 Caesari
2030 601 2171 656 pro-

304 666 599 742 pinquum
622 659 930 727 *Domitius
968 657 1112 717 Afer
1146 657 1430 716 Claudiae
1464 656 1756 717 Pulchrae
1795 665 2000 720 matris
2045 665 2173 722 eius

306 751 762 818 condemnator,
805 747 974 803 nullo
999 744 1253 801 mirante
1277 746 1437 821 quod
1461 746 1566 801 din
1589 766 1762 820 egens
1785 760 1838 804 et
1863 761 2031 823 pacto
2057 770 2172 807 nu—

306 855 412 910 per
440 833 721 908 ,praemio
770 832 922 887 male
970 849 1110 886 usus
1153 831 1327 904 plura
1375 830 1451 886 ad
1495 830 1717 904 flagitia
1755 834 2174 907 accingeretur.

306 918 587 976 Publium
599 916 971 974 Dolabellam
994 914 1219 970 socium
1243 915 1556 970 delationis
1580 918 1861 974 exstitisse
1883 921 2171 978 miraculo

307 1016 462 1074 erat,
515 1002 654 1080 quia
681 1000 852 1057 claris
878 999 1206 1056 maioribus
1234 1010 1290 1055 et
1315 998 1476 1056 Varo
1508 1021 1805 1058 connexus
1847 1006 2172 1081 suam-ipse

306 1089 706 1156 nobilitatem,
771 1104 943 1141 suum
981 1085 1329 1158 sanguinem
1361 1085 1662 1160 perditum
1695 1087 1836 1147 ibat.
1933 1087 2176 1148 Restitit

305 1187 503 1232 tamen
551 1181 783 1229 senatus
843 1180 900 1226 et
955 1171 1386 1245 opperiendum
1448 1169 1865 1245 imperatorem
1921 1175 2173 1232 censuit:

304 1261 467 1337 quod
514 1276 703 1315 unum
750 1255 1090 1329 urgentium
1135 1255 1431 1312 malorum
1475 1256 1800 1331 suffugium
1838 1259 1904 1315 in
1943 1271 2174 1337 tempus

304 1356 444 1404 erat.
850 1365 851 1368 ’

471 1423 722 1487 LXVII.
764 1422 849 1484 At
862 1415 1076 1485 Caesar
1103 1425 1386 1484 dedicatis
1410 1447 1517 1503 per
1531 1423 1919 1505 Campaniam
1941 1430 2176 1507 templis

302 1532 647 1593 quanquam
671 1512 860 1569 edicto
882 1511 1235 1582 monuisset,
1255 1531 1332 1568 ne
1357 1513 1489 1590 quis
1515 1513 1770 1589 quietem
1796 1515 1920 1572 eius
1944 1515 2177 1573 inrum-

306 1610 499 1675 peret,
541 1617 976 1674 concursusque
1015 1597 1456 1673 oppidanorum
1490 1598 1774 1674 disposito
1809 1601 1999 1657 milite
2034 1622 2177 1677 pro-

301 1681 682 1752 hiberentur,
724 1703 969 1758 perosus
992 1694 1191 1738 tamen
1216 1683 1542 1759 municipia
1571 1696 1625 1741 et
1653 1686 1914 1743 colonias
1944 1688 2177 1744 omnia-

306 1790 420 1847 que
445 1769 512 1825 in
535 1767 866 1825 continenti
890 1767 1000 1825 sita
1012 1765 1267 1843 Capreas
1291 1789 1350 1824 se
1375 1768 1441 1824 in
1463 1769 1719 1826 insulam
1745 1771 1975 1828 abdidit
1995 1772 2177 1830 trium

303 1855 564 1911 millium
598 1855 747 1910 freto
787 1854 861 1909 ab
898 1853 1168 1910 extremis
1192 1852 1531 1911 Surrentini
1551 1856 1948 1930 promontorii
1975 1858 2178 1915 diiun-

306 1952 477 1999 ctam.
567 1938 976 1997 'Solitudinem
1016 1938 1142 1994 eius
1180 1939 1467 2014 placuisse
1512 1941 1764 1998 maxime
1808 1943 2178 2014 crediderim,

305 2025 592 2102 quoniam
611 2024 1045 2098 importuosum
1069 2024 1222 2081 circa
1255 2045 1418 2081 mare
1453 2037 1507 2082 et
1528 2027 1627 2082 vix
1654 2028 1900 2084 modicis
1925 2029 2178 2103 navigiis

304 2131 490 2185 pauca
515 2108 802 2166 subsidia:
846 2129 1039 2186 neque
1065 2110 1359 2186 adpulerit
1391 2111 1704 2187 quisquam
1728 2113 1844 2168 nisi
1868 2133 2048 2188 gnaro
2074 2136 2177 2171 cu-

307 2196 493 2254 stode.
580 2194 730 2250 coeli
755 2194 1066 2269 temperies
1089 2191 1283 2251 hieme
1310 2195 1470 2252 mitis
1495 2196 1728 2254 obiectu
1763 2200 2012 2268 montiS‚
2057 2221 2176 2277 quo

305 2299 478 2338 saeva
501 2290 817 2336 ventorum
841 2291 1140 2366 arcentur:
1186 2292 1370 2339 aestas
1403 2281 1469 2338 in
1491 2279 1826 2340 Favonium
1849 2285 2094 2343 obversa
2120 2297 2177 2344 et

365 2482 481 2533 CAP.
509 2487 587 2532 66.
624 2490 877 2531 adversum
911 2500 1061 2529 casus·
1130 2485 1207 2530 Sic
1278 2488 1329 2530 in
1350 2495 1548 2542 tempus.
1606 2487 1792 2533 Frustra
1815 2489 2024 2533 Heinsius
2055 2505 2172 2534 con-

305 2548 422 2591 bene
462 2545 599 2590 hodie
643 2545 783 2589 edunt
816 2560 840 2587 e
876 2543 1049 2586 Heinsii
1088 2559 1206 2587 con-

307 2604 493 2648 iectura.
583 2603 735 2657 Casus
780 2600 979 2658 intellige
1026 2601 1207 2644 ruinam

308 2677 380 2704 am
414 2660 617 2705 hitheatri
664 2668 708 2702 et
750 2657 1014 2702 incendium
1063 2657 1205 2702 urbis.

306 2718 375 2762 Ed
411 2749 423 2761 .
461 2717 673 2762 Beroald.
705 2733 805 2774 sqq.
839 2719 1095 2759 adversum
1126 2732 1208 2758 ca-

308 2790 429 2819 sum.
486 2776 696 2818 Muretus
718 2772 1002 2818 coniecerat:
1040 2776 1208 2817 adver·

307 2833 377 2876 sis
399 2848 618 2884 casuum,
651 2831 758 2876 coll.
783 2831 824 2882 3,
848 2830 921 2873 24.

369 2890 667 2949 Quintilium.
727 2887 788 2931 cf.
814 2887 990 2932 notsad
1015 2890 1054 2937 1,
1075 2887 1120 2932 3.

365 2949 592 2992 Claudiae
638 2945 886 2990 Pulchrae.
980 2946 1040 2989 cf.
1081 2961 1205 3004 supr.

313 3021 356 3050 o.
379 3006 449 3048 52.

366 3063 701 3115 accingeretur,
763 3059 841 3104 Sic
862 3060 1085 3103 edd.-Ber.
1101 3060 1203 3105 Ale.

307 3119 513 3163 Rhenan.
537 3134 636 3176 sqq.
695 3117 985 3160 Recentiores
1010 3118 1110 3161 edd.
1133 3118 1206 3162 hic

307 3176 513 3220 scribunt
533 3177 874 3229 adcingeretur,
897 3174 1001 3222 alibi
1025 3177 1205 3228 accing.

305 3234 403 3278 Nos
445 3232 718 3276 constantiae
762 3248 948 3290 operam
983 3231 1203 3275 dedimus.

303 3292 418 3335 Mox
435 3303 685 3334 connexus
707 3289 808 3332 edd.
831 3288 952 3348 Lips.
978 3305 1079 3348 sqq.
1099 3304 1202 3332 con-

305 3350 454 3392 nixus·
468 3345 571 3390 edd.
593 3345 697 3388 Ber.
722 3362 822 3403 sqq.

356 3405 615 3459 suffugium
637 3403 688 3444 in
711 3411 911 3457 tempu&
973 3403 1026 3446 H.
1041 3420 1080 3446 e.
1104 3419 1200 3446 non

306 3462 598 3511 diuturnum,
636 3460 714 3504 sed
754 3459 952 3504 interim.
1010 3461 1068 3504 cf.
1098 3469 1196 3502 not.

303 3520 362 3563 ad
388 3522 428 3568 1,
452 3521 492 3564 1.
517 3517 599 3561 sub
624 3534 665 3561 v.
689 3521 755 3560 ad
775 3524 955 3572 tempus
985 3528 1028 3561 et
1056 3518 1097 3568 6,
1127 3520 1192 3561 11.

1275 2544 1380 2588 iecit
1412 2546 1462 2587 in
1496 2547 1548 2588 id
1578 2553 1792 2601 tempus;
1844 2547 2088 2604 Rupertius
2126 2551 2176 2591 in

1277 2609 1490 2656 tempore
1543 2620 1604 2646 sc.
1653 2603 1756 2646 hoc.
1836 2603 1977 2660 Quod
2029 2605 2175 2648 miror

1278 2659 1594 2703 Strombeckio
1624 2669 1885 2719 acceptum,
1927 2677 2065 2719 quum
2100 2663 2173 2705 in-

1276 2724 1624 2774 terpretaretur:
1691 2718 1741 2760 in
1792 2718 1936 2771 jenen
1992 2720 2172 2763 Zeiten.

1278 2775 1428 2817 Immo
1469 2773 1605 2832 plane
1647 2775 1824 2818 nullum
1859 2776 1936 2821 illo
1968 2785 2174 2835 tempore

1280 2830 1522 2889 suffugium
1566 2832 1831 2876 diuturnum
1865 2842 1961 2877 erat
1995 2835 2174 2893 pericli—

1279 2887 1503 2941 tantibus3
1550 2889 1587 2932 si
1623 2898 1772 2933 tamen
1810 2907 1967 2935 causae
2003 2893 2172 2936 differe-

1278 2946 1445 2998 bantur
1465 2947 1512 2988 in
1535 2948 1842 3005 cognitionem
1863 2947 2102 3008 principis,
2124 2961 2175 2994 ut

1279 3018 1376 3046 non
1400 3004 1548 3047 statim
1573 3005 1983 3049 condemnarentur
2002 3007 2091 3060 rei,
2125 3008 2173 3052 id

1277 3061 1530 3114 suffugium
1554 3062 1642 3105 fuit
1663 3061 1710 3104 in
1731 3070 1926 3117 tempus.
2186 3091 2192 3117 1

1337 3117 1451 3160 CAP.
1491 3119 1563 3162 67.
1633 3120 1730 3162 nisi
1763 3135 1919 3173 gnaro
1962 3127 2169 3169 custode.

1278 3174 1394 3218 Sunt
1421 3176 1498 3234 qui
1526 3175 1723 3218 custodis
1752 3178 2024 3222 vocabulum
2056 3181 2170 3225 rese-

1277 3242 1378 3275 rant
1412 3233 1467 3275 ad
1498 3233 1700 3277 excubias
1732 3234 1851 3276 litori
1886 3237 2170 3282 observando

1276 3289 1516 3347 adpositas.
1563 3289 1640 3332 Sic
1652 3289 1852 3334 Stromb.
1865 3292 2012 3338 Rickl.
2026 3294 2167 3341 Hack.

1274 3346 1597 3390 Herrmannus.
1649 3346 1763 3390 Nam
1784 3350 1865 3391 sub
1889 3349 2066 3395 initium
2089 3351 2169 3396 hu-

1270 3404 1339 3446 ius
1360 3420 1459 3461 cap.
1484 3419 1632 3446 sermo
1654 3414 1718 3448 est
1741 3406 1796 3448 de
1828 3407 2055 3462 disposito
2083 3412 2170 3452 mi-

1269 3462 1364 3504 lite.
1422 3461 1666 3519 Rupertius
1689 3467 1929 3506 custodem
1964 3465 2068 3511 facit
2105 3483 2169 3510 un

1264 3520 1406 3572 piloce
1430 3520 1587 3563 cdtz'er.
1650 3520 1811 3572 Recte,
1842 3531 1891 3566 ut
1913 3522 2021 3567 mihi
2046 3524 2167 3572 vide-
