<?xml version="1.0" encoding="UTF-8"?>
<!DOCTYPE html PUBLIC "-//W3C//DTD XHTML 1.0 Transitional//EN"
    "http://www.w3.org/TR/xhtml1/DTD/xhtml1-transitional.dtd">
<html xmlns="http://www.w3.org/1999/xhtml" xml:lang="en" lang="en">
 <head>
  <title>
</title>
<meta http-equiv="Content-Type" content="text/html;charset=utf-8" />
  <meta name='ocr-system' content='tesseract 3.04.00' />
  <meta name='ocr-capabilities' content='ocr_page ocr_carea ocr_par ocr_line ocrx_word'/>
</head>
<body>
  <div class='ocr_page' id='page_1' title='image "./operarecensuitet01taciuoft/operarecensuitet01taciuoft_0198.png"; bbox 0 0 2222 4030; ppageno 0'>
   <div class='ocr_carea' id='block_1_1' title="bbox 1801 233 2023 314">
    <p class='ocr_par' dir='ltr' id='par_1_1' title="bbox 1801 233 2023 314">
     <span class='ocr_line' id='line_1_1' title="bbox 1801 233 2023 273; baseline 0.014 -4"><span class='ocrx_word' id='word_1_1' title='bbox 1801 234 1854 273; x_wconf 74' lang='lat' dir='ltr'><strong>A.</strong></span> <span class='ocrx_word' id='word_1_2' title='bbox 1866 235 1919 270; x_wconf 84' lang='lat' dir='ltr'><strong>U.</strong></span> <span class='ocrx_word' id='word_1_3' title='bbox 1939 233 2023 272; x_wconf 71' lang='grc'><strong>769.</strong></span> 
     </span>
     <span class='ocr_line' id='line_1_2' title="bbox 1801 278 2023 314; baseline 0 0"><span class='ocrx_word' id='word_1_4' title='bbox 1801 281 1855 314; x_wconf 77' lang='grc' dir='ltr'><strong>Α.</strong></span> <span class='ocrx_word' id='word_1_5' title='bbox 1874 278 1922 314; x_wconf 87' lang='lat' dir='ltr'><strong>C.</strong></span> <span class='ocrx_word' id='word_1_6' title='bbox 1962 279 2023 314; x_wconf 77' lang='lat'><strong>16.</strong></span> 
     </span>
    </p>
   </div>
   <div class='ocr_carea' id='block_1_2' title="bbox 915 229 1425 295">
    <p class='ocr_par' dir='ltr' id='par_1_2' title="bbox 915 229 1425 295">
     <span class='ocr_line' id='line_1_3' title="bbox 915 229 1425 295; baseline 0.004 -3"><span class='ocrx_word' id='word_1_7' title='bbox 915 229 1425 295; x_wconf 87' lang='lat' dir='ltr'><strong>ANNALIUM</strong></span> 
     </span>
    </p>
   </div>
   <div class='ocr_carea' id='block_1_3' title="bbox 246 362 2110 610">
    <p class='ocr_par' dir='ltr' id='par_1_3' title="bbox 246 362 2110 610">
     <span class='ocr_line' id='line_1_4' title="bbox 246 362 2110 443; baseline 0.003 -22"><span class='ocrx_word' id='word_1_8' title='bbox 246 384 361 443; x_wconf 88' lang='lat' dir='ltr'><strong>que</strong></span> <span class='ocrx_word' id='word_1_9' title='bbox 386 365 575 420; x_wconf 88' lang='lat' dir='ltr'><strong>famae</strong></span> <span class='ocrx_word' id='word_1_10' title='bbox 590 362 808 423; x_wconf 86' lang='lat' dir='ltr'><strong>malae.</strong></span> <span class='ocrx_word' id='word_1_11' title='bbox 892 362 1107 423; x_wconf 82' lang='lat' dir='ltr'>Statim</span> <span class='ocrx_word' id='word_1_12' title='bbox 1143 365 1390 440; x_wconf 85' lang='lat' dir='ltr'>corripit</span> <span class='ocrx_word' id='word_1_13' title='bbox 1422 383 1619 435; x_wconf 90' lang='lat' dir='ltr'><strong>reum,</strong></span> <span class='ocrx_word' id='word_1_14' title='bbox 1661 366 1787 425; x_wconf 88' lang='lat' dir='ltr'><strong>adit</strong></span> <span class='ocrx_word' id='word_1_15' title='bbox 1823 371 2110 440; x_wconf 79' lang='lat' dir='ltr'><strong>consuleS,</strong></span> 
     </span>
     <span class='ocr_line' id='line_1_5' title="bbox 246 449 2106 527; baseline 0.003 -20"><span class='ocrx_word' id='word_1_16' title='bbox 246 449 645 524; x_wconf 84' lang='lat' dir='ltr'><strong>cognitionem</strong></span> <span class='ocrx_word' id='word_1_17' title='bbox 676 460 910 507; x_wconf 88' lang='lat' dir='ltr'><strong>senatus</strong></span> <span class='ocrx_word' id='word_1_18' title='bbox 938 451 1143 527; x_wconf 91' lang='lat' dir='ltr'><strong>poscit.</strong></span> <span class='ocrx_word' id='word_1_19' title='bbox 1231 462 1287 506; x_wconf 91' lang='lat' dir='ltr'><strong>et</strong></span> <span class='ocrx_word' id='word_1_20' title='bbox 1319 463 1608 507; x_wconf 85' lang='lat' dir='ltr'><strong>vocantur</strong></span> <span class='ocrx_word' id='word_1_21' title='bbox 1639 463 1861 526; x_wconf 90' lang='lat' dir='ltr'><strong>patres,</strong></span> <span class='ocrx_word' id='word_1_22' title='bbox 1903 456 2106 514; x_wconf 86' lang='lat' dir='ltr'><strong>addito</strong></span> 
     </span>
     <span class='ocr_line' id='line_1_6' title="bbox 247 535 1550 610; baseline 0.002 -18"><span class='ocrx_word' id='word_1_23' title='bbox 247 535 703 592; x_wconf 90' lang='lat' dir='ltr'><strong>consultandum</strong></span> <span class='ocrx_word' id='word_1_24' title='bbox 739 554 914 610; x_wconf 88' lang='lat' dir='ltr'><strong>super</strong></span> <span class='ocrx_word' id='word_1_25' title='bbox 939 557 1004 593; x_wconf 89' lang='lat' dir='ltr'><strong>re</strong></span> <span class='ocrx_word' id='word_1_26' title='bbox 1027 554 1239 608; x_wconf 88' lang='lat' dir='ltr'><strong>magna</strong></span> <span class='ocrx_word' id='word_1_27' title='bbox 1268 546 1324 592; x_wconf 90' lang='lat' dir='ltr'><strong>et</strong></span> <span class='ocrx_word' id='word_1_28' title='bbox 1347 536 1550 596; x_wconf 90' lang='lat' dir='ltr'><strong>atroci.</strong></span> 
     </span>
    </p>
   </div>
   <div class='ocr_carea' id='block_1_4' title="bbox 250 234 374 295">
    <p class='ocr_par' dir='ltr' id='par_1_4' title="bbox 250 234 374 295">
     <span class='ocr_line' id='line_1_7' title="bbox 250 234 374 295; baseline 0 0"><span class='ocrx_word' id='word_1_29' title='bbox 250 234 374 295; x_wconf 85' lang='lat'><strong>148</strong></span> 
     </span>
    </p>
   </div>
   <div class='ocr_carea' id='block_1_5' title="bbox 240 643 2189 1488">
    <p class='ocr_par' dir='ltr' id='par_1_5' title="bbox 240 643 2189 1488">
     <span class='ocr_line' id='line_1_8' title="bbox 414 643 2106 724; baseline 0.003 -23"><span class='ocrx_word' id='word_1_30' title='bbox 414 643 640 704; x_wconf 89' lang='lat' dir='ltr'><strong>XXIX.</strong></span> <span class='ocrx_word' id='word_1_31' title='bbox 721 643 875 702; x_wconf 91' lang='lat' dir='ltr'><strong>Libo</strong></span> <span class='ocrx_word' id='word_1_32' title='bbox 915 646 1157 703; x_wconf 84' lang='lat' dir='ltr'>interim</span> <span class='ocrx_word' id='word_1_33' title='bbox 1190 657 1347 702; x_wconf 83' lang='lat' dir='ltr'><strong>veste</strong></span> <span class='ocrx_word' id='word_1_34' title='bbox 1377 658 1603 704; x_wconf 90' lang='lat' dir='ltr'><strong>mutata</strong></span> <span class='ocrx_word' id='word_1_35' title='bbox 1645 668 1778 704; x_wconf 88' lang='lat' dir='ltr'><strong>cum</strong></span> <span class='ocrx_word' id='word_1_36' title='bbox 1823 648 2106 724; x_wconf 90' lang='lat' dir='ltr'><strong>primori-</strong></span> 
     </span>
     <span class='ocr_line' id='line_1_9' title="bbox 244 729 2107 803; baseline 0.002 -15"><span class='ocrx_word' id='word_1_37' title='bbox 244 732 357 788; x_wconf 88' lang='lat' dir='ltr'><strong>bus</strong></span> <span class='ocrx_word' id='word_1_38' title='bbox 380 730 622 786; x_wconf 87' lang='lat' dir='ltr'><strong>seminis</strong></span> <span class='ocrx_word' id='word_1_39' title='bbox 654 729 964 796; x_wconf 86' lang='lat' dir='ltr'><strong>circumire</strong></span> <span class='ocrx_word' id='word_1_40' title='bbox 989 732 1225 799; x_wconf 88' lang='lat' dir='ltr'><strong>domos,</strong></span> <span class='ocrx_word' id='word_1_41' title='bbox 1269 752 1436 789; x_wconf 90' lang='lat' dir='ltr'><strong>orare</strong></span> <span class='ocrx_word' id='word_1_42' title='bbox 1468 733 1715 803; x_wconf 82' lang='lat' dir='ltr'><strong>adfineS,</strong></span> <span class='ocrx_word' id='word_1_43' title='bbox 1756 755 1963 790; x_wconf 84' lang='lat' dir='ltr'><strong>vocem</strong></span> <span class='ocrx_word' id='word_1_44' title='bbox 2000 737 2107 791; x_wconf 92' lang='lat' dir='ltr'><strong>ad-</strong></span> 
     </span>
     <span class='ocr_line' id='line_1_10' title="bbox 242 816 2104 892; baseline 0.003 -20"><span class='ocrx_word' id='word_1_45' title='bbox 242 837 482 873; x_wconf 84' lang='lat' dir='ltr'><strong>versum</strong></span> <span class='ocrx_word' id='word_1_46' title='bbox 502 816 761 892; x_wconf 88' lang='lat' dir='ltr'><strong>pericula</strong></span> <span class='ocrx_word' id='word_1_47' title='bbox 790 836 1055 891; x_wconf 91' lang='lat' dir='ltr'><strong>poscere,</strong></span> <span class='ocrx_word' id='word_1_48' title='bbox 1099 816 1499 874; x_wconf 83' lang='lat' dir='ltr'><strong>abnuentibus</strong></span> <span class='ocrx_word' id='word_1_49' title='bbox 1537 819 1791 888; x_wconf 82' lang='lat' dir='ltr'><strong>cunctiS,</strong></span> <span class='ocrx_word' id='word_1_50' title='bbox 1836 841 1971 876; x_wconf 91' lang='lat' dir='ltr'><strong>cum</strong></span> <span class='ocrx_word' id='word_1_51' title='bbox 2009 821 2104 877; x_wconf 94' lang='lat' dir='ltr'><strong>di-</strong></span> 
     </span>
     <span class='ocr_line' id='line_1_11' title="bbox 243 902 2103 977; baseline 0.003 -19"><span class='ocrx_word' id='word_1_52' title='bbox 243 903 413 958; x_wconf 69' lang='lat' dir='ltr'><strong>&#39;versa</strong></span> <span class='ocrx_word' id='word_1_53' title='bbox 460 903 941 977; x_wconf 82' lang='lat' dir='ltr'><strong>praetenderent,</strong></span> <span class='ocrx_word' id='word_1_54' title='bbox 1007 902 1210 956; x_wconf 88' lang='lat' dir='ltr'><strong>eadem</strong></span> <span class='ocrx_word' id='word_1_55' title='bbox 1266 902 1605 962; x_wconf 84' lang='lat' dir='ltr'><strong>formidine.</strong></span> <span class='ocrx_word' id='word_1_56' title='bbox 1657 928 1659 936; x_wconf 66' lang='grc'>’</span> <span class='ocrx_word' id='word_1_57' title='bbox 1707 905 1802 960; x_wconf 89' lang='lat' dir='ltr'><strong>die</strong></span> <span class='ocrx_word' id='word_1_58' title='bbox 1849 917 2103 975; x_wconf 82' lang='lat' dir='ltr'><strong>senatuS‚</strong></span> 
     </span>
     <span class='ocr_line' id='line_1_12' title="bbox 242 986 2104 1065; baseline 0.002 -23"><span class='ocrx_word' id='word_1_59' title='bbox 242 998 406 1043; x_wconf 90' lang='lat' dir='ltr'><strong>metu</strong></span> <span class='ocrx_word' id='word_1_60' title='bbox 441 997 497 1042; x_wconf 88' lang='lat' dir='ltr'><strong>et</strong></span> <span class='ocrx_word' id='word_1_61' title='bbox 536 987 901 1059; x_wconf 79' lang='lat' dir='ltr'><strong>aegritudine</strong></span> <span class='ocrx_word' id='word_1_62' title='bbox 937 987 1148 1055; x_wconf 82' lang='lat' dir='ltr'><strong>fessuS,</strong></span> <span class='ocrx_word' id='word_1_63' title='bbox 1208 986 1359 1056; x_wconf 86' lang='lat' dir='ltr'><strong>sive,</strong></span> <span class='ocrx_word' id='word_1_64' title='bbox 1413 999 1481 1044; x_wconf 89' lang='lat' dir='ltr'><strong>ut</strong></span> <span class='ocrx_word' id='word_1_65' title='bbox 1517 989 1812 1045; x_wconf 83' lang='lat' dir='ltr'><strong>tradidere</strong></span> <span class='ocrx_word' id='word_1_66' title='bbox 1843 990 2104 1065; x_wconf 89' lang='lat' dir='ltr'><strong>quidam,</strong></span> 
     </span>
     <span class='ocr_line' id='line_1_13' title="bbox 244 1071 2105 1140; baseline 0.002 -13"><span class='ocrx_word' id='word_1_67' title='bbox 244 1072 518 1128; x_wconf 90' lang='lat' dir='ltr'><strong>simulato</strong></span> <span class='ocrx_word' id='word_1_68' title='bbox 546 1073 755 1128; x_wconf 91' lang='lat' dir='ltr'><strong>morbo</strong></span> <span class='ocrx_word' id='word_1_69' title='bbox 774 1117 789 1140; x_wconf 90' lang='lat'>‚</span> <span class='ocrx_word' id='word_1_70' title='bbox 832 1071 1037 1127; x_wconf 88' lang='lat' dir='ltr'><strong>lectica</strong></span> <span class='ocrx_word' id='word_1_71' title='bbox 1063 1072 1290 1128; x_wconf 90' lang='lat' dir='ltr'><strong>delatus</strong></span> <span class='ocrx_word' id='word_1_72' title='bbox 1317 1073 1392 1128; x_wconf 90' lang='lat' dir='ltr'><strong>ad</strong></span> <span class='ocrx_word' id='word_1_73' title='bbox 1426 1072 1582 1129; x_wconf 88' lang='lat' dir='ltr'><strong>fores</strong></span> <span class='ocrx_word' id='word_1_74' title='bbox 1615 1075 1810 1130; x_wconf 91' lang='lat' dir='ltr'><strong>curiae</strong></span> <span class='ocrx_word' id='word_1_75' title='bbox 1842 1075 2105 1132; x_wconf 87' lang='lat' dir='ltr'><strong>innisus—</strong></span> 
     </span>
     <span class='ocr_line' id='line_1_14' title="bbox 242 1157 2106 1240; baseline 0.002 -27"><span class='ocrx_word' id='word_1_76' title='bbox 242 1177 356 1235; x_wconf 89' lang='lat' dir='ltr'><strong>que</strong></span> <span class='ocrx_word' id='word_1_77' title='bbox 389 1158 559 1216; x_wconf 90' lang='lat' dir='ltr'><strong>fratri</strong></span> <span class='ocrx_word' id='word_1_78' title='bbox 588 1168 643 1213; x_wconf 91' lang='lat' dir='ltr'><strong>et</strong></span> <span class='ocrx_word' id='word_1_79' title='bbox 666 1175 877 1211; x_wconf 91' lang='lat' dir='ltr'><strong>manus</strong></span> <span class='ocrx_word' id='word_1_80' title='bbox 904 1177 970 1213; x_wconf 93' lang='lat' dir='ltr'><strong>ac</strong></span> <span class='ocrx_word' id='word_1_81' title='bbox 996 1157 1288 1231; x_wconf 91' lang='lat' dir='ltr'><strong>supplices</strong></span> <span class='ocrx_word' id='word_1_82' title='bbox 1310 1177 1483 1214; x_wconf 86' lang='lat' dir='ltr'><strong>voces</strong></span> <span class='ocrx_word' id='word_1_83' title='bbox 1521 1157 1596 1214; x_wconf 92' lang='lat' dir='ltr'><strong>ad</strong></span> <span class='ocrx_word' id='word_1_84' title='bbox 1621 1157 1935 1240; x_wconf 87' lang='lat' dir='ltr'><strong>Tiberium</strong></span> <span class='ocrx_word' id='word_1_85' title='bbox 1972 1171 2106 1216; x_wconf 88' lang='lat' dir='ltr'><strong>ten-</strong></span> 
     </span>
     <span class='ocr_line' id='line_1_15' title="bbox 241 1241 2189 1318; baseline 0.002 -19"><span class='ocrx_word' id='word_1_86' title='bbox 241 1244 387 1299; x_wconf 88' lang='lat' dir='ltr'><strong>dens</strong></span> <span class='ocrx_word' id='word_1_87' title='bbox 451 1242 698 1298; x_wconf 89' lang='lat' dir='ltr'><strong>immoto</strong></span> <span class='ocrx_word' id='word_1_88' title='bbox 764 1241 890 1298; x_wconf 90' lang='lat' dir='ltr'><strong>eius</strong></span> <span class='ocrx_word' id='word_1_89' title='bbox 950 1242 1124 1298; x_wconf 85' lang='lat' dir='ltr'><strong>vultu</strong></span> <span class='ocrx_word' id='word_1_90' title='bbox 1176 1242 1480 1318; x_wconf 84' lang='lat' dir='ltr'><strong>excipitur.</strong></span> <span class='ocrx_word' id='word_1_91' title='bbox 1582 1264 1721 1301; x_wconf 85' lang='lat' dir='ltr'><strong>mox</strong></span> <span class='ocrx_word' id='word_1_92' title='bbox 1767 1245 2003 1301; x_wconf 92' lang='lat' dir='ltr'><strong>libellos</strong></span> <span class='ocrx_word' id='word_1_93' title='bbox 2047 1257 2104 1302; x_wconf 89' lang='lat' dir='ltr'><strong>et</strong></span> <span class='ocrx_word' id='word_1_94' title='bbox 2187 1248 2189 1250; x_wconf 71' lang='grc'><strong>’</strong></span> 
     </span>
     <span class='ocr_line' id='line_1_16' title="bbox 240 1324 2102 1399; baseline 0.002 -16"><span class='ocrx_word' id='word_1_95' title='bbox 240 1339 506 1384; x_wconf 86' lang='lat' dir='ltr'><strong>auctores</strong></span> <span class='ocrx_word' id='word_1_96' title='bbox 556 1326 764 1382; x_wconf 87' lang='lat' dir='ltr'><strong>recitat</strong></span> <span class='ocrx_word' id='word_1_97' title='bbox 797 1324 1012 1384; x_wconf 91' lang='lat' dir='ltr'><strong>Caesar</strong></span> <span class='ocrx_word' id='word_1_98' title='bbox 1053 1327 1136 1384; x_wconf 91' lang='lat' dir='ltr'><strong>ita</strong></span> <span class='ocrx_word' id='word_1_99' title='bbox 1180 1329 1528 1399; x_wconf 80' lang='lat' dir='ltr'><strong>moderanS‚</strong></span> <span class='ocrx_word' id='word_1_100' title='bbox 1596 1349 1673 1386; x_wconf 92' lang='lat' dir='ltr'><strong>ne</strong></span> <span class='ocrx_word' id='word_1_101' title='bbox 1720 1330 1908 1387; x_wconf 90' lang='lat' dir='ltr'><strong>lenire</strong></span> <span class='ocrx_word' id='word_1_102' title='bbox 1952 1350 2102 1388; x_wconf 87' lang='lat' dir='ltr'><strong>neve</strong></span> 
     </span>
     <span class='ocr_line' id='line_1_17' title="bbox 241 1411 1127 1488; baseline 0.001 -19"><span class='ocrx_word' id='word_1_103' title='bbox 241 1432 510 1488; x_wconf 87' lang='lat' dir='ltr'><strong>asperare</strong></span> <span class='ocrx_word' id='word_1_104' title='bbox 539 1411 790 1468; x_wconf 88' lang='lat' dir='ltr'><strong>crimina</strong></span> <span class='ocrx_word' id='word_1_105' title='bbox 810 1412 1127 1472; x_wconf 85' lang='lat' dir='ltr'><strong>videretur.</strong></span> 
     </span>
    </p>
   </div>
   <div class='ocr_carea' id='block_1_6' title="bbox 232 1517 2102 1944">
    <p class='ocr_par' dir='ltr' id='par_1_6' title="bbox 232 1517 2102 1944">
     <span class='ocr_line' id='line_1_18' title="bbox 406 1517 2102 1600; baseline 0.003 -21"><span class='ocrx_word' id='word_1_106' title='bbox 406 1520 598 1581; x_wconf 88' lang='lat' dir='ltr'><strong>XXX.</strong></span> <span class='ocrx_word' id='word_1_107' title='bbox 685 1517 1068 1581; x_wconf 89' lang='lat' dir='ltr'><strong>Accesserant</strong></span> <span class='ocrx_word' id='word_1_108' title='bbox 1100 1537 1333 1600; x_wconf 88' lang='lat' dir='ltr'><strong>praeter</strong></span> <span class='ocrx_word' id='word_1_109' title='bbox 1357 1523 1648 1583; x_wconf 87' lang='lat' dir='ltr'><strong>Trionem</strong></span> <span class='ocrx_word' id='word_1_110' title='bbox 1685 1538 1743 1584; x_wconf 91' lang='lat' dir='ltr'><strong>et</strong></span> <span class='ocrx_word' id='word_1_111' title='bbox 1764 1524 1978 1584; x_wconf 90' lang='lat' dir='ltr'><strong>Catum</strong></span> <span class='ocrx_word' id='word_1_112' title='bbox 2005 1549 2102 1584; x_wconf 91' lang='lat' dir='ltr'><strong>ac-</strong></span> 
     </span>
     <span class='ocr_line' id='line_1_19' title="bbox 237 1605 2100 1689; baseline 0.003 -25"><span class='ocrx_word' id='word_1_113' title='bbox 237 1620 530 1665; x_wconf 89' lang='lat' dir='ltr'><strong>cusatores</strong></span> <span class='ocrx_word' id='word_1_114' title='bbox 571 1606 857 1665; x_wconf 76' lang='lat' dir='ltr'><strong>Fonteius</strong></span> <span class='ocrx_word' id='word_1_115' title='bbox 891 1605 1159 1685; x_wconf 85' lang='lat' dir='ltr'><strong>Agrippa</strong></span> <span class='ocrx_word' id='word_1_116' title='bbox 1203 1622 1260 1666; x_wconf 91' lang='lat' dir='ltr'><strong>et</strong></span> <span class='ocrx_word' id='word_1_117' title='bbox 1299 1609 1365 1670; x_wconf 90' lang='lat' dir='ltr'><strong>C.</strong></span> <span class='ocrx_word' id='word_1_118' title='bbox 1403 1611 1619 1668; x_wconf 88' lang='lat' dir='ltr'><strong>Vibius</strong></span> <span class='ocrx_word' id='word_1_119' title='bbox 1666 1614 2100 1689; x_wconf 84' lang='lat' dir='ltr'><strong>certabantque,</strong></span> 
     </span>
     <span class='ocr_line' id='line_1_20' title="bbox 236 1694 2099 1774; baseline 0.003 -24"><span class='ocrx_word' id='word_1_120' title='bbox 236 1694 333 1750; x_wconf 90' lang='lat' dir='ltr'><strong>cui</strong></span> <span class='ocrx_word' id='word_1_121' title='bbox 362 1694 454 1750; x_wconf 92' lang='lat' dir='ltr'><strong>ius</strong></span> <span class='ocrx_word' id='word_1_122' title='bbox 482 1695 803 1768; x_wconf 88' lang='lat' dir='ltr'><strong>perorandi</strong></span> <span class='ocrx_word' id='word_1_123' title='bbox 839 1695 904 1750; x_wconf 92' lang='lat' dir='ltr'><strong>in</strong></span> <span class='ocrx_word' id='word_1_124' title='bbox 940 1716 1108 1751; x_wconf 88' lang='lat' dir='ltr'><strong>reum</strong></span> <span class='ocrx_word' id='word_1_125' title='bbox 1151 1696 1416 1752; x_wconf 83' lang='lat' dir='ltr'><strong>daretur:</strong></span> <span class='ocrx_word' id='word_1_126' title='bbox 1458 1699 1646 1753; x_wconf 91' lang='lat' dir='ltr'><strong>donec</strong></span> <span class='ocrx_word' id='word_1_127' title='bbox 1668 1695 1914 1768; x_wconf 84' lang='lat' dir='ltr'><strong>Vibius,</strong></span> <span class='ocrx_word' id='word_1_128' title='bbox 1960 1700 2099 1774; x_wconf 91' lang='lat' dir='ltr'><strong>quia</strong></span> 
     </span>
     <span class='ocr_line' id='line_1_21' title="bbox 233 1779 2099 1858; baseline 0.003 -25"><span class='ocrx_word' id='word_1_129' title='bbox 233 1799 341 1834; x_wconf 93' lang='lat' dir='ltr'><strong>nec</strong></span> <span class='ocrx_word' id='word_1_130' title='bbox 377 1779 491 1854; x_wconf 90' lang='lat' dir='ltr'><strong>ipsi</strong></span> <span class='ocrx_word' id='word_1_131' title='bbox 525 1779 682 1834; x_wconf 89' lang='lat' dir='ltr'><strong>inter</strong></span> <span class='ocrx_word' id='word_1_132' title='bbox 716 1798 775 1835; x_wconf 89' lang='lat' dir='ltr'><strong>se</strong></span> <span class='ocrx_word' id='word_1_133' title='bbox 816 1782 1205 1836; x_wconf 88' lang='lat' dir='ltr'><strong>concederent</strong></span> <span class='ocrx_word' id='word_1_134' title='bbox 1246 1793 1302 1837; x_wconf 87' lang='lat' dir='ltr'><strong>ct</strong></span> <span class='ocrx_word' id='word_1_135' title='bbox 1338 1781 1494 1838; x_wconf 92' lang='lat' dir='ltr'><strong>Libo</strong></span> <span class='ocrx_word' id='word_1_136' title='bbox 1537 1782 1663 1838; x_wconf 88' lang='lat' dir='ltr'><strong>sine</strong></span> <span class='ocrx_word' id='word_1_137' title='bbox 1705 1794 1958 1858; x_wconf 92' lang='lat' dir='ltr'><strong>patrono</strong></span> <span class='ocrx_word' id='word_1_138' title='bbox 2002 1785 2099 1839; x_wconf 92' lang='lat' dir='ltr'><strong>in-</strong></span> 
     </span>
     <span class='ocr_line' id='line_1_22' title="bbox 232 1864 2099 1944; baseline 0.002 -22"><span class='ocrx_word' id='word_1_139' title='bbox 232 1864 498 1934; x_wconf 89' lang='lat' dir='ltr'><strong>troisset,</strong></span> <span class='ocrx_word' id='word_1_140' title='bbox 571 1864 919 1938; x_wconf 89' lang='lat' dir='ltr'><strong>singillatim</strong></span> <span class='ocrx_word' id='word_1_141' title='bbox 966 1886 1027 1922; x_wconf 90' lang='lat' dir='ltr'><strong>se</strong></span> <span class='ocrx_word' id='word_1_142' title='bbox 1081 1867 1332 1923; x_wconf 89' lang='lat' dir='ltr'><strong>crimina</strong></span> <span class='ocrx_word' id='word_1_143' title='bbox 1380 1868 1754 1925; x_wconf 88' lang='lat' dir='ltr'><strong>obiecturum</strong></span> <span class='ocrx_word' id='word_1_144' title='bbox 1801 1869 2099 1944; x_wconf 88' lang='lat' dir='ltr'><strong>professus</strong></span> 
     </span>
    </p>
   </div>
   <div class='ocr_carea' id='block_1_7' title="bbox 285 2082 2097 2145">
    <p class='ocr_par' dir='ltr' id='par_1_7' title="bbox 285 2082 2097 2145">
     <span class='ocr_line' id='line_1_23' title="bbox 285 2082 2097 2145; baseline 0.003 -21"><span class='ocrx_word' id='word_1_145' title='bbox 285 2082 596 2137; x_wconf 82' lang='lat' dir='ltr'><strong>cognitionem</strong></span> <span class='ocrx_word' id='word_1_146' title='bbox 627 2089 829 2125; x_wconf 78' lang='lat' dir='ltr'><strong>senatus.</strong></span> <span class='ocrx_word' id='word_1_147' title='bbox 908 2082 989 2128; x_wconf 86' lang='lat' dir='ltr'><strong>Sic</strong></span> <span class='ocrx_word' id='word_1_148' title='bbox 1023 2084 1127 2129; x_wconf 83' lang='lat' dir='ltr'><strong>cod.</strong></span> <span class='ocrx_word' id='word_1_149' title='bbox 1201 2085 1373 2129; x_wconf 84' lang='lat' dir='ltr'><strong>Galliae</strong></span> <span class='ocrx_word' id='word_1_150' title='bbox 1397 2084 1596 2129; x_wconf 83' lang='lat' dir='ltr'><strong>civitates</strong></span> <span class='ocrx_word' id='word_1_151' title='bbox 1629 2086 1830 2130; x_wconf 81' lang='lat' dir='ltr'><strong>venienti</strong></span> <span class='ocrx_word' id='word_1_152' title='bbox 1862 2086 2097 2145; x_wconf 80' lang='lat' dir='ltr'><strong>legionum</strong></span> 
     </span>
    </p>
   </div>
   <div class='ocr_carea' id='block_1_8' title="bbox 227 2138 1129 2298">
    <p class='ocr_par' dir='ltr' id='par_1_8' title="bbox 227 2138 1129 2298">
     <span class='ocr_line' id='line_1_24' title="bbox 227 2138 1129 2185; baseline 0.003 -3"><span class='ocrx_word' id='word_1_153' title='bbox 227 2139 332 2182; x_wconf 91' lang='lat' dir='ltr'><strong>MS.</strong></span> <span class='ocrx_word' id='word_1_154' title='bbox 374 2139 444 2182; x_wconf 89' lang='lat' dir='ltr'><strong>ed.</strong></span> <span class='ocrx_word' id='word_1_155' title='bbox 491 2141 580 2183; x_wconf 85' lang='lat' dir='ltr'><strong>lac.</strong></span> <span class='ocrx_word' id='word_1_156' title='bbox 625 2138 868 2184; x_wconf 87' lang='lat' dir='ltr'><strong>Gronovii.</strong></span> <span class='ocrx_word' id='word_1_157' title='bbox 936 2151 1129 2185; x_wconf 80' lang='lat' dir='ltr'><strong>senatus</strong></span> 
     </span>
     <span class='ocr_line' id='line_1_25' title="bbox 227 2197 1127 2262; baseline 0.006 -23"><span class='ocrx_word' id='word_1_158' title='bbox 227 2198 542 2262; x_wconf 65' lang='lat' dir='ltr'><strong>cognitionem</strong></span> <span class='ocrx_word' id='word_1_159' title='bbox 575 2197 678 2241; x_wconf 84' lang='lat' dir='ltr'><strong>edd.</strong></span> <span class='ocrx_word' id='word_1_160' title='bbox 712 2198 818 2241; x_wconf 88' lang='lat' dir='ltr'><strong>Ber.</strong></span> <span class='ocrx_word' id='word_1_161' title='bbox 850 2198 996 2242; x_wconf 87' lang='lat' dir='ltr'><strong>Rhen.</strong></span> <span class='ocrx_word' id='word_1_162' title='bbox 1028 2216 1127 2258; x_wconf 82' lang='lat' dir='ltr'><strong>sqq.</strong></span> 
     </span>
     <span class='ocr_line' id='line_1_26' title="bbox 229 2262 590 2298; baseline -0.003 -1"><span class='ocrx_word' id='word_1_163' title='bbox 229 2262 271 2298; x_wconf 82' lang='lat' dir='ltr'><strong>et</strong></span> <span class='ocrx_word' id='word_1_164' title='bbox 296 2263 590 2297; x_wconf 75' lang='lat' dir='ltr'><strong>recentiores.</strong></span> 
     </span>
    </p>
   </div>
   <div class='ocr_carea' id='block_1_9' title="bbox 219 2337 1136 2399">
    <p class='ocr_par' dir='ltr' id='par_1_9' title="bbox 219 2337 1136 2399">
     <span class='ocr_line' id='line_1_27' title="bbox 219 2337 1136 2399; baseline 0.007 -20"><span class='ocrx_word' id='word_1_165' title='bbox 219 2338 221 2341; x_wconf 51' lang='lat'><strong>⁴</strong></span> <span class='ocrx_word' id='word_1_166' title='bbox 284 2345 328 2380; x_wconf 82' lang='lat' dir='ltr'><strong>et</strong></span> <span class='ocrx_word' id='word_1_167' title='bbox 350 2344 598 2379; x_wconf 68' lang='lat' dir='ltr'><strong>vocantur.⁴</strong></span> <span class='ocrx_word' id='word_1_168' title='bbox 636 2337 674 2380; x_wconf 90' lang='lat' dir='ltr'><strong>F</strong></span> <span class='ocrx_word' id='word_1_169' title='bbox 675 2342 836 2382; x_wconf 57' lang='lat' dir='ltr'><strong>atrnus</strong></span> <span class='ocrx_word' id='word_1_170' title='bbox 861 2339 1004 2385; x_wconf 87' lang='lat' dir='ltr'><strong>deleta</strong></span> <span class='ocrx_word' id='word_1_171' title='bbox 1029 2358 1136 2399; x_wconf 68' lang='lat' dir='ltr'><strong>par-0</strong></span> 
     </span>
    </p>
   </div>
   <div class='ocr_carea' id='block_1_10' title="bbox 223 2393 1125 2504">
    <p class='ocr_par' dir='ltr' id='par_1_10' title="bbox 223 2393 1125 2504">
     <span class='ocr_line' id='line_1_28' title="bbox 223 2393 1125 2452; baseline 0.008 -16"><span class='ocrx_word' id='word_1_172' title='bbox 223 2393 362 2438; x_wconf 86' lang='lat' dir='ltr'><strong>ticula</strong></span> <span class='ocrx_word' id='word_1_173' title='bbox 401 2400 447 2436; x_wconf 85' lang='lat' dir='ltr'><strong>et</strong></span> <span class='ocrx_word' id='word_1_174' title='bbox 478 2395 652 2438; x_wconf 85' lang='lat' dir='ltr'><strong>volebat</strong></span> <span class='ocrx_word' id='word_1_175' title='bbox 684 2395 772 2452; x_wconf 86' lang='lat' dir='ltr'><strong>legi</strong></span> <span class='ocrx_word' id='word_1_176' title='bbox 815 2402 1125 2444; x_wconf 84' lang='lat' dir='ltr'><strong>advocantur.</strong></span> 
     </span>
     <span class='ocr_line' id='line_1_29' title="bbox 224 2451 891 2504; baseline 0.007 -9"><span class='ocrx_word' id='word_1_177' title='bbox 224 2451 366 2495; x_wconf 88' lang='lat' dir='ltr'><strong>Male.</strong></span> <span class='ocrx_word' id='word_1_178' title='bbox 426 2451 533 2496; x_wconf 89' lang='lat' dir='ltr'><strong>Vid.</strong></span> <span class='ocrx_word' id='word_1_179' title='bbox 557 2461 650 2496; x_wconf 89' lang='lat' dir='ltr'><strong>not.</strong></span> <span class='ocrx_word' id='word_1_180' title='bbox 676 2453 731 2496; x_wconf 85' lang='lat' dir='ltr'><strong>ad</strong></span> <span class='ocrx_word' id='word_1_181' title='bbox 758 2457 798 2504; x_wconf 90' lang='lat'><strong>1,</strong></span> <span class='ocrx_word' id='word_1_182' title='bbox 822 2457 891 2500; x_wconf 90' lang='grc'><strong>11.</strong></span> 
     </span>
    </p>
   </div>
   <div class='ocr_carea' id='block_1_11' title="bbox 215 2535 1122 2764">
    <p class='ocr_par' dir='ltr' id='par_1_11' title="bbox 215 2535 1122 2764">
     <span class='ocr_line' id='line_1_30' title="bbox 281 2535 1122 2584; baseline 0.005 -4"><span class='ocrx_word' id='word_1_183' title='bbox 281 2535 393 2580; x_wconf 83' lang='lat' dir='ltr'><strong>CAP.</strong></span> <span class='ocrx_word' id='word_1_184' title='bbox 414 2536 486 2580; x_wconf 77' lang='lat'><strong>29.</strong></span> <span class='ocrx_word' id='word_1_185' title='bbox 548 2551 724 2581; x_wconf 83' lang='lat' dir='ltr'><strong>vocem.</strong></span> <span class='ocrx_word' id='word_1_186' title='bbox 784 2538 861 2584; x_wconf 88' lang='lat' dir='ltr'><strong>Sc.</strong></span> <span class='ocrx_word' id='word_1_187' title='bbox 890 2540 1122 2584; x_wconf 78' lang='lat' dir='ltr'><strong>adfinium.</strong></span> 
     </span>
     <span class='ocr_line' id='line_1_31' title="bbox 224 2593 1122 2652; baseline 0.007 -18"><span class='ocrx_word' id='word_1_188' title='bbox 224 2593 344 2637; x_wconf 82' lang='lat' dir='ltr'><strong>Plin.</strong></span> <span class='ocrx_word' id='word_1_189' title='bbox 384 2610 484 2652; x_wconf 84' lang='lat' dir='ltr'><strong>epp.</strong></span> <span class='ocrx_word' id='word_1_190' title='bbox 515 2595 556 2644; x_wconf 74' lang='lat'><strong>2,</strong></span> <span class='ocrx_word' id='word_1_191' title='bbox 582 2597 622 2638; x_wconf 87' lang='lat'><strong>1.</strong></span> <span class='ocrx_word' id='word_1_192' title='bbox 653 2611 762 2638; x_wconf 90' lang='lat' dir='ltr'><strong>cum</strong></span> <span class='ocrx_word' id='word_1_193' title='bbox 794 2612 951 2639; x_wconf 83' lang='lat' dir='ltr'><strong>vocem</strong></span> <span class='ocrx_word' id='word_1_194' title='bbox 975 2614 1122 2651; x_wconf 81' lang='lat' dir='ltr'><strong>prae-</strong></span> 
     </span>
     <span class='ocr_line' id='line_1_32' title="bbox 215 2654 1119 2711; baseline 0.007 -18"><span class='ocrx_word' id='word_1_195' title='bbox 215 2661 427 2706; x_wconf 78' lang='lat' dir='ltr'><strong>pararet,</strong></span> <span class='ocrx_word' id='word_1_196' title='bbox 449 2659 639 2696; x_wconf 84' lang='lat' dir='ltr'><strong>acturus</strong></span> <span class='ocrx_word' id='word_1_197' title='bbox 656 2654 706 2697; x_wconf 82' lang='lat' dir='ltr'><strong>in</strong></span> <span class='ocrx_word' id='word_1_198' title='bbox 725 2658 969 2698; x_wconf 79' lang='lat' dir='ltr'><strong>consulatu</strong></span> <span class='ocrx_word' id='word_1_199' title='bbox 979 2658 1119 2711; x_wconf 81' lang='lat' dir='ltr'><strong>prin-</strong></span> 
     </span>
     <span class='ocr_line' id='line_1_33' title="bbox 220 2709 628 2764; baseline 0.007 -14"><span class='ocrx_word' id='word_1_200' title='bbox 220 2709 316 2763; x_wconf 82' lang='lat' dir='ltr'><strong>cipi</strong></span> <span class='ocrx_word' id='word_1_201' title='bbox 332 2711 518 2764; x_wconf 81' lang='lat' dir='ltr'><strong>gratias</strong></span> <span class='ocrx_word' id='word_1_202' title='bbox 542 2719 628 2753; x_wconf 85' lang='lat' dir='ltr'><strong>etc.</strong></span> 
     </span>
    </p>
   </div>
   <div class='ocr_carea' id='block_1_12' title="bbox 219 2794 1119 2906">
    <p class='ocr_par' dir='ltr' id='par_1_12' title="bbox 219 2794 1119 2906">
     <span class='ocr_line' id='line_1_34' title="bbox 274 2794 1119 2848; baseline 0.012 -15"><span class='ocrx_word' id='word_1_203' title='bbox 274 2794 497 2835; x_wconf 76' lang='lat' dir='ltr'><strong>simulato</strong></span> <span class='ocrx_word' id='word_1_204' title='bbox 543 2797 725 2838; x_wconf 85' lang='lat' dir='ltr'><strong>morbo.</strong></span> <span class='ocrx_word' id='word_1_205' title='bbox 805 2796 897 2839; x_wconf 90' lang='lat' dir='ltr'><strong>Dio</strong></span> <span class='ocrx_word' id='word_1_206' title='bbox 938 2796 1017 2848; x_wconf 87' lang='lat'><strong>57,</strong></span> <span class='ocrx_word' id='word_1_207' title='bbox 1053 2799 1119 2843; x_wconf 87' lang='grc'><strong>15.</strong></span> 
     </span>
     <span class='ocr_line' id='line_1_35' title="bbox 219 2847 986 2906; baseline 0.008 -13"><span class='ocrx_word' id='word_1_208' title='bbox 219 2847 483 2906; x_wconf 78' lang='grc' dir='ltr'><em>νοσήσαντα</em></span> <span class='ocrx_word' id='word_1_209' title='bbox 504 2851 581 2896; x_wconf 73' lang='grc' dir='ltr'><strong>ἐπὶ</strong></span> <span class='ocrx_word' id='word_1_210' title='bbox 602 2850 813 2897; x_wconf 73' lang='grc' dir='ltr'><em>θάνατον</em></span> <span class='ocrx_word' id='word_1_211' title='bbox 836 2865 986 2900; x_wconf 83' lang='lat' dir='ltr'><strong>vocat.</strong></span> 
     </span>
    </p>
   </div>
   <div class='ocr_carea' id='block_1_13' title="bbox 219 2921 1118 3042">
    <p class='ocr_par' dir='ltr' id='par_1_13' title="bbox 219 2921 1118 3042">
     <span class='ocr_line' id='line_1_36' title="bbox 261 2921 1117 2981; baseline 0.008 -18"><span class='ocrx_word' id='word_1_212' title='bbox 261 2921 435 2976; x_wconf 75' lang='lat' dir='ltr'><strong>fi‘atri.</strong></span> <span class='ocrx_word' id='word_1_213' title='bbox 506 2922 680 2981; x_wconf 85' lang='lat' dir='ltr'><strong>Lipsius</strong></span> <span class='ocrx_word' id='word_1_214' title='bbox 718 2924 956 2968; x_wconf 83' lang='lat' dir='ltr'><strong>consulem</strong></span> <span class='ocrx_word' id='word_1_215' title='bbox 998 2926 1117 2970; x_wconf 87' lang='lat' dir='ltr'><strong>eius-</strong></span> 
     </span>
     <span class='ocr_line' id='line_1_37' title="bbox 219 2977 1118 3042; baseline 0.008 -21"><span class='ocrx_word' id='word_1_216' title='bbox 219 2977 321 3023; x_wconf 88' lang='lat' dir='ltr'><strong>dem</strong></span> <span class='ocrx_word' id='word_1_217' title='bbox 352 2978 458 3021; x_wconf 87' lang='lat' dir='ltr'><strong>anni</strong></span> <span class='ocrx_word' id='word_1_218' title='bbox 490 2980 726 3038; x_wconf 80' lang='lat' dir='ltr'><strong>intelligit,</strong></span> <span class='ocrx_word' id='word_1_219' title='bbox 769 2982 970 3042; x_wconf 85' lang='lat' dir='ltr'><strong>Ryckius</strong></span> <span class='ocrx_word' id='word_1_220' title='bbox 1001 3000 1118 3028; x_wconf 90' lang='lat' dir='ltr'><strong>con-</strong></span> 
     </span>
    </p>
   </div>
   <div class='ocr_carea' id='block_1_14' title="bbox 212 3034 1117 3152">
    <p class='ocr_par' dir='ltr' id='par_1_14' title="bbox 212 3034 1117 3152">
     <span class='ocr_line' id='line_1_38' title="bbox 212 3034 1117 3086; baseline 0.009 -8"><span class='ocrx_word' id='word_1_221' title='bbox 212 3034 413 3084; x_wconf 71' lang='lat' dir='ltr'><strong>tradicit.</strong></span> <span class='ocrx_word' id='word_1_222' title='bbox 473 3038 580 3080; x_wconf 89' lang='lat' dir='ltr'><strong>Vid.</strong></span> <span class='ocrx_word' id='word_1_223' title='bbox 613 3047 707 3082; x_wconf 90' lang='lat' dir='ltr'><strong>not.</strong></span> <span class='ocrx_word' id='word_1_224' title='bbox 741 3040 799 3084; x_wconf 85' lang='lat' dir='ltr'><strong>ad</strong></span> <span class='ocrx_word' id='word_1_225' title='bbox 828 3057 866 3085; x_wconf 87' lang='lat' dir='ltr'><strong>c.</strong></span> <span class='ocrx_word' id='word_1_226' title='bbox 888 3041 960 3086; x_wconf 77' lang='lat'><strong>27.</strong></span> <span class='ocrx_word' id='word_1_227' title='bbox 1028 3042 1117 3086; x_wconf 86' lang='lat' dir='ltr'><strong>Res</strong></span> 
     </span>
     <span class='ocr_line' id='line_1_39' title="bbox 218 3091 732 3152; baseline 0.01 -17"><span class='ocrx_word' id='word_1_228' title='bbox 218 3109 242 3135; x_wconf 89' lang='lat' dir='ltr'><strong>e</strong></span> <span class='ocrx_word' id='word_1_229' title='bbox 265 3091 526 3136; x_wconf 84' lang='lat' dir='ltr'><strong>coniectura</strong></span> <span class='ocrx_word' id='word_1_230' title='bbox 550 3098 732 3152; x_wconf 85' lang='lat' dir='ltr'><strong>pendet.</strong></span> 
     </span>
    </p>
   </div>
   <div class='ocr_carea' id='block_1_15' title="bbox 210 3165 1115 3628">
    <p class='ocr_par' dir='ltr' id='par_1_15' title="bbox 210 3165 1115 3628">
     <span class='ocr_line' id='line_1_40' title="bbox 277 3165 1115 3215; baseline 0.012 -12"><span class='ocrx_word' id='word_1_231' title='bbox 277 3166 485 3206; x_wconf 84' lang='lat' dir='ltr'><strong>tendens.</strong></span> <span class='ocrx_word' id='word_1_232' title='bbox 562 3165 633 3208; x_wconf 86' lang='lat' dir='ltr'><strong>Ad</strong></span> <span class='ocrx_word' id='word_1_233' title='bbox 677 3183 848 3212; x_wconf 84' lang='lat' dir='ltr'><strong>manus</strong></span> <span class='ocrx_word' id='word_1_234' title='bbox 887 3169 974 3214; x_wconf 86' lang='lat' dir='ltr'><strong>hoc</strong></span> <span class='ocrx_word' id='word_1_235' title='bbox 1014 3187 1115 3215; x_wconf 78' lang='lat' dir='ltr'><strong>ver·</strong></span> 
     </span>
     <span class='ocr_line' id='line_1_41' title="bbox 214 3220 1115 3288; baseline 0.01 -25"><span class='ocrx_word' id='word_1_236' title='bbox 214 3221 326 3263; x_wconf 87' lang='lat' dir='ltr'><strong>bum</strong></span> <span class='ocrx_word' id='word_1_237' title='bbox 349 3220 531 3286; x_wconf 71' lang='lat' dir='ltr'><strong>proprie</strong></span> <span class='ocrx_word' id='word_1_238' title='bbox 553 3224 774 3288; x_wconf 57' lang='lat' dir='ltr'><strong>pertinen</strong></span> <span class='ocrx_word' id='word_1_239' title='bbox 810 3227 863 3269; x_wconf 85' lang='lat' dir='ltr'><strong>ad</strong></span> <span class='ocrx_word' id='word_1_240' title='bbox 888 3232 1115 3283; x_wconf 81' lang='lat' dir='ltr'><strong>supplices</strong></span> 
     </span>
     <span class='ocr_line' id='line_1_42' title="bbox 213 3280 1112 3341; baseline 0.014 -23"><span class='ocrx_word' id='word_1_241' title='bbox 213 3293 347 3320; x_wconf 87' lang='lat' dir='ltr'><strong>voces</strong></span> <span class='ocrx_word' id='word_1_242' title='bbox 381 3294 563 3321; x_wconf 82' lang='lat' dir='ltr'><strong>nonnlsl</strong></span> <span class='ocrx_word' id='word_1_243' title='bbox 596 3280 643 3329; x_wconf 78' lang='grc' dir='ltr'><strong>ἐξ</strong></span> <span class='ocrx_word' id='word_1_244' title='bbox 674 3280 908 3341; x_wconf 78' lang='grc' dir='ltr'><em>ἀναλόγου</em></span> <span class='ocrx_word' id='word_1_245' title='bbox 932 3285 1016 3329; x_wconf 78' lang='lat' dir='ltr'><strong>erit</strong></span> <span class='ocrx_word' id='word_1_246' title='bbox 1044 3303 1112 3330; x_wconf 85' lang='lat' dir='ltr'><strong>ca·</strong></span> 
     </span>
     <span class='ocr_line' id='line_1_43' title="bbox 212 3334 1112 3402; baseline 0.013 -26"><span class='ocrx_word' id='word_1_247' title='bbox 212 3335 444 3392; x_wconf 85' lang='lat' dir='ltr'><strong>piendum.</strong></span> <span class='ocrx_word' id='word_1_248' title='bbox 487 3334 547 3379; x_wconf 86' lang='lat' dir='ltr'><strong>ef.</strong></span> <span class='ocrx_word' id='word_1_249' title='bbox 568 3345 666 3380; x_wconf 85' lang='lat' dir='ltr'><strong>not.</strong></span> <span class='ocrx_word' id='word_1_250' title='bbox 692 3341 747 3382; x_wconf 86' lang='lat' dir='ltr'><strong>ad</strong></span> <span class='ocrx_word' id='word_1_251' title='bbox 772 3357 811 3384; x_wconf 81' lang='lat' dir='ltr'><strong>c.</strong></span> <span class='ocrx_word' id='word_1_252' title='bbox 831 3343 904 3386; x_wconf 77' lang='lat'><strong>20.</strong></span> <span class='ocrx_word' id='word_1_253' title='bbox 950 3345 1112 3402; x_wconf 82' lang='lat' dir='ltr'><strong>Aptius</strong></span> 
     </span>
     <span class='ocr_line' id='line_1_44' title="bbox 212 3393 1112 3452; baseline 0.013 -19"><span class='ocrx_word' id='word_1_254' title='bbox 212 3393 402 3435; x_wconf 80' lang='lat' dir='ltr'><strong>fortasse</strong></span> <span class='ocrx_word' id='word_1_255' title='bbox 429 3407 607 3436; x_wconf 83' lang='lat' dir='ltr'><strong>manus</strong></span> <span class='ocrx_word' id='word_1_256' title='bbox 637 3411 693 3437; x_wconf 81' lang='lat' dir='ltr'><strong>ac</strong></span> <span class='ocrx_word' id='word_1_257' title='bbox 717 3403 948 3452; x_wconf 82' lang='lat' dir='ltr'><strong>supplices</strong></span> <span class='ocrx_word' id='word_1_258' title='bbox 978 3414 1112 3444; x_wconf 85' lang='lat' dir='ltr'><strong>voces</strong></span> 
     </span>
     <span class='ocr_line' id='line_1_45' title="bbox 211 3449 1109 3512; baseline 0.013 -21"><span class='ocrx_word' id='word_1_259' title='bbox 211 3449 404 3507; x_wconf 86' lang='lat' dir='ltr'><strong>accipies</strong></span> <span class='ocrx_word' id='word_1_260' title='bbox 445 3460 493 3492; x_wconf 88' lang='lat' dir='ltr'><strong>ut</strong></span> <span class='ocrx_word' id='word_1_261' title='bbox 535 3450 587 3493; x_wconf 77' lang='grc' dir='ltr'><strong>ἓν</strong></span> <span class='ocrx_word' id='word_1_262' title='bbox 623 3451 700 3495; x_wconf 78' lang='grc' dir='ltr'><strong>διὰ</strong></span> <span class='ocrx_word' id='word_1_263' title='bbox 736 3454 893 3512; x_wconf 73' lang='grc' dir='ltr'><em>δυοῖν,</em></span> <span class='ocrx_word' id='word_1_264' title='bbox 948 3475 1109 3502; x_wconf 85' lang='lat' dir='ltr'><strong>manus</strong></span> 
     </span>
     <span class='ocr_line' id='line_1_46' title="bbox 211 3505 1110 3568; baseline 0.013 -21"><span class='ocrx_word' id='word_1_265' title='bbox 211 3505 329 3548; x_wconf 80' lang='lat' dir='ltr'><strong>inter</strong></span> <span class='ocrx_word' id='word_1_266' title='bbox 358 3507 583 3566; x_wconf 80' lang='lat' dir='ltr'><strong>supplices</strong></span> <span class='ocrx_word' id='word_1_267' title='bbox 619 3526 770 3555; x_wconf 78' lang='lat' dir='ltr'><strong>voces.</strong></span> <span class='ocrx_word' id='word_1_268' title='bbox 830 3514 906 3557; x_wconf 80' lang='lat' dir='ltr'><strong>Sic</strong></span> <span class='ocrx_word' id='word_1_269' title='bbox 930 3515 1044 3558; x_wconf 89' lang='lat' dir='ltr'><strong>Hist.</strong></span> <span class='ocrx_word' id='word_1_270' title='bbox 1071 3519 1110 3568; x_wconf 90' lang='lat'><strong>1,</strong></span> 
     </span>
     <span class='ocr_line' id='line_1_47' title="bbox 210 3562 1108 3628; baseline 0.013 -23"><span class='ocrx_word' id='word_1_271' title='bbox 210 3562 279 3607; x_wconf 81' lang='lat'><strong>63.</strong></span> <span class='ocrx_word' id='word_1_272' title='bbox 304 3580 407 3606; x_wconf 87' lang='lat' dir='ltr'><strong>cum</strong></span> <span class='ocrx_word' id='word_1_273' title='bbox 440 3568 797 3620; x_wconf 68' lang='lat' dir='ltr'><strong>magistratibus</strong></span> <span class='ocrx_word' id='word_1_274' title='bbox 828 3579 875 3615; x_wconf 83' lang='lat' dir='ltr'><strong>et</strong></span> <span class='ocrx_word' id='word_1_275' title='bbox 898 3576 1108 3628; x_wconf 79' lang='lat' dir='ltr'><strong>precibus</strong></span> 
     </span>
    </p>
   </div>
   <div class='ocr_carea' id='block_1_16' title="bbox 1196 2142 2097 2547">
    <p class='ocr_par' dir='ltr' id='par_1_16' title="bbox 1196 2142 2097 2547">
     <span class='ocr_line' id='line_1_48' title="bbox 1200 2142 2097 2200; baseline 0.004 -15"><span class='ocrx_word' id='word_1_276' title='bbox 1200 2142 1369 2200; x_wconf 80' lang='lat' dir='ltr'><strong>agmini</strong></span> <span class='ocrx_word' id='word_1_277' title='bbox 1401 2153 1664 2187; x_wconf 85' lang='lat' dir='ltr'><strong>occurrunt.</strong></span> <span class='ocrx_word' id='word_1_278' title='bbox 1724 2145 1819 2187; x_wconf 85' lang='lat' dir='ltr'><strong>lam</strong></span> <span class='ocrx_word' id='word_1_279' title='bbox 1850 2161 1957 2188; x_wconf 78' lang='lat' dir='ltr'><strong>vero</strong></span> <span class='ocrx_word' id='word_1_280' title='bbox 1989 2145 2097 2189; x_wconf 92' lang='lat' dir='ltr'><strong>ibid.</strong></span> 
     </span>
     <span class='ocr_line' id='line_1_49' title="bbox 1199 2202 2096 2257; baseline 0.001 -13"><span class='ocrx_word' id='word_1_281' title='bbox 1199 2217 1408 2257; x_wconf 82' lang='lat' dir='ltr'><strong>quaeque</strong></span> <span class='ocrx_word' id='word_1_282' title='bbox 1447 2202 1549 2243; x_wconf 83' lang='lat' dir='ltr'><strong>alia</strong></span> <span class='ocrx_word' id='word_1_283' title='bbox 1580 2204 1889 2255; x_wconf 81' lang='lat' dir='ltr'><strong>placamenta</strong></span> <span class='ocrx_word' id='word_1_284' title='bbox 1917 2204 2096 2246; x_wconf 79' lang='lat' dir='ltr'><strong>hostilis</strong></span> 
     </span>
     <span class='ocr_line' id='line_1_50' title="bbox 1199 2260 2095 2317; baseline 0.002 -16"><span class='ocrx_word' id='word_1_285' title='bbox 1199 2261 1302 2302; x_wconf 81' lang='lat' dir='ltr'><strong>irae</strong></span> <span class='ocrx_word' id='word_1_286' title='bbox 1332 2283 1391 2292; x_wconf 88' lang='lat'><strong>—</strong></span> <span class='ocrx_word' id='word_1_287' title='bbox 1420 2261 1852 2302; x_wconf 82' lang='lat' dir='ltr'><strong>tendebantur.</strong></span> <span class='ocrx_word' id='word_1_288' title='bbox 1911 2260 1974 2302; x_wconf 88' lang='lat' dir='ltr'><strong>Ex</strong></span> <span class='ocrx_word' id='word_1_289' title='bbox 2006 2277 2095 2317; x_wconf 91' lang='lat' dir='ltr'><strong>quo</strong></span> 
     </span>
     <span class='ocr_line' id='line_1_51' title="bbox 1198 2316 2095 2375; baseline 0 -16"><span class='ocrx_word' id='word_1_290' title='bbox 1198 2316 1302 2360; x_wconf 87' lang='lat' dir='ltr'><strong>loco</strong></span> <span class='ocrx_word' id='word_1_291' title='bbox 1329 2316 1622 2375; x_wconf 86' lang='lat' dir='ltr'><strong>cognoscitur</strong></span> <span class='ocrx_word' id='word_1_292' title='bbox 1653 2317 1785 2360; x_wconf 89' lang='lat' dir='ltr'><strong>latius</strong></span> <span class='ocrx_word' id='word_1_293' title='bbox 1812 2325 1964 2375; x_wconf 86' lang='lat' dir='ltr'><strong>patere</strong></span> <span class='ocrx_word' id='word_1_294' title='bbox 1988 2334 2095 2362; x_wconf 88' lang='lat' dir='ltr'><strong>ver-</strong></span> 
     </span>
     <span class='ocr_line' id='line_1_52' title="bbox 1197 2375 2097 2430; baseline 0.002 -14"><span class='ocrx_word' id='word_1_295' title='bbox 1197 2375 1308 2416; x_wconf 88' lang='lat' dir='ltr'><strong>bum</strong></span> <span class='ocrx_word' id='word_1_296' title='bbox 1330 2378 1539 2425; x_wconf 83' lang='lat' dir='ltr'><strong>tendere,</strong></span> <span class='ocrx_word' id='word_1_297' title='bbox 1569 2383 1619 2417; x_wconf 90' lang='lat' dir='ltr'><strong>ut</strong></span> <span class='ocrx_word' id='word_1_298' title='bbox 1639 2375 1694 2418; x_wconf 88' lang='lat' dir='ltr'><strong>sit</strong></span> <span class='ocrx_word' id='word_1_299' title='bbox 1720 2375 1910 2418; x_wconf 87' lang='lat' dir='ltr'><strong>omnino</strong></span> <span class='ocrx_word' id='word_1_300' title='bbox 1931 2376 2097 2430; x_wconf 83' lang='lat' dir='ltr'><strong>offerre</strong></span> 
     </span>
     <span class='ocr_line' id='line_1_53' title="bbox 1198 2431 2093 2491; baseline 0 -15"><span class='ocrx_word' id='word_1_301' title='bbox 1198 2441 1241 2476; x_wconf 85' lang='lat' dir='ltr'><strong>et</strong></span> <span class='ocrx_word' id='word_1_302' title='bbox 1262 2441 1385 2475; x_wconf 90' lang='lat' dir='ltr'><strong>recte</strong></span> <span class='ocrx_word' id='word_1_303' title='bbox 1409 2431 1543 2475; x_wconf 83' lang='lat' dir='ltr'><strong>etiam</strong></span> <span class='ocrx_word' id='word_1_304' title='bbox 1570 2432 1624 2476; x_wconf 87' lang='lat' dir='ltr'><strong>de</strong></span> <span class='ocrx_word' id='word_1_305' title='bbox 1653 2432 1931 2491; x_wconf 86' lang='lat' dir='ltr'><strong>supplicibus</strong></span> <span class='ocrx_word' id='word_1_306' title='bbox 1963 2433 2093 2480; x_wconf 89' lang='lat' dir='ltr'><strong>voci-</strong></span> 
     </span>
     <span class='ocr_line' id='line_1_54' title="bbox 1196 2487 1571 2547; baseline 0.003 -15"><span class='ocrx_word' id='word_1_307' title='bbox 1196 2490 1280 2533; x_wconf 89' lang='lat' dir='ltr'><strong>bus</strong></span> <span class='ocrx_word' id='word_1_308' title='bbox 1303 2487 1389 2532; x_wconf 85' lang='lat' dir='ltr'><strong>diei</strong></span> <span class='ocrx_word' id='word_1_309' title='bbox 1415 2489 1571 2547; x_wconf 79' lang='lat' dir='ltr'><strong>possit.</strong></span> 
     </span>
    </p>
   </div>
   <div class='ocr_carea' id='block_1_17' title="bbox 1191 2572 2096 2920">
    <p class='ocr_par' dir='ltr' id='par_1_17' title="bbox 1191 2572 2096 2920">
     <span class='ocr_line' id='line_1_55' title="bbox 1252 2572 2096 2618; baseline 0.002 -2"><span class='ocrx_word' id='word_1_310' title='bbox 1252 2573 1364 2616; x_wconf 77' lang='lat' dir='ltr'><strong>CAP.</strong></span> <span class='ocrx_word' id='word_1_311' title='bbox 1388 2572 1459 2616; x_wconf 81' lang='lat'><strong>30.</strong></span> <span class='ocrx_word' id='word_1_312' title='bbox 1525 2573 1572 2615; x_wconf 89' lang='lat' dir='ltr'><strong>C.</strong></span> <span class='ocrx_word' id='word_1_313' title='bbox 1601 2574 1781 2616; x_wconf 79' lang='lat' dir='ltr'><strong>Vibius.</strong></span> <span class='ocrx_word' id='word_1_314' title='bbox 1843 2573 1960 2618; x_wconf 88' lang='lat' dir='ltr'><strong>Cod.</strong></span> <span class='ocrx_word' id='word_1_315' title='bbox 1990 2573 2096 2618; x_wconf 79' lang='lat' dir='ltr'><strong>MS.</strong></span> 
     </span>
     <span class='ocr_line' id='line_1_56' title="bbox 1194 2630 2092 2675; baseline 0.001 -2"><span class='ocrx_word' id='word_1_316' title='bbox 1194 2637 1237 2673; x_wconf 87' lang='lat' dir='ltr'><strong>et</strong></span> <span class='ocrx_word' id='word_1_317' title='bbox 1256 2639 1366 2674; x_wconf 86' lang='lat' dir='ltr'><strong>vett.</strong></span> <span class='ocrx_word' id='word_1_318' title='bbox 1389 2630 1492 2674; x_wconf 85' lang='lat' dir='ltr'><strong>edd.</strong></span> <span class='ocrx_word' id='word_1_319' title='bbox 1515 2632 1561 2674; x_wconf 85' lang='lat' dir='ltr'><strong>C.</strong></span> <span class='ocrx_word' id='word_1_320' title='bbox 1587 2630 1762 2674; x_wconf 83' lang='lat' dir='ltr'><strong>Livius.</strong></span> <span class='ocrx_word' id='word_1_321' title='bbox 1823 2630 1911 2675; x_wconf 87' lang='lat' dir='ltr'><strong>Sed</strong></span> <span class='ocrx_word' id='word_1_322' title='bbox 1937 2632 1994 2674; x_wconf 92' lang='lat' dir='ltr'><strong>ob</strong></span> <span class='ocrx_word' id='word_1_323' title='bbox 2018 2631 2092 2674; x_wconf 92' lang='lat' dir='ltr'><strong>lo·-</strong></span> 
     </span>
     <span class='ocr_line' id='line_1_57' title="bbox 1193 2688 2090 2738; baseline 0.003 -9"><span class='ocrx_word' id='word_1_324' title='bbox 1193 2703 1300 2730; x_wconf 90' lang='lat' dir='ltr'><strong>cum</strong></span> <span class='ocrx_word' id='word_1_325' title='bbox 1318 2688 1360 2738; x_wconf 84' lang='lat'><strong>4,</strong></span> <span class='ocrx_word' id='word_1_326' title='bbox 1378 2688 1432 2730; x_wconf 75' lang='lat'><strong>28</strong></span> <span class='ocrx_word' id='word_1_327' title='bbox 1458 2694 1500 2732; x_wconf 82' lang='lat' dir='ltr'><strong>et</strong></span> <span class='ocrx_word' id='word_1_328' title='bbox 1521 2689 1592 2733; x_wconf 75' lang='lat'><strong>29.</strong></span> <span class='ocrx_word' id='word_1_329' title='bbox 1618 2705 1775 2732; x_wconf 87' lang='lat' dir='ltr'><strong>omnes</strong></span> <span class='ocrx_word' id='word_1_330' title='bbox 1801 2689 2090 2733; x_wconf 84' lang='lat' dir='ltr'><strong>consentiunt</strong></span> 
     </span>
     <span class='ocr_line' id='line_1_58' title="bbox 1191 2745 2088 2805; baseline 0.003 -18"><span class='ocrx_word' id='word_1_331' title='bbox 1191 2745 1485 2788; x_wconf 86' lang='lat' dir='ltr'><strong>scribendum</strong></span> <span class='ocrx_word' id='word_1_332' title='bbox 1510 2761 1606 2789; x_wconf 84' lang='lat' dir='ltr'><strong>esse</strong></span> <span class='ocrx_word' id='word_1_333' title='bbox 1630 2748 1795 2789; x_wconf 80' lang='lat' dir='ltr'><strong>Vibius</strong></span> <span class='ocrx_word' id='word_1_334' title='bbox 1816 2763 1899 2805; x_wconf 91' lang='lat' dir='ltr'><strong>pro</strong></span> <span class='ocrx_word' id='word_1_335' title='bbox 1919 2747 2088 2790; x_wconf 84' lang='lat' dir='ltr'><strong>Livius.</strong></span> 
     </span>
     <span class='ocr_line' id='line_1_59' title="bbox 1191 2801 2087 2853; baseline 0.003 -10"><span class='ocrx_word' id='word_1_336' title='bbox 1191 2801 1477 2846; x_wconf 87' lang='lat' dir='ltr'><strong>Praenomen</strong></span> <span class='ocrx_word' id='word_1_337' title='bbox 1524 2804 1572 2847; x_wconf 89' lang='lat' dir='ltr'><strong>C.</strong></span> <span class='ocrx_word' id='word_1_338' title='bbox 1618 2804 1690 2847; x_wconf 88' lang='lat' dir='ltr'><strong>alii</strong></span> <span class='ocrx_word' id='word_1_339' title='bbox 1731 2806 1953 2853; x_wconf 84' lang='lat' dir='ltr'><strong>retinent,</strong></span> <span class='ocrx_word' id='word_1_340' title='bbox 2014 2804 2087 2848; x_wconf 87' lang='lat' dir='ltr'><strong>alii</strong></span> 
     </span>
     <span class='ocr_line' id='line_1_60' title="bbox 1193 2860 2088 2920; baseline 0.004 -19"><span class='ocrx_word' id='word_1_341' title='bbox 1193 2868 1367 2904; x_wconf 87' lang='lat' dir='ltr'><strong>mutant</strong></span> <span class='ocrx_word' id='word_1_342' title='bbox 1393 2860 1442 2903; x_wconf 90' lang='lat' dir='ltr'><strong>in</strong></span> <span class='ocrx_word' id='word_1_343' title='bbox 1468 2862 1524 2919; x_wconf 83' lang='lat' dir='ltr'><strong>Q.</strong></span> <span class='ocrx_word' id='word_1_344' title='bbox 1555 2870 1744 2920; x_wconf 87' lang='lat' dir='ltr'><strong>propter</strong></span> <span class='ocrx_word' id='word_1_345' title='bbox 1775 2861 1928 2906; x_wconf 89' lang='lat' dir='ltr'><strong>locum</strong></span> <span class='ocrx_word' id='word_1_346' title='bbox 1951 2862 1994 2912; x_wconf 84' lang='grc'><strong>4,</strong></span> <span class='ocrx_word' id='word_1_347' title='bbox 2016 2862 2088 2906; x_wconf 79' lang='grc'><strong>28.</strong></span> 
     </span>
    </p>
   </div>
   <div class='ocr_carea' id='block_1_18' title="bbox 1193 2917 1575 2981">
    <p class='ocr_par' dir='ltr' id='par_1_18' title="bbox 1193 2917 1575 2981">
     <span class='ocr_line' id='line_1_61' title="bbox 1193 2917 1575 2981; baseline 0.013 -22"><span class='ocrx_word' id='word_1_348' title='bbox 1193 2917 1297 2961; x_wconf 87' lang='lat' dir='ltr'><strong>Vid.</strong></span> <span class='ocrx_word' id='word_1_349' title='bbox 1323 2918 1385 2962; x_wconf 89' lang='lat' dir='ltr'><strong>ib.</strong></span> <span class='ocrx_word' id='word_1_350' title='bbox 1410 2928 1507 2964; x_wconf 89' lang='lat' dir='ltr'><strong>not.</strong></span> <span class='ocrx_word' id='word_1_351' title='bbox 1572 2975 1575 2981; x_wconf 28' lang='grc' dir='ltr'>ι</span> 
     </span>
    </p>
   </div>
   <div class='ocr_carea' id='block_1_19' title="bbox 1178 3003 2087 3636">
    <p class='ocr_par' dir='ltr' id='par_1_19' title="bbox 1178 3003 2087 3636">
     <span class='ocr_line' id='line_1_62' title="bbox 1247 3003 2087 3056; baseline 0.001 -12"><span class='ocrx_word' id='word_1_352' title='bbox 1247 3003 1529 3056; x_wconf 77' lang='lat' dir='ltr'><strong>singillatim</strong></span> <span class='ocrx_word' id='word_1_353' title='bbox 1563 3019 1616 3047; x_wconf 84' lang='lat' dir='ltr'><strong>se</strong></span> <span class='ocrx_word' id='word_1_354' title='bbox 1646 3005 1854 3047; x_wconf 76' lang='lat' dir='ltr'><strong>crimina,</strong></span> <span class='ocrx_word' id='word_1_355' title='bbox 1879 3004 2087 3046; x_wconf 85' lang='lat' dir='ltr'><strong>obiectu·-</strong></span> 
     </span>
     <span class='ocr_line' id='line_1_63' title="bbox 1190 3060 2086 3107; baseline 0.001 -6"><span class='ocrx_word' id='word_1_356' title='bbox 1190 3074 1315 3103; x_wconf 86' lang='lat' dir='ltr'><strong>rum.</strong></span> <span class='ocrx_word' id='word_1_357' title='bbox 1399 3060 1455 3103; x_wconf 91' lang='lat' dir='ltr'><strong>H.</strong></span> <span class='ocrx_word' id='word_1_358' title='bbox 1491 3077 1528 3104; x_wconf 90' lang='lat' dir='ltr'><strong>e.</strong></span> <span class='ocrx_word' id='word_1_359' title='bbox 1573 3062 1736 3106; x_wconf 86' lang='lat' dir='ltr'><strong>omissa</strong></span> <span class='ocrx_word' id='word_1_360' title='bbox 1773 3061 2010 3107; x_wconf 85' lang='lat' dir='ltr'><strong>artificiosa</strong></span> <span class='ocrx_word' id='word_1_361' title='bbox 2045 3069 2086 3103; x_wconf 82' lang='lat' dir='ltr'><strong>et</strong></span> 
     </span>
     <span class='ocr_line' id='line_1_64' title="bbox 1187 3117 2083 3175; baseline 0.003 -16"><span class='ocrx_word' id='word_1_362' title='bbox 1187 3117 1301 3160; x_wconf 88' lang='lat' dir='ltr'><strong>iusta</strong></span> <span class='ocrx_word' id='word_1_363' title='bbox 1325 3118 1637 3175; x_wconf 85' lang='lat' dir='ltr'><strong>peroratione,</strong></span> <span class='ocrx_word' id='word_1_364' title='bbox 1674 3135 1760 3172; x_wconf 86' lang='lat' dir='ltr'><strong>qua</strong></span> <span class='ocrx_word' id='word_1_365' title='bbox 1784 3128 1909 3162; x_wconf 82' lang='lat' dir='ltr'><strong>actor</strong></span> <span class='ocrx_word' id='word_1_366' title='bbox 1932 3119 2083 3162; x_wconf 85' lang='lat' dir='ltr'><strong>omnia</strong></span> 
     </span>
     <span class='ocr_line' id='line_1_65' title="bbox 1186 3174 2083 3224; baseline 0.002 -8"><span class='ocrx_word' id='word_1_367' title='bbox 1186 3174 1235 3216; x_wconf 87' lang='lat' dir='ltr'><strong>in</strong></span> <span class='ocrx_word' id='word_1_368' title='bbox 1257 3190 1398 3217; x_wconf 88' lang='lat' dir='ltr'><strong>unum</strong></span> <span class='ocrx_word' id='word_1_369' title='bbox 1426 3185 1681 3218; x_wconf 87' lang='lat' dir='ltr'><strong>contextum</strong></span> <span class='ocrx_word' id='word_1_370' title='bbox 1711 3176 1966 3224; x_wconf 87' lang='lat' dir='ltr'><strong>concinnat,</strong></span> <span class='ocrx_word' id='word_1_371' title='bbox 1990 3177 2083 3219; x_wconf 88' lang='lat' dir='ltr'><strong>sin-</strong></span> 
     </span>
     <span class='ocr_line' id='line_1_66' title="bbox 1188 3230 2081 3292; baseline 0.003 -20"><span class='ocrx_word' id='word_1_372' title='bbox 1188 3230 1289 3289; x_wconf 87' lang='lat' dir='ltr'><strong>gula</strong></span> <span class='ocrx_word' id='word_1_373' title='bbox 1323 3231 1513 3275; x_wconf 87' lang='lat' dir='ltr'><strong>crimina</strong></span> <span class='ocrx_word' id='word_1_374' title='bbox 1545 3233 1811 3292; x_wconf 82' lang='lat' dir='ltr'><strong>simpliciter</strong></span> <span class='ocrx_word' id='word_1_375' title='bbox 1841 3250 1887 3276; x_wconf 90' lang='lat' dir='ltr'><strong>se</strong></span> <span class='ocrx_word' id='word_1_376' title='bbox 1926 3232 2081 3291; x_wconf 87' lang='lat' dir='ltr'><strong>prola·-</strong></span> 
     </span>
     <span class='ocr_line' id='line_1_67' title="bbox 1186 3290 2078 3349; baseline 0.002 -19"><span class='ocrx_word' id='word_1_377' title='bbox 1186 3298 1360 3341; x_wconf 88' lang='lat' dir='ltr'><strong>turum,</strong></span> <span class='ocrx_word' id='word_1_378' title='bbox 1413 3296 1463 3331; x_wconf 85' lang='lat' dir='ltr'><strong>ut</strong></span> <span class='ocrx_word' id='word_1_379' title='bbox 1495 3305 1598 3334; x_wconf 85' lang='lat' dir='ltr'><strong>reus</strong></span> <span class='ocrx_word' id='word_1_380' title='bbox 1630 3292 1685 3334; x_wconf 84' lang='lat' dir='ltr'><strong>ad</strong></span> <span class='ocrx_word' id='word_1_381' title='bbox 1717 3290 1892 3349; x_wconf 85' lang='lat' dir='ltr'><strong>singula</strong></span> <span class='ocrx_word' id='word_1_382' title='bbox 1931 3291 2078 3334; x_wconf 77' lang='lat' dir='ltr'><strong>statim</strong></span> 
     </span>
     <span class='ocr_line' id='line_1_68' title="bbox 1183 3346 2078 3406; baseline 0.002 -17"><span class='ocrx_word' id='word_1_383' title='bbox 1183 3346 1464 3403; x_wconf 84' lang='lat' dir='ltr'><strong>respondeat.</strong></span> <span class='ocrx_word' id='word_1_384' title='bbox 1514 3347 1581 3390; x_wconf 84' lang='lat' dir='ltr'><strong>Ita</strong></span> <span class='ocrx_word' id='word_1_385' title='bbox 1599 3349 1773 3392; x_wconf 87' lang='lat' dir='ltr'><strong>etNero</strong></span> <span class='ocrx_word' id='word_1_386' title='bbox 1799 3364 2078 3406; x_wconf 87' lang='lat' dir='ltr'><strong>cognoscen-</strong></span> 
     </span>
     <span class='ocr_line' id='line_1_69' title="bbox 1180 3403 2078 3456; baseline 0.001 -11"><span class='ocrx_word' id='word_1_387' title='bbox 1180 3403 1227 3446; x_wconf 89' lang='lat' dir='ltr'><strong>di</strong></span> <span class='ocrx_word' id='word_1_388' title='bbox 1252 3420 1428 3447; x_wconf 90' lang='lat' dir='ltr'><strong>morem</strong></span> <span class='ocrx_word' id='word_1_389' title='bbox 1452 3420 1555 3447; x_wconf 90' lang='lat' dir='ltr'><strong>eum</strong></span> <span class='ocrx_word' id='word_1_390' title='bbox 1578 3408 1745 3456; x_wconf 79' lang='lat' dir='ltr'><strong>tenuit,</strong></span> <span class='ocrx_word' id='word_1_391' title='bbox 1779 3413 1828 3448; x_wconf 86' lang='lat' dir='ltr'><strong>ut</strong></span> <span class='ocrx_word' id='word_1_392' title='bbox 1852 3405 2078 3449; x_wconf 86' lang='lat' dir='ltr'><strong>continuis</strong></span> 
     </span>
     <span class='ocr_line' id='line_1_70' title="bbox 1182 3462 2074 3521; baseline 0.003 -19"><span class='ocrx_word' id='word_1_393' title='bbox 1182 3462 1432 3504; x_wconf 82' lang='lat' dir='ltr'><strong>actionibus</strong></span> <span class='ocrx_word' id='word_1_394' title='bbox 1456 3463 1630 3507; x_wconf 85' lang='lat' dir='ltr'><strong>omissis</strong></span> <span class='ocrx_word' id='word_1_395' title='bbox 1654 3462 1913 3521; x_wconf 83' lang='lat' dir='ltr'><strong>singillatim</strong></span> <span class='ocrx_word' id='word_1_396' title='bbox 1936 3478 2074 3521; x_wconf 86' lang='lat' dir='ltr'><strong>quae-</strong></span> 
     </span>
     <span class='ocr_line' id='line_1_71' title="bbox 1181 3520 2074 3619; baseline 0.002 -59"><span class='ocrx_word' id='word_1_397' title='bbox 1181 3533 1269 3574; x_wconf 88' lang='lat' dir='ltr'><strong>que</strong></span> <span class='ocrx_word' id='word_1_398' title='bbox 1282 3534 1376 3619; x_wconf 58' lang='grc' dir='ltr'><strong>ξει-</strong></span> <span class='ocrx_word' id='word_1_399' title='bbox 1398 3520 1515 3563; x_wconf 83' lang='lat' dir='ltr'><strong>vices</strong></span> <span class='ocrx_word' id='word_1_400' title='bbox 1539 3530 1701 3579; x_wconf 83' lang='lat' dir='ltr'><strong>ageret.</strong></span> <span class='ocrx_word' id='word_1_401' title='bbox 1754 3521 1813 3564; x_wconf 88' lang='lat' dir='ltr'><strong>cf.</strong></span> <span class='ocrx_word' id='word_1_402' title='bbox 1830 3520 1952 3565; x_wconf 85' lang='lat' dir='ltr'><strong>Suet.</strong></span> <span class='ocrx_word' id='word_1_403' title='bbox 1966 3520 2074 3566; x_wconf 86' lang='lat' dir='ltr'><strong>Ner.</strong></span> 
     </span>
     <span class='ocr_line' id='line_1_72' title="bbox 1178 3576 1813 3636; baseline 0.005 -17"><span class='ocrx_word' id='word_1_404' title='bbox 1178 3591 1220 3619; x_wconf 86' lang='lat' dir='ltr'><strong>c.</strong></span> <span class='ocrx_word' id='word_1_405' title='bbox 1255 3577 1275 3618; x_wconf 84' lang='lat'><em>1</em></span> <span class='ocrx_word' id='word_1_406' title='bbox 1311 3608 1321 3619; x_wconf 93' lang='lat'><strong>.</strong></span> <span class='ocrx_word' id='word_1_407' title='bbox 1352 3576 1506 3636; x_wconf 85' lang='lat' dir='ltr'><strong>ibique</strong></span> <span class='ocrx_word' id='word_1_408' title='bbox 1529 3579 1813 3636; x_wconf 85' lang='lat' dir='ltr'><strong>interpretes.</strong></span> 
     </span>
    </p>
   </div>
  </div>
 </body>
</html>
